3117 4859
349 364 400 413 ut:
416 361 714 415 CHRISTOPHORO
731 362 922 417 COLUMBO.
1125 368 1192 438 103
1243 385 1245 389 ·

94 527 234 599 oportere,
241 515 429 599 proximd'
413 536 482 579 eam
502 516 656 599 gentium
681 516 974 583 innumerabilium
976 540 1080 602 ,quae
1098 530 1196 585 antea
1251 526 1345 639 1⁶11

96 619 165 683 ad
151 619 320 685 interitum
336 629 476 699 ruerent,
489 619 604 684 salute
618 620 763 703 Quod
735 640 763 685 ει
783 621 999 688 Ferdinando
1014 631 1048 690 et
1070 586 1345 703 babel-1892.

100 724 147 787 lae
159 734 276 788 auctor
291 734 342 789 est
368 733 406 789 ut
429 743 554 788 novum
570 724 686 789 orbem
711 724 796 791 adiri
822 729 1090 812 commerciaque
1120 749 1196 795 cum

100 827 259 910 indigenis
274 827 404 891 institui
421 827 485 890 nisi
500 846 521 891 a
536 826 727 890 christianis
738 828 914 895 catholicis
926 850 968 894 ne
984 833 1107 910 sinant,
1123 852 1197 897 eam

101 930 186 995 affert
195 932 461 1014 caussam,quod
472 930 592 1013 incepto
601 941 780 1014 conatuque
793 953 851 997 suo
867 933 1084 1017 nihilpetiuit
1096 935 1201 1015 aliud,

99 1056 189 1118 pum
205 1034 375 1118 religionis
388 1034 588 1099 christianae
603 1036 838 1100 incrementum
850 1047 881 1102 et
889 1036 992 1103 decus.
1007 1038 1114 1122 quue
1131 1040 1201 1105 Isa-

101 1139 209 1217 bellae,
236 1159 324 1223 quae
340 1140 465 1204 summi
488 1138 550 1202 viri
575 1149 722 1203 mentem
754 1140 1004 1225 introspexerat
1034 1153 1071 1207 ut
1101 1163 1201 1209 nemo

103 1242 220 1321 melius,
235 1244 364 1327 optime
393 1244 588 1325 cognitum:
614 1243 720 1308 immo
745 1242 835 1310 idem
866 1244 966 1329 plane
992 1247 1201 1329 propositum

103 1346 323 1428 pientissimae
353 1356 388 1411 et
409 1344 546 1428 ingenio
575 1346 661 1409 virili
687 1366 880 1431 magnoque
910 1350 1026 1413 animo
1057 1347 1202 1413 feminae

102 1459 225 1517 constat
241 1449 351 1559 spisse.
366 1449 429 1513 Illa
444 1449 533 1513 enim
550 1449 593 1514 de
606 1448 774 1515 Columbo
790 1450 981 1531 affirmarat,
1003 1446 1152 1517 sutur'um
1165 1461 1202 1517 ut
1229 1469 1303 1527 arque
1318 1462 1372 1511 lsa-

104 1556 132 1618 in
142 1566 271 1621 vastum
284 1554 461 1621 Oceanum
473 1575 510 1618 se
522 1556 674 1619 animose
685 1556 792 1633 daret,
808 1578 876 1620 rem
885 1557 1064 1639 effecturus,
1069 1558 1277 1643 divinaem
1229 1477 1304 1577 b‘lqlz
1317 1543 1381 1592 ’φ’

99 1662 215 1745 gion'as
230 1660 356 1737 caussd,
370 1671 563 1744 magnopere
578 1659 751 1744 insignem.
763 1660 888 1725 Etad
879 1682 987 1743 ipsum
999 1662 1201 1727 Columbum

104 1767 241 1830 secundo
257 1767 424 1842 reducem,
438 1764 558 1847 optime
572 1763 745 1841 collocatos,
760 1765 886 1843 scribit,
900 1785 979 1847 quos
1004 1765 1142 1849 ipsamet
1167 1766 1202 1829 in

102 1869 308 1951 expeditiones
321 1868 456 1932 induas
460 1867 606 1949 fecisset,
621 1888 761 1951 quosque
775 1878 857 1932 esset
862 1870 1011 1951 jactura,
1026 1879 1175 1962 sumptus
1190 1892 1203 1932 .·

105 1973 171 2038 inde
185 1974 275 2037 enim
289 1974 390 2055 ampl
382 1972 574 2055 ficationem
588 1970 762 2036 catholicae
777 1972 828 2035 rei
843 1983 1094 2038 consemturam

141 2075 278 2159 Alioqui
291 2084 422 2157 praeter
444 2092 597 2138 caussam
614 2073 763 2138 humana
776 2075 947 2151 maiorem,
963 2075 1052 2137 unde
1062 2082 1132 2137 erat
1147 2073 1203 2137 ille
1253 2096 1278 2140 er
1291 2095 1363 2155 expe-

104 2178 321 2245 constantiam
349 2178 521 2261 animique
547 2177 648 2243 robur
669 2177 851 2242 hausturus
866 2179 909 2242 ad
935 2197 976 2241 ea
999 2176 1204 2260 perferenda,
1225 2155 1356 2286 ἑῇς

101 2292 329 2366 quaecoactus
344 2286 515 2365 estusque
529 2283 572 2345 ad
589 2290 782 2346 extremum
807 2280 952 2364 perferre
979 2290 1013 2345 et
1045 2280 1172 2362 perpeti
1189 2284 1202 2342 Ρ
1228 2286 1274 2337 dae
1287 2288 1362 2353 impe

102 2389 278 2453 contrarias
316 2386 535 2469 intelligimus
581 2385 788 2449 eruditorum
829 2386 1024 2462 sententias,
1054 2385 1200 2448 virorum
1227 2350 1373 2467 fam„

105 2493 285 2575 principum
313 2491 477 2574 repulsas;
493 2488 632 2554 furentis
649 2488 778 2555 Oceani
794 2499 1024 2573 tempestates,
1050 2490 1202 2553 assiduas
1227 2484 1258 2597 x
1253 2498 1302 2613 ἄν
1301 2484 1377 2597 2:12„

105 2596 234 2678 vigilias,
244 2596 366 2678 quibus
382 2614 480 2661 usum
494 2594 659 2659 luminum
675 2594 751 2676 plus
763 2595 869 2658 semel
881 2594 1003 2659 amisit.
1020 2594 1203 2657 Accessere
1227 2614 1381 2678 mnes„

105 2700 220 2781 praelia
246 2718 324 2763 cum
351 2697 510 2776 barbaris,
526 2698 711 2762 amicorum
736 2706 771 2761 et
795 2699 961 2762 sociorum
977 2694 1203 2773 infidelitates,
1228 2679 1328 2731 imm·

103 2804 340 2867 consceleratae
354 2802 630 2885 conspirationes,
642 2799 834 2865 invidorum
851 2798 1020 2881 perfidiae,
1036 2799 1202 2864 obtrecta-

103 2915 205 2972 torum
221 2906 419 2982 calumniae,
448 2906 629 2989 impositae
655 2904 828 2968 innocenti
845 2904 1035 2988 compedes,
1052 2902 1202 2969 Omnino

106 3032 230 3077 necesse
245 3011 374 3076 homini
402 3019 474 3075 erat
502 3008 673 3074 laboribus
705 3017 822 3073 tantae
843 3008 940 3072 molis
952 3028 991 3072 ac
1007 3018 1103 3073 tanto
1124 3028 1202 3071 con-

102 3136 191 3182 cursu
204 3118 431 3193 succumbere,
445 3117 509 3179 nisi
525 3134 562 3179 se
581 3114 654 3198 ipse
670 3114 877 3179 conscientia
899 3122 1118 3180 sustentasset
1130 3112 1202 3197 pul·

102 3219 248 3283 cherrimi
264 3219 355 3297 iacti,
370 3220 461 3301 quod
479 3218 607 3282 nomini
632 3217 816 3281 christiano
828 3215 1022 3299 gloriosum,
1038 3225 1138 3299 atque
1154 3217 1203 3279 in·

107 3320 211 3386 finitae
224 3321 431 3387 multitudini
448 3320 594 3386 salutare
611 3320 836 3403 perspiciebat
859 3320 938 3385 sore.
954 3354 998 3364 —
1014 3320 1115 3403 Quod
1132 3320 1204 3403 qui·
1229 3334 1369 3441 temporum

106 3424 174 3489 dem
205 3425 369 3491 iactum
361 3446 433 3510 ipsa
474 3426 635 3509 temporis
666 3425 829 3489 adiuncta
860 3422 997 3489 mirifice
1028 3423 1204 3488 illustrant
1229 3391 1383 3522 [0ζῶξῖ

104 3526 271 3612 Siquidem
289 3530 483 3595 Americarn
501 3528 688 3595 Columbus
700 3528 832 3609 aperuit
846 3547 916 3611 quo
932 3538 1084 3610 tempore
1099 3548 1204 3610 prope
1229 3523 1356 3638 02⁶⁸,ssssss

107 3644 171 3699 erat
185 3644 222 3699 ut
234 3654 357 3717 magna
372 3637 406 3699 in
424 3634 614 3699 Ecclesiam
631 3631 778 3717 procella
793 3632 1011 3697 incumberet.
1030 3632 1203 3717 Quantum
1230 3654 1352 3703 nusum
1341 3668 1371 3701 m

108 3734 200 3817 igitur
213 3754 257 3801 ex
270 3756 378 3801 rerum
396 3738 525 3802 eventis
534 3736 668 3800 drvmae
684 3734 958 3816 providentiae
926 3754 998 3798 vias
1010 3734 1205 3799 existimare
1227 3721 1291 3863 ἶ*
1310 3783 1380 3833 m

106 3838 226 3903 bomini
241 3840 327 3915 licet,
339 3860 416 3904 vere
446 3838 606 3922 singulari
620 3837 686 3901 Dei
712 3838 854 3903 consilio
880 3846 978 3902 natus
995 3837 1127 3903 videtur
1149 3836 1205 3900 ille
1230 3851 1334 3900 riuum

111 3942 257 4025 Liguriae
285 3954 525 4009 ornamentum
555 3946 598 4008 ad
624 3963 674 4020 ea,
700 3962 787 4026 quae
813 3942 980 4006 catholico
1008 3942 1136 4005 nomini
1163 3942 1207 4005 ab
1231 3910 1361 4031 w?

111 4044 238 4128 Europa
252 4046 495 4130 impenderent,
510 4045 715 4111 detrimenta
730 4047 912 4109 sarcienda.
1231 4045 1363 4095 Amencae

148 4148 273 4214 Vocare
289 4149 452 4214 Indorum
476 4169 582 4233 genus
598 4152 642 4213 ad
659 4150 813 4214 instituta
835 4149 1024 4226 christiana,
1034 4156 1105 4212 erat
1132 4170 1206 4230 pro·
1228 4116 1365 4233 {5:52³ss

112 4252 192 4318 lecto
208 4252 379 4319 Ecclesiae
392 4274 515 4319 munus
527 4266 629 4337 atque
644 4274 739 4338 opus
755 4252 856 4338 Quod
877 4252 933 4317 illa
951 4272 1071 4317 munus
1093 4254 1207 4316 statim
1230 4241 1376 4357 ffl'd‘m

114 4376 132 4417 a
154 4358 313 4440 principio
336 4357 543 4436 inchoatum,
560 4358 713 4421 insistere
738 4368 902 4441 perpetuo
923 4354 1071 4419 caritatis
1094 4366 1209 4418 tenore
