<?xml version="1.0" encoding="UTF-8"?>
<!DOCTYPE html PUBLIC "-//W3C//DTD XHTML 1.0 Transitional//EN"
    "http://www.w3.org/TR/xhtml1/DTD/xhtml1-transitional.dtd">
<html xmlns="http://www.w3.org/1999/xhtml" xml:lang="en" lang="en">
 <head>
  <title>
</title>
<meta http-equiv="Content-Type" content="text/html;charset=utf-8" />
  <meta name='ocr-system' content='tesseract 3.04.00' />
  <meta name='ocr-capabilities' content='ocr_page ocr_carea ocr_par ocr_line ocrx_word'/>
</head>
<body>
  <div class='ocr_page' id='page_1' title='image "./sanctissimidomi04xiiigoog_0447.png"; bbox 0 0 3117 4859; ppageno 0'>
   <div class='ocr_carea' id='block_1_1' title="bbox 779 321 2527 394">
    <p class='ocr_par' dir='ltr' id='par_1_1' title="bbox 779 321 2527 394">
     <span class='ocr_line' id='line_1_1' title="bbox 779 321 2527 394; baseline 0 -20"><span class='ocrx_word' id='word_1_1' title='bbox 779 324 884 374; x_wconf 79' lang='lat' dir='ltr'><strong>DE</strong></span> <span class='ocrx_word' id='word_1_2' title='bbox 936 322 1182 375; x_wconf 81' lang='lat' dir='ltr'>CAUSA</span> <span class='ocrx_word' id='word_1_3' title='bbox 1235 324 1536 375; x_wconf 79' lang='lat' dir='ltr'><strong>soctALl</strong></span> <span class='ocrx_word' id='word_1_4' title='bbox 1594 325 1678 375; x_wconf 78' lang='lat' dir='ltr'><strong>m</strong></span> <span class='ocrx_word' id='word_1_5' title='bbox 1736 323 2035 375; x_wconf 81' lang='lat' dir='ltr'>BELGIO.</span> <span class='ocrx_word' id='word_1_6' title='bbox 2435 321 2527 394; x_wconf 89' lang='lat'><strong>79</strong></span> 
     </span>
    </p>
   </div>
   <div class='ocr_carea' id='block_1_2' title="bbox 293 468 2879 3985">
    <p class='ocr_par' dir='ltr' id='par_1_2' title="bbox 293 468 2879 3778">
     <span class='ocr_line' id='line_1_2' title="bbox 300 468 2761 553; baseline -0 -23"><span class='ocrx_word' id='word_1_7' title='bbox 300 468 498 544; x_wconf 90' lang='lat' dir='ltr'><strong>acti0‚</strong></span> <span class='ocrx_word' id='word_1_8' title='bbox 520 470 757 533; x_wconf 89' lang='lat' dir='ltr'><strong>iisdem</strong></span> <span class='ocrx_word' id='word_1_9' title='bbox 787 470 1089 551; x_wconf 83' lang='lat' dir='ltr'><strong>profecta</strong></span> <span class='ocrx_word' id='word_1_10' title='bbox 1121 469 1348 546; x_wconf 88' lang='lat' dir='ltr'><strong>initiis,</strong></span> <span class='ocrx_word' id='word_1_11' title='bbox 1369 469 1748 552; x_wconf 84' lang='lat' dir='ltr'>iisdemque</span> <span class='ocrx_word' id='word_1_12' title='bbox 1781 469 1922 547; x_wconf 87' lang='lat' dir='ltr'><strong>viis,</strong></span> <span class='ocrx_word' id='word_1_13' title='bbox 1953 471 2175 553; x_wconf 88' lang='lat' dir='ltr'><strong>quoad</strong></span> <span class='ocrx_word' id='word_1_14' title='bbox 2211 468 2349 534; x_wconf 89' lang='lat' dir='ltr'><strong>fieri</strong></span> <span class='ocrx_word' id='word_1_15' title='bbox 2377 491 2526 551; x_wconf 88' lang='lat' dir='ltr'><strong>pos·</strong></span> <span class='ocrx_word' id='word_1_16' title='bbox 2698 495 2761 530; x_wconf 83' lang='lat'><strong>10</strong></span> 
     </span>
     <span class='ocr_line' id='line_1_3' title="bbox 301 542 2818 659; baseline 0.005 -25"><span class='ocrx_word' id='word_1_17' title='bbox 301 572 407 650; x_wconf 89' lang='lat' dir='ltr'><strong>sit,</strong></span> <span class='ocrx_word' id='word_1_18' title='bbox 437 573 750 650; x_wconf 87' lang='lat' dir='ltr'><strong>deducta,</strong></span> <span class='ocrx_word' id='word_1_19' title='bbox 782 574 1159 656; x_wconf 81' lang='lat' dir='ltr'><strong>explicetur</strong></span> <span class='ocrx_word' id='word_1_20' title='bbox 1191 573 1442 656; x_wconf 92' lang='lat' dir='ltr'><strong>ubique</strong></span> <span class='ocrx_word' id='word_1_21' title='bbox 1471 593 1627 651; x_wconf 89' lang='lat' dir='ltr'><strong>una,</strong></span> <span class='ocrx_word' id='word_1_22' title='bbox 1658 583 2153 657; x_wconf 83' lang='lat' dir='ltr'><strong>proptereaque</strong></span> <span class='ocrx_word' id='word_1_23' title='bbox 2206 585 2271 639; x_wconf 91' lang='lat' dir='ltr'><strong>et</strong></span> <span class='ocrx_word' id='word_1_24' title='bbox 2320 574 2528 639; x_wconf 88' lang='lat' dir='ltr'><strong>hone·</strong></span> <span class='ocrx_word' id='word_1_25' title='bbox 2641 542 2818 659; x_wconf 53' lang='grc' dir='ltr'><strong>1ιῖεὲ</strong></span> 
     </span>
     <span class='ocr_line' id='line_1_4' title="bbox 303 678 2527 760; baseline 0.003 -21"><span class='ocrx_word' id='word_1_26' title='bbox 303 684 480 741; x_wconf 88' lang='lat' dir='ltr'><strong>state</strong></span> <span class='ocrx_word' id='word_1_27' title='bbox 501 687 798 760; x_wconf 89' lang='lat' dir='ltr'><strong>praestet</strong></span> <span class='ocrx_word' id='word_1_28' title='bbox 819 687 885 740; x_wconf 88' lang='lat' dir='ltr'><strong>et</strong></span> <span class='ocrx_word' id='word_1_29' title='bbox 907 678 1144 742; x_wconf 84' lang='lat' dir='ltr'>robore</span> <span class='ocrx_word' id='word_1_30' title='bbox 1163 678 1390 760; x_wconf 86' lang='lat' dir='ltr'><strong>vigeat</strong></span> <span class='ocrx_word' id='word_1_31' title='bbox 1413 688 1481 743; x_wconf 89' lang='lat' dir='ltr'><strong>et</strong></span> <span class='ocrx_word' id='word_1_32' title='bbox 1501 678 1739 743; x_wconf 88' lang='lat' dir='ltr'><strong>solidis</strong></span> <span class='ocrx_word' id='word_1_33' title='bbox 1758 678 2086 742; x_wconf 86' lang='lat' dir='ltr'><strong>redundet</strong></span> <span class='ocrx_word' id='word_1_34' title='bbox 2109 678 2527 746; x_wconf 78' lang='lat' dir='ltr'>utilitatibus,</span> 
     </span>
     <span class='ocr_line' id='line_1_5' title="bbox 303 779 2878 869; baseline 0.001 -25"><span class='ocrx_word' id='word_1_35' title='bbox 303 780 755 864; x_wconf 82' lang='lat' dir='ltr'><strong>Nequaquam</strong></span> <span class='ocrx_word' id='word_1_36' title='bbox 787 801 949 846; x_wconf 88' lang='lat' dir='ltr'><strong>vero</strong></span> <span class='ocrx_word' id='word_1_37' title='bbox 980 783 1047 847; x_wconf 94' lang='lat' dir='ltr'><strong>id</strong></span> <span class='ocrx_word' id='word_1_38' title='bbox 1081 785 1454 847; x_wconf 90' lang='lat' dir='ltr'><strong>secundum</strong></span> <span class='ocrx_word' id='word_1_39' title='bbox 1476 792 1639 847; x_wconf 88' lang='lat' dir='ltr'><strong>vota</strong></span> <span class='ocrx_word' id='word_1_40' title='bbox 1671 779 1805 860; x_wconf 86' lang='lat' dir='ltr'><strong>fiet,</strong></span> <span class='ocrx_word' id='word_1_41' title='bbox 1828 783 1956 847; x_wconf 89' lang='lat' dir='ltr'><strong>nisi</strong></span> <span class='ocrx_word' id='word_1_42' title='bbox 1987 781 2321 861; x_wconf 86' lang='lat' dir='ltr'>catholici,</span> <span class='ocrx_word' id='word_1_43' title='bbox 2342 786 2526 866; x_wconf 92' lang='lat' dir='ltr'><strong>quod</strong></span> <span class='ocrx_word' id='word_1_44' title='bbox 2579 814 2725 869; x_wconf 73' lang='lat' dir='ltr'><strong>atque</strong></span> <span class='ocrx_word' id='word_1_45' title='bbox 2740 809 2878 856; x_wconf 61' lang='lat' dir='ltr'><strong>me.</strong></span> 
     </span>
     <span class='ocr_line' id='line_1_6' title="bbox 305 869 2661 971; baseline 0.001 -22"><span class='ocrx_word' id='word_1_46' title='bbox 305 885 772 970; x_wconf 84' lang='lat' dir='ltr'><strong>maximopere</strong></span> <span class='ocrx_word' id='word_1_47' title='bbox 802 887 1237 966; x_wconf 90' lang='lat' dir='ltr'><strong>inculcamus,</strong></span> <span class='ocrx_word' id='word_1_48' title='bbox 1270 887 1556 971; x_wconf 90' lang='lat' dir='ltr'><strong>propriis</strong></span> <span class='ocrx_word' id='word_1_49' title='bbox 1592 887 1893 971; x_wconf 89' lang='lat' dir='ltr'><strong>ipsorum</strong></span> <span class='ocrx_word' id='word_1_50' title='bbox 1925 887 2356 970; x_wconf 88' lang='lat' dir='ltr'>opinionibus</span> <span class='ocrx_word' id='word_1_51' title='bbox 2387 898 2528 952; x_wconf 88' lang='lat' dir='ltr'><strong>stu·</strong></span> <span class='ocrx_word' id='word_1_52' title='bbox 2580 869 2661 924; x_wconf 46' lang='grc' dir='ltr'><strong>Μ’·</strong></span> 
     </span>
     <span class='ocr_line' id='line_1_7' title="bbox 302 989 2526 1074; baseline 0.001 -21"><span class='ocrx_word' id='word_1_53' title='bbox 302 989 564 1073; x_wconf 91' lang='lat' dir='ltr'><strong>diisque</strong></span> <span class='ocrx_word' id='word_1_54' title='bbox 612 991 1035 1073; x_wconf 89' lang='lat' dir='ltr'><strong>posthabitis,</strong></span> <span class='ocrx_word' id='word_1_55' title='bbox 1085 1011 1165 1055; x_wconf 92' lang='lat' dir='ltr'><strong>ea</strong></span> <span class='ocrx_word' id='word_1_56' title='bbox 1215 992 1534 1055; x_wconf 87' lang='lat' dir='ltr'><strong>studeant</strong></span> <span class='ocrx_word' id='word_1_57' title='bbox 1586 990 1785 1055; x_wconf 88' lang='lat' dir='ltr'><strong>unice</strong></span> <span class='ocrx_word' id='word_1_58' title='bbox 1834 991 2272 1074; x_wconf 87' lang='lat' dir='ltr'><strong>impenseque</strong></span> <span class='ocrx_word' id='word_1_59' title='bbox 2320 996 2526 1056; x_wconf 73' lang='lat' dir='ltr'><strong>velint</strong></span> 
     </span>
     <span class='ocr_line' id='line_1_8' title="bbox 299 1093 2526 1176; baseline 0.002 -20"><span class='ocrx_word' id='word_1_60' title='bbox 299 1112 769 1176; x_wconf 91' lang='lat' dir='ltr'><strong>quaecumque</strong></span> <span class='ocrx_word' id='word_1_61' title='bbox 788 1094 1008 1158; x_wconf 88' lang='lat' dir='ltr'><strong>verius</strong></span> <span class='ocrx_word' id='word_1_62' title='bbox 1040 1093 1128 1157; x_wconf 91' lang='lat' dir='ltr'><strong>ad</strong></span> <span class='ocrx_word' id='word_1_63' title='bbox 1160 1112 1521 1158; x_wconf 88' lang='lat' dir='ltr'><strong>commune</strong></span> <span class='ocrx_word' id='word_1_64' title='bbox 1553 1093 1808 1159; x_wconf 90' lang='lat' dir='ltr'><strong>bonum</strong></span> <span class='ocrx_word' id='word_1_65' title='bbox 1842 1094 2221 1158; x_wconf 88' lang='lat' dir='ltr'><strong>conducere</strong></span> <span class='ocrx_word' id='word_1_66' title='bbox 2252 1094 2526 1160; x_wconf 78' lang='lat' dir='ltr'><strong>videan—</strong></span> 
     </span>
     <span class='ocr_line' id='line_1_9' title="bbox 299 1196 2526 1281; baseline 0.002 -21"><span class='ocrx_word' id='word_1_67' title='bbox 299 1206 424 1262; x_wconf 88' lang='lat' dir='ltr'><strong>tur.</strong></span> <span class='ocrx_word' id='word_1_68' title='bbox 463 1197 617 1261; x_wconf 89' lang='lat' dir='ltr'><strong>Hoc</strong></span> <span class='ocrx_word' id='word_1_69' title='bbox 648 1207 772 1277; x_wconf 90' lang='lat' dir='ltr'><strong>est,</strong></span> <span class='ocrx_word' id='word_1_70' title='bbox 803 1197 1061 1262; x_wconf 84' lang='lat' dir='ltr'><strong>efficere</strong></span> <span class='ocrx_word' id='word_1_71' title='bbox 1093 1208 1166 1264; x_wconf 92' lang='lat' dir='ltr'><strong>ut</strong></span> <span class='ocrx_word' id='word_1_72' title='bbox 1199 1198 1436 1280; x_wconf 86' lang='lat' dir='ltr'><strong>religio</strong></span> <span class='ocrx_word' id='word_1_73' title='bbox 1467 1198 1723 1262; x_wconf 89' lang='lat' dir='ltr'><strong>honore</strong></span> <span class='ocrx_word' id='word_1_74' title='bbox 1756 1196 2120 1281; x_wconf 87' lang='lat' dir='ltr'><strong>praecellat</strong></span> <span class='ocrx_word' id='word_1_75' title='bbox 2151 1217 2291 1275; x_wconf 90' lang='lat' dir='ltr'><strong>suo,</strong></span> <span class='ocrx_word' id='word_1_76' title='bbox 2322 1200 2526 1264; x_wconf 73' lang='lat' dir='ltr'><strong>virtu-</strong></span> 
     </span>
     <span class='ocr_line' id='line_1_10' title="bbox 299 1293 2530 1385; baseline 0.002 -21"><span class='ocrx_word' id='word_1_77' title='bbox 299 1311 576 1385; x_wconf 90' lang='lat' dir='ltr'><strong>temque</strong></span> <span class='ocrx_word' id='word_1_78' title='bbox 622 1293 960 1366; x_wconf 82' lang='lat' dir='ltr'><strong>diffundat</strong></span> <span class='ocrx_word' id='word_1_79' title='bbox 1009 1301 1304 1379; x_wconf 89' lang='lat' dir='ltr'><strong>insitam,</strong></span> <span class='ocrx_word' id='word_1_80' title='bbox 1352 1302 1445 1365; x_wconf 92' lang='lat' dir='ltr'><strong>rei</strong></span> <span class='ocrx_word' id='word_1_81' title='bbox 1507 1321 1781 1385; x_wconf 91' lang='lat' dir='ltr'><strong>quoque</strong></span> <span class='ocrx_word' id='word_1_82' title='bbox 1839 1301 2036 1379; x_wconf 88' lang='lat' dir='ltr'><strong>civili,</strong></span> <span class='ocrx_word' id='word_1_83' title='bbox 2098 1301 2530 1380; x_wconf 68' lang='lat' dir='ltr'><strong>domesticae,</strong></span> 
     </span>
     <span class='ocr_line' id='line_1_11' title="bbox 301 1403 2526 1489; baseline 0.004 -24"><span class='ocrx_word' id='word_1_84' title='bbox 301 1405 776 1469; x_wconf 88' lang='lat' dir='ltr'><strong>oeconomicae</strong></span> <span class='ocrx_word' id='word_1_85' title='bbox 809 1403 1087 1469; x_wconf 88' lang='lat' dir='ltr'><strong>mirifice</strong></span> <span class='ocrx_word' id='word_1_86' title='bbox 1118 1404 1479 1470; x_wconf 90' lang='lat' dir='ltr'><strong>salutarem</strong></span> <span class='ocrx_word' id='word_1_87' title='bbox 1506 1429 1521 1469; x_wconf 91' lang='lat'><strong>:</strong></span> <span class='ocrx_word' id='word_1_88' title='bbox 1556 1415 1634 1470; x_wconf 92' lang='lat' dir='ltr'><strong>ut</strong></span> <span class='ocrx_word' id='word_1_89' title='bbox 1664 1406 1731 1469; x_wconf 92' lang='lat' dir='ltr'><strong>in</strong></span> <span class='ocrx_word' id='word_1_90' title='bbox 1763 1405 2185 1470; x_wconf 89' lang='lat' dir='ltr'><strong>auctoritatis</strong></span> <span class='ocrx_word' id='word_1_91' title='bbox 2217 1406 2526 1489; x_wconf 76' lang='lat' dir='ltr'><strong>publi-:ae</strong></span> 
     </span>
     <span class='ocr_line' id='line_1_12' title="bbox 302 1507 2526 1592; baseline 0.002 -21"><span class='ocrx_word' id='word_1_92' title='bbox 302 1507 783 1592; x_wconf 84' lang='lat' dir='ltr'><strong>libertatisque,</strong></span> <span class='ocrx_word' id='word_1_93' title='bbox 812 1509 1181 1574; x_wconf 89' lang='lat' dir='ltr'><strong>christiano</strong></span> <span class='ocrx_word' id='word_1_94' title='bbox 1232 1529 1437 1588; x_wconf 87' lang='lat' dir='ltr'><strong>more,</strong></span> <span class='ocrx_word' id='word_1_95' title='bbox 1485 1510 1979 1586; x_wconf 86' lang='lat' dir='ltr'><strong>conciliatione,</strong></span> <span class='ocrx_word' id='word_1_96' title='bbox 2010 1519 2145 1574; x_wconf 89' lang='lat' dir='ltr'><strong>stet</strong></span> <span class='ocrx_word' id='word_1_97' title='bbox 2190 1510 2526 1576; x_wconf 75' lang='lat' dir='ltr'><strong>incolume</strong></span> 
     </span>
     <span class='ocr_line' id='line_1_13' title="bbox 302 1613 2526 1696; baseline -0 -19"><span class='ocrx_word' id='word_1_98' title='bbox 302 1632 345 1677; x_wconf 93' lang='lat' dir='ltr'><strong>a</strong></span> <span class='ocrx_word' id='word_1_99' title='bbox 379 1613 714 1678; x_wconf 88' lang='lat' dir='ltr'><strong>seditione</strong></span> <span class='ocrx_word' id='word_1_100' title='bbox 767 1633 1047 1695; x_wconf 87' lang='lat' dir='ltr'><strong>regnum</strong></span> <span class='ocrx_word' id='word_1_101' title='bbox 1099 1633 1178 1678; x_wconf 95' lang='lat' dir='ltr'><strong>ac</strong></span> <span class='ocrx_word' id='word_1_102' title='bbox 1234 1614 1726 1696; x_wconf 86' lang='lat' dir='ltr'><strong>tranquillitate</strong></span> <span class='ocrx_word' id='word_1_103' title='bbox 1778 1614 2111 1678; x_wconf 89' lang='lat' dir='ltr'><strong>munitum</strong></span> <span class='ocrx_word' id='word_1_104' title='bbox 2138 1637 2153 1678; x_wconf 90' lang='lat'><strong>:</strong></span> <span class='ocrx_word' id='word_1_105' title='bbox 2214 1623 2287 1678; x_wconf 92' lang='lat' dir='ltr'><strong>ut</strong></span> <span class='ocrx_word' id='word_1_106' title='bbox 2346 1616 2526 1676; x_wconf 71' lang='lat' dir='ltr'><strong>bena</strong></span> 
     </span>
     <span class='ocr_line' id='line_1_14' title="bbox 301 1716 2526 1794; baseline 0 -15"><span class='ocrx_word' id='word_1_107' title='bbox 301 1716 594 1781; x_wconf 88' lang='lat' dir='ltr'><strong>civitatis</strong></span> <span class='ocrx_word' id='word_1_108' title='bbox 628 1718 959 1794; x_wconf 90' lang='lat' dir='ltr'><strong>instituta,</strong></span> <span class='ocrx_word' id='word_1_109' title='bbox 979 1718 1278 1782; x_wconf 84' lang='lat' dir='ltr'><strong>maxime</strong></span> <span class='ocrx_word' id='word_1_110' title='bbox 1303 1718 1838 1782; x_wconf 89' lang='lat' dir='ltr'><strong>adolescentium</strong></span> <span class='ocrx_word' id='word_1_111' title='bbox 1872 1717 2161 1794; x_wconf 89' lang='lat' dir='ltr'><strong>scholae,</strong></span> <span class='ocrx_word' id='word_1_112' title='bbox 2187 1718 2251 1780; x_wconf 93' lang='lat' dir='ltr'><strong>in</strong></span> <span class='ocrx_word' id='word_1_113' title='bbox 2289 1720 2526 1781; x_wconf 73' lang='lat' dir='ltr'><strong>melius</strong></span> 
     </span>
     <span class='ocr_line' id='line_1_15' title="bbox 303 1820 2530 1908; baseline 0.002 -25"><span class='ocrx_word' id='word_1_114' title='bbox 303 1820 758 1902; x_wconf 88' lang='lat' dir='ltr'><strong>provehantur</strong></span> <span class='ocrx_word' id='word_1_115' title='bbox 772 1843 789 1900; x_wconf 90' lang='lat'>;</span> <span class='ocrx_word' id='word_1_116' title='bbox 822 1822 1191 1904; x_wconf 90' lang='lat' dir='ltr'><strong>meliusque</strong></span> <span class='ocrx_word' id='word_1_117' title='bbox 1224 1824 1312 1886; x_wconf 89' lang='lat' dir='ltr'><strong>sit</strong></span> <span class='ocrx_word' id='word_1_118' title='bbox 1355 1822 1779 1887; x_wconf 88' lang='lat' dir='ltr'><strong>commerciis</strong></span> <span class='ocrx_word' id='word_1_119' title='bbox 1819 1830 2023 1905; x_wconf 88' lang='lat' dir='ltr'><strong>atque</strong></span> <span class='ocrx_word' id='word_1_120' title='bbox 2076 1823 2350 1896; x_wconf 79' lang='lat' dir='ltr'><strong>artibus,</strong></span> <span class='ocrx_word' id='word_1_121' title='bbox 2402 1844 2530 1908; x_wconf 75' lang='lat' dir='ltr'><strong>ope</strong></span> 
     </span>
     <span class='ocr_line' id='line_1_16' title="bbox 302 1926 2526 2010; baseline 0.002 -22"><span class='ocrx_word' id='word_1_122' title='bbox 302 1927 694 2006; x_wconf 87' lang='lat' dir='ltr'><strong>praesertim</strong></span> <span class='ocrx_word' id='word_1_123' title='bbox 757 1927 1181 2005; x_wconf 88' lang='lat' dir='ltr'><strong>societatum,</strong></span> <span class='ocrx_word' id='word_1_124' title='bbox 1222 1946 1398 2010; x_wconf 91' lang='lat' dir='ltr'><strong>quae</strong></span> <span class='ocrx_word' id='word_1_125' title='bbox 1447 1926 1629 2008; x_wconf 89' lang='lat' dir='ltr'><strong>apud</strong></span> <span class='ocrx_word' id='word_1_126' title='bbox 1684 1946 1806 1989; x_wconf 88' lang='lat' dir='ltr'><strong>vos</strong></span> <span class='ocrx_word' id='word_1_127' title='bbox 1860 1935 2299 1990; x_wconf 88' lang='lat' dir='ltr'><strong>numerantur</strong></span> <span class='ocrx_word' id='word_1_128' title='bbox 2346 1928 2526 1992; x_wconf 70' lang='lat' dir='ltr'><strong>varie</strong></span> 
     </span>
     <span class='ocr_line' id='line_1_17' title="bbox 302 2029 2526 2114; baseline 0.001 -24"><span class='ocrx_word' id='word_1_129' title='bbox 302 2029 653 2112; x_wconf 90' lang='lat' dir='ltr'><strong>proposito</strong></span> <span class='ocrx_word' id='word_1_130' title='bbox 702 2030 973 2108; x_wconf 91' lang='lat' dir='ltr'><strong>multae,</strong></span> <span class='ocrx_word' id='word_1_131' title='bbox 1027 2050 1334 2114; x_wconf 91' lang='lat' dir='ltr'><strong>quaeque</strong></span> <span class='ocrx_word' id='word_1_132' title='bbox 1382 2039 1762 2112; x_wconf 89' lang='lat' dir='ltr'><strong>augeantur</strong></span> <span class='ocrx_word' id='word_1_133' title='bbox 1807 2029 2109 2113; x_wconf 88' lang='lat' dir='ltr'><strong>optabile</strong></span> <span class='ocrx_word' id='word_1_134' title='bbox 2152 2039 2274 2105; x_wconf 87' lang='lat' dir='ltr'><strong>est,</strong></span> <span class='ocrx_word' id='word_1_135' title='bbox 2324 2032 2526 2092; x_wconf 73' lang='lat' dir='ltr'><strong>medo</strong></span> 
     </span>
     <span class='ocr_line' id='line_1_18' title="bbox 298 2131 2526 2218; baseline 0.002 -24"><span class='ocrx_word' id='word_1_136' title='bbox 298 2131 622 2215; x_wconf 85' lang='lat' dir='ltr'><strong>religione</strong></span> <span class='ocrx_word' id='word_1_137' title='bbox 652 2135 926 2217; x_wconf 87' lang='lat' dir='ltr'><strong>auspice</strong></span> <span class='ocrx_word' id='word_1_138' title='bbox 965 2144 1033 2200; x_wconf 92' lang='lat' dir='ltr'><strong>et</strong></span> <span class='ocrx_word' id='word_1_139' title='bbox 1067 2134 1361 2200; x_wconf 85' lang='lat' dir='ltr'><strong>fautrice.</strong></span> <span class='ocrx_word' id='word_1_140' title='bbox 1399 2134 1643 2218; x_wconf 91' lang='lat' dir='ltr'><strong>Neque</strong></span> <span class='ocrx_word' id='word_1_141' title='bbox 1676 2132 1839 2198; x_wconf 87' lang='lat' dir='ltr'><strong>illud</strong></span> <span class='ocrx_word' id='word_1_142' title='bbox 1873 2144 1976 2200; x_wconf 89' lang='lat' dir='ltr'><strong>est</strong></span> <span class='ocrx_word' id='word_1_143' title='bbox 2024 2134 2358 2212; x_wconf 80' lang='lat' dir='ltr'><strong>ultimum,</strong></span> <span class='ocrx_word' id='word_1_144' title='bbox 2390 2136 2526 2198; x_wconf 84' lang='lat' dir='ltr'><strong>effi-</strong></span> 
     </span>
     <span class='ocr_line' id='line_1_19' title="bbox 299 2238 2526 2322; baseline 0.001 -24"><span class='ocrx_word' id='word_1_145' title='bbox 299 2253 448 2298; x_wconf 92' lang='lat' dir='ltr'><strong>cere</strong></span> <span class='ocrx_word' id='word_1_146' title='bbox 490 2247 564 2301; x_wconf 94' lang='lat' dir='ltr'><strong>ut</strong></span> <span class='ocrx_word' id='word_1_147' title='bbox 606 2258 740 2321; x_wconf 93' lang='lat' dir='ltr'><strong>qua</strong></span> <span class='ocrx_word' id='word_1_148' title='bbox 789 2238 989 2322; x_wconf 90' lang='lat' dir='ltr'><strong>plane</strong></span> <span class='ocrx_word' id='word_1_149' title='bbox 1042 2239 1236 2303; x_wconf 91' lang='lat' dir='ltr'><strong>decet</strong></span> <span class='ocrx_word' id='word_1_150' title='bbox 1269 2239 1675 2303; x_wconf 86' lang='lat' dir='ltr'><strong>verecundia</strong></span> <span class='ocrx_word' id='word_1_151' title='bbox 1705 2238 2215 2321; x_wconf 87' lang='lat' dir='ltr'><strong>obtemperetur</strong></span> <span class='ocrx_word' id='word_1_152' title='bbox 2245 2240 2526 2301; x_wconf 75' lang='lat' dir='ltr'><strong>summis</strong></span> 
     </span>
     <span class='ocr_line' id='line_1_20' title="bbox 301 2337 2526 2425; baseline 0.001 -23"><span class='ocrx_word' id='word_1_153' title='bbox 301 2337 431 2403; x_wconf 89' lang='lat' dir='ltr'><strong>Dei</strong></span> <span class='ocrx_word' id='word_1_154' title='bbox 458 2341 774 2420; x_wconf 77' lang='lat' dir='ltr'><strong>consiliiS,</strong></span> <span class='ocrx_word' id='word_1_155' title='bbox 803 2343 1011 2425; x_wconf 91' lang='lat' dir='ltr'><strong>quiin</strong></span> <span class='ocrx_word' id='word_1_156' title='bbox 1038 2344 1528 2407; x_wconf 89' lang='lat' dir='ltr'><strong>communitate</strong></span> <span class='ocrx_word' id='word_1_157' title='bbox 1556 2343 1821 2425; x_wconf 86' lang='lat' dir='ltr'><strong>generis</strong></span> <span class='ocrx_word' id='word_1_158' title='bbox 1851 2342 2132 2406; x_wconf 88' lang='lat' dir='ltr'><strong>humani</strong></span> <span class='ocrx_word' id='word_1_159' title='bbox 2156 2362 2302 2407; x_wconf 89' lang='lat' dir='ltr'><strong>esse</strong></span> <span class='ocrx_word' id='word_1_160' title='bbox 2338 2344 2526 2404; x_wconf 69' lang='lat' dir='ltr'><strong>iussit</strong></span> 
     </span>
     <span class='ocr_line' id='line_1_21' title="bbox 297 2443 2522 2531; baseline 0.002 -27"><span class='ocrx_word' id='word_1_161' title='bbox 297 2443 612 2510; x_wconf 89' lang='lat' dir='ltr'><strong>classium</strong></span> <span class='ocrx_word' id='word_1_162' title='bbox 663 2447 1131 2530; x_wconf 89' lang='lat' dir='ltr'><strong>disparitatem</strong></span> <span class='ocrx_word' id='word_1_163' title='bbox 1183 2456 1251 2512; x_wconf 90' lang='lat' dir='ltr'><strong>et</strong></span> <span class='ocrx_word' id='word_1_164' title='bbox 1301 2447 1672 2531; x_wconf 82' lang='lat' dir='ltr'><strong>quamdam</strong></span> <span class='ocrx_word' id='word_1_165' title='bbox 1725 2446 1901 2511; x_wconf 91' lang='lat' dir='ltr'><strong>inter</strong></span> <span class='ocrx_word' id='word_1_166' title='bbox 1953 2447 2133 2529; x_wconf 89' lang='lat' dir='ltr'><strong>ipsas</strong></span> <span class='ocrx_word' id='word_1_167' title='bbox 2173 2466 2264 2509; x_wconf 87' lang='lat' dir='ltr'><strong>ex</strong></span> <span class='ocrx_word' id='word_1_168' title='bbox 2306 2448 2522 2512; x_wconf 74' lang='lat' dir='ltr'><strong>amica</strong></span> 
     </span>
     <span class='ocr_line' id='line_1_22' title="bbox 297 2550 2522 2634; baseline 0 -23"><span class='ocrx_word' id='word_1_169' title='bbox 297 2550 798 2631; x_wconf 89' lang='lat' dir='ltr'><strong>conspiratione</strong></span> <span class='ocrx_word' id='word_1_170' title='bbox 830 2550 1384 2634; x_wconf 88' lang='lat' dir='ltr'><strong>aequabilitatem</strong></span> <span class='ocrx_word' id='word_1_171' title='bbox 1411 2574 1426 2614; x_wconf 74' lang='grc' dir='ltr'><strong><em>ε</em></strong></span> <span class='ocrx_word' id='word_1_172' title='bbox 1460 2551 1576 2624; x_wconf 83' lang='lat' dir='ltr'><strong>ita,</strong></span> <span class='ocrx_word' id='word_1_173' title='bbox 1608 2570 1827 2633; x_wconf 91' lang='lat' dir='ltr'><strong>neque</strong></span> <span class='ocrx_word' id='word_1_174' title='bbox 1857 2550 2134 2634; x_wconf 81' lang='lat' dir='ltr'><strong>opifices</strong></span> <span class='ocrx_word' id='word_1_175' title='bbox 2165 2551 2522 2617; x_wconf 70' lang='lat' dir='ltr'><strong>observan-</strong></span> 
     </span>
     <span class='ocr_line' id='line_1_23' title="bbox 296 2652 2522 2739; baseline 0.002 -23"><span class='ocrx_word' id='word_1_176' title='bbox 296 2652 462 2716; x_wconf 89' lang='lat' dir='ltr'><strong>tiam</strong></span> <span class='ocrx_word' id='word_1_177' title='bbox 501 2663 570 2718; x_wconf 89' lang='lat' dir='ltr'><strong>et</strong></span> <span class='ocrx_word' id='word_1_178' title='bbox 625 2652 938 2718; x_wconf 89' lang='lat' dir='ltr'><strong>fiduciam</strong></span> <span class='ocrx_word' id='word_1_179' title='bbox 973 2655 1112 2719; x_wconf 91' lang='lat' dir='ltr'><strong>ullo</strong></span> <span class='ocrx_word' id='word_1_180' title='bbox 1145 2656 1351 2720; x_wconf 89' lang='lat' dir='ltr'><strong>modo</strong></span> <span class='ocrx_word' id='word_1_181' title='bbox 1380 2665 1641 2720; x_wconf 86' lang='lat' dir='ltr'><strong>exuant</strong></span> <span class='ocrx_word' id='word_1_182' title='bbox 1695 2656 1761 2718; x_wconf 87' lang='lat' dir='ltr'><strong>in</strong></span> <span class='ocrx_word' id='word_1_183' title='bbox 1812 2664 2154 2737; x_wconf 75' lang='lat' dir='ltr'><strong>patronoS,</strong></span> <span class='ocrx_word' id='word_1_184' title='bbox 2187 2676 2402 2739; x_wconf 82' lang='lat' dir='ltr'><strong>neque</strong></span> <span class='ocrx_word' id='word_1_185' title='bbox 2434 2656 2522 2720; x_wconf 73' lang='lat' dir='ltr'><strong>ab</strong></span> 
     </span>
     <span class='ocr_line' id='line_1_24' title="bbox 296 2755 2518 2845; baseline 0.002 -26"><span class='ocrx_word' id='word_1_186' title='bbox 296 2755 403 2820; x_wconf 90' lang='lat' dir='ltr'><strong>his</strong></span> <span class='ocrx_word' id='word_1_187' title='bbox 432 2757 803 2841; x_wconf 87' lang='lat' dir='ltr'><strong>quidquam</strong></span> <span class='ocrx_word' id='word_1_188' title='bbox 836 2779 998 2841; x_wconf 87' lang='lat' dir='ltr'><strong>erga</strong></span> <span class='ocrx_word' id='word_1_189' title='bbox 1023 2759 1174 2823; x_wconf 91' lang='lat' dir='ltr'><strong>illos</strong></span> <span class='ocrx_word' id='word_1_190' title='bbox 1206 2760 1380 2823; x_wconf 88' lang='lat' dir='ltr'><strong>desit</strong></span> <span class='ocrx_word' id='word_1_191' title='bbox 1406 2759 1623 2823; x_wconf 87' lang='lat' dir='ltr'><strong>iustae</strong></span> <span class='ocrx_word' id='word_1_192' title='bbox 1655 2759 1981 2824; x_wconf 89' lang='lat' dir='ltr'><strong>bonitatis</strong></span> <span class='ocrx_word' id='word_1_193' title='bbox 2011 2780 2342 2845; x_wconf 87' lang='lat' dir='ltr'><strong>curaeque</strong></span> <span class='ocrx_word' id='word_1_194' title='bbox 2374 2780 2518 2840; x_wconf 60' lang='lat' dir='ltr'><strong>pre-2</strong></span> 
     </span>
     <span class='ocr_line' id='line_1_25' title="bbox 295 2859 2855 2946; baseline 0.002 -23"><span class='ocrx_word' id='word_1_195' title='bbox 295 2859 511 2924; x_wconf 91' lang='lat' dir='ltr'><strong>vidae.</strong></span> <span class='ocrx_word' id='word_1_196' title='bbox 541 2898 630 2910; x_wconf 95' lang='lat'><strong>—</strong></span> <span class='ocrx_word' id='word_1_197' title='bbox 664 2862 793 2926; x_wconf 88' lang='lat' dir='ltr'><strong>His</strong></span> <span class='ocrx_word' id='word_1_198' title='bbox 826 2863 1202 2946; x_wconf 90' lang='lat' dir='ltr'><strong>praecipuis</strong></span> <span class='ocrx_word' id='word_1_199' title='bbox 1249 2882 1468 2928; x_wconf 90' lang='lat' dir='ltr'><strong>rerum</strong></span> <span class='ocrx_word' id='word_1_200' title='bbox 1515 2864 1851 2945; x_wconf 88' lang='lat' dir='ltr'><strong>capitibus</strong></span> <span class='ocrx_word' id='word_1_201' title='bbox 1896 2884 2258 2928; x_wconf 91' lang='lat' dir='ltr'><strong>commune</strong></span> <span class='ocrx_word' id='word_1_202' title='bbox 2308 2864 2518 2928; x_wconf 79' lang='lat' dir='ltr'><strong>centi-</strong></span> <span class='ocrx_word' id='word_1_203' title='bbox 2578 2900 2855 2940; x_wconf 57' lang='lat' dir='ltr'><strong>asseman-</strong></span> 
     </span>
     <span class='ocr_line' id='line_1_26' title="bbox 298 2956 2879 3060; baseline 0.002 -34"><span class='ocrx_word' id='word_1_204' title='bbox 298 2974 493 3027; x_wconf 88' lang='lat' dir='ltr'><strong>netur</strong></span> <span class='ocrx_word' id='word_1_205' title='bbox 524 2965 798 3045; x_wconf 89' lang='lat' dir='ltr'><strong>bonum,</strong></span> <span class='ocrx_word' id='word_1_206' title='bbox 828 2967 1017 3031; x_wconf 90' lang='lat' dir='ltr'><strong>cuius</strong></span> <span class='ocrx_word' id='word_1_207' title='bbox 1049 2967 1397 3050; x_wconf 90' lang='lat' dir='ltr'><strong>adeptioni</strong></span> <span class='ocrx_word' id='word_1_208' title='bbox 1434 2968 1663 3033; x_wconf 90' lang='lat' dir='ltr'><strong>danda</strong></span> <span class='ocrx_word' id='word_1_209' title='bbox 1695 2987 1899 3050; x_wconf 91' lang='lat' dir='ltr'><strong>opera</strong></span> <span class='ocrx_word' id='word_1_210' title='bbox 1944 2977 2045 3032; x_wconf 85' lang='lat' dir='ltr'><strong>est</strong></span> <span class='ocrx_word' id='word_1_211' title='bbox 2077 2992 2091 3033; x_wconf 90' lang='lat'><strong>:</strong></span> <span class='ocrx_word' id='word_1_212' title='bbox 2144 2968 2301 3032; x_wconf 91' lang='lat' dir='ltr'><strong>hinc</strong></span> <span class='ocrx_word' id='word_1_213' title='bbox 2350 2988 2518 3032; x_wconf 63' lang='lat' dir='ltr'><strong>mer*</strong></span> <span class='ocrx_word' id='word_1_214' title='bbox 2578 2956 2879 3060; x_wconf 50' lang='lat' dir='ltr'><strong>er‘ffiffss&#39;</strong></span> 
     </span>
     <span class='ocr_line' id='line_1_27' title="bbox 298 3065 2526 3154; baseline 0.001 -25"><span class='ocrx_word' id='word_1_215' title='bbox 298 3065 452 3131; x_wconf 89' lang='lat' dir='ltr'><strong>talis</strong></span> <span class='ocrx_word' id='word_1_216' title='bbox 473 3069 650 3133; x_wconf 89' lang='lat' dir='ltr'><strong>vitae</strong></span> <span class='ocrx_word' id='word_1_217' title='bbox 680 3071 1054 3135; x_wconf 87' lang='lat' dir='ltr'><strong>conditioni</strong></span> <span class='ocrx_word' id='word_1_218' title='bbox 1079 3071 1404 3136; x_wconf 89' lang='lat' dir='ltr'><strong>solandae</strong></span> <span class='ocrx_word' id='word_1_219' title='bbox 1429 3091 1564 3136; x_wconf 88' lang='lat' dir='ltr'><strong>non</strong></span> <span class='ocrx_word' id='word_1_220' title='bbox 1594 3091 1767 3135; x_wconf 89' lang='lat' dir='ltr'><strong>vana</strong></span> <span class='ocrx_word' id='word_1_221' title='bbox 1798 3071 2101 3135; x_wconf 86' lang='lat' dir='ltr'><strong>fomenta</strong></span> <span class='ocrx_word' id='word_1_222' title='bbox 2136 3080 2526 3154; x_wconf 77' lang='lat' dir='ltr'><strong>suppetunt,</strong></span> 
     </span>
     <span class='ocr_line' id='line_1_28' title="bbox 293 3173 2522 3259; baseline 0.001 -26"><span class='ocrx_word' id='word_1_223' title='bbox 293 3189 373 3235; x_wconf 90' lang='lat' dir='ltr'><strong>ac</strong></span> <span class='ocrx_word' id='word_1_224' title='bbox 407 3173 647 3239; x_wconf 87' lang='lat' dir='ltr'><strong>merita</strong></span> <span class='ocrx_word' id='word_1_225' title='bbox 671 3184 993 3258; x_wconf 89' lang='lat' dir='ltr'><strong>parantur</strong></span> <span class='ocrx_word' id='word_1_226' title='bbox 1015 3176 1196 3241; x_wconf 86' lang='lat' dir='ltr'><strong>vitae</strong></span> <span class='ocrx_word' id='word_1_227' title='bbox 1225 3176 1552 3240; x_wconf 88' lang='lat' dir='ltr'><strong>caelestis.</strong></span> <span class='ocrx_word' id='word_1_228' title='bbox 1578 3175 1803 3259; x_wconf 81' lang='lat' dir='ltr'><strong>Quam</strong></span> <span class='ocrx_word' id='word_1_229' title='bbox 1830 3175 2234 3239; x_wconf 88' lang='lat' dir='ltr'><strong>christianae</strong></span> <span class='ocrx_word' id='word_1_230' title='bbox 2259 3176 2522 3256; x_wconf 82' lang='lat' dir='ltr'><strong>sapien-</strong></span> 
     </span>
     <span class='ocr_line' id='line_1_29' title="bbox 298 3275 2526 3362; baseline 0 -23"><span class='ocrx_word' id='word_1_231' title='bbox 298 3275 434 3339; x_wconf 88' lang='lat' dir='ltr'><strong>tiae</strong></span> <span class='ocrx_word' id='word_1_232' title='bbox 493 3277 922 3362; x_wconf 90' lang='lat' dir='ltr'><strong>disciplinam</strong></span> <span class='ocrx_word' id='word_1_233' title='bbox 986 3280 1041 3342; x_wconf 93' lang='lat' dir='ltr'><strong>si</strong></span> <span class='ocrx_word' id='word_1_234' title='bbox 1102 3279 1416 3344; x_wconf 90' lang='lat' dir='ltr'><strong>catholici</strong></span> <span class='ocrx_word' id='word_1_235' title='bbox 1488 3280 1859 3344; x_wconf 88' lang='lat' dir='ltr'><strong>studiosius</strong></span> <span class='ocrx_word' id='word_1_236' title='bbox 1926 3279 2245 3342; x_wconf 89' lang='lat' dir='ltr'><strong>adamare</strong></span> <span class='ocrx_word' id='word_1_237' title='bbox 2320 3288 2526 3358; x_wconf 79' lang='lat' dir='ltr'><strong>atque</strong></span> 
     </span>
     <span class='ocr_line' id='line_1_30' title="bbox 299 3381 2526 3464; baseline 0 -21"><span class='ocrx_word' id='word_1_238' title='bbox 299 3383 621 3464; x_wconf 86' lang='lat' dir='ltr'><strong>exemplo</strong></span> <span class='ocrx_word' id='word_1_239' title='bbox 652 3384 966 3449; x_wconf 87' lang='lat' dir='ltr'><strong>roborare</strong></span> <span class='ocrx_word' id='word_1_240' title='bbox 997 3403 1120 3448; x_wconf 90' lang='lat' dir='ltr'><strong>suo</strong></span> <span class='ocrx_word' id='word_1_241' title='bbox 1150 3384 1489 3462; x_wconf 89' lang='lat' dir='ltr'><strong>insistant,</strong></span> <span class='ocrx_word' id='word_1_242' title='bbox 1515 3384 1678 3447; x_wconf 92' lang='lat' dir='ltr'><strong>illud</strong></span> <span class='ocrx_word' id='word_1_243' title='bbox 1713 3385 1918 3448; x_wconf 88' lang='lat' dir='ltr'><strong>etiam</strong></span> <span class='ocrx_word' id='word_1_244' title='bbox 1953 3381 2213 3446; x_wconf 85' lang='lat' dir='ltr'><strong>facilius</strong></span> <span class='ocrx_word' id='word_1_245' title='bbox 2245 3384 2526 3456; x_wconf 80' lang='lat' dir='ltr'><strong>eveniet.</strong></span> 
     </span>
     <span class='ocr_line' id='line_1_31' title="bbox 301 3485 2522 3571; baseline 0 -23"><span class='ocrx_word' id='word_1_246' title='bbox 301 3485 487 3566; x_wconf 92' lang='lat' dir='ltr'><strong>quod</strong></span> <span class='ocrx_word' id='word_1_247' title='bbox 521 3496 625 3552; x_wconf 89' lang='lat' dir='ltr'><strong>est</strong></span> <span class='ocrx_word' id='word_1_248' title='bbox 657 3488 723 3550; x_wconf 91' lang='lat' dir='ltr'><strong>in</strong></span> <span class='ocrx_word' id='word_1_249' title='bbox 758 3508 897 3571; x_wconf 89' lang='lat' dir='ltr'><strong>spe,</strong></span> <span class='ocrx_word' id='word_1_250' title='bbox 930 3497 1006 3551; x_wconf 92' lang='lat' dir='ltr'><strong>ut</strong></span> <span class='ocrx_word' id='word_1_251' title='bbox 1053 3488 1165 3571; x_wconf 93' lang='lat' dir='ltr'><strong>qui</strong></span> <span class='ocrx_word' id='word_1_252' title='bbox 1222 3486 1390 3552; x_wconf 90' lang='lat' dir='ltr'><strong>falsa</strong></span> <span class='ocrx_word' id='word_1_253' title='bbox 1439 3488 1761 3571; x_wconf 91' lang='lat' dir='ltr'><strong>opinione</strong></span> <span class='ocrx_word' id='word_1_254' title='bbox 1806 3486 1909 3551; x_wconf 91' lang='lat' dir='ltr'><strong>vel</strong></span> <span class='ocrx_word' id='word_1_255' title='bbox 1958 3486 2272 3567; x_wconf 74' lang='lat' dir='ltr'><strong>simulata</strong></span> <span class='ocrx_word' id='word_1_256' title='bbox 2305 3506 2522 3549; x_wconf 80' lang='lat' dir='ltr'><strong>rerum</strong></span> 
     </span>
     <span class='ocr_line' id='line_1_32' title="bbox 302 3589 2526 3675; baseline 0.001 -25"><span class='ocrx_word' id='word_1_257' title='bbox 302 3589 530 3670; x_wconf 89' lang='lat' dir='ltr'><strong>specie</strong></span> <span class='ocrx_word' id='word_1_258' title='bbox 561 3589 847 3674; x_wconf 88' lang='lat' dir='ltr'><strong>decepti,</strong></span> <span class='ocrx_word' id='word_1_259' title='bbox 897 3591 988 3656; x_wconf 93' lang='lat' dir='ltr'><strong>ab</strong></span> <span class='ocrx_word' id='word_1_260' title='bbox 1034 3611 1254 3675; x_wconf 90' lang='lat' dir='ltr'><strong>aequo</strong></span> <span class='ocrx_word' id='word_1_261' title='bbox 1304 3602 1620 3674; x_wconf 91' lang='lat' dir='ltr'><strong>rectoque</strong></span> <span class='ocrx_word' id='word_1_262' title='bbox 1676 3591 2113 3668; x_wconf 86' lang='lat' dir='ltr'><strong>deflexerant,</strong></span> <span class='ocrx_word' id='word_1_263' title='bbox 2145 3590 2422 3655; x_wconf 81' lang='lat' dir='ltr'><strong>tutelam</strong></span> <span class='ocrx_word' id='word_1_264' title='bbox 2458 3604 2526 3652; x_wconf 88' lang='lat' dir='ltr'><strong>et</strong></span> 
     </span>
     <span class='ocr_line' id='line_1_33' title="bbox 303 3691 1841 3778; baseline 0.003 -24"><span class='ocrx_word' id='word_1_265' title='bbox 303 3691 586 3757; x_wconf 84' lang='lat' dir='ltr'><strong>ductum</strong></span> <span class='ocrx_word' id='word_1_266' title='bbox 621 3694 969 3759; x_wconf 90' lang='lat' dir='ltr'><strong>Ecclesiae</strong></span> <span class='ocrx_word' id='word_1_267' title='bbox 998 3706 1327 3778; x_wconf 88' lang='lat' dir='ltr'><strong>quaerant</strong></span> <span class='ocrx_word' id='word_1_268' title='bbox 1360 3695 1841 3778; x_wconf 87' lang='lat' dir='ltr'><strong>resipiscentes.</strong></span> 
     </span>
    </p>

    <p class='ocr_par' dir='ltr' id='par_1_3' title="bbox 301 3797 2875 3985">
     <span class='ocr_line' id='line_1_34' title="bbox 391 3797 2875 3888; baseline 0.001 -27"><span class='ocrx_word' id='word_1_269' title='bbox 391 3797 618 3862; x_wconf 91' lang='lat' dir='ltr'><strong>Nemo</strong></span> <span class='ocrx_word' id='word_1_270' title='bbox 670 3818 834 3863; x_wconf 91' lang='lat' dir='ltr'><strong>sane</strong></span> <span class='ocrx_word' id='word_1_271' title='bbox 881 3799 1007 3862; x_wconf 89' lang='lat' dir='ltr'><strong>erit</strong></span> <span class='ocrx_word' id='word_1_272' title='bbox 1051 3799 1444 3877; x_wconf 81' lang='lat' dir='ltr'><strong>catholicuS,</strong></span> <span class='ocrx_word' id='word_1_273' title='bbox 1499 3820 1714 3882; x_wconf 89' lang='lat' dir='ltr'><strong>aeque</strong></span> <span class='ocrx_word' id='word_1_274' title='bbox 1759 3797 2102 3881; x_wconf 87' lang='lat' dir='ltr'><strong>religionis</strong></span> <span class='ocrx_word' id='word_1_275' title='bbox 2134 3798 2522 3880; x_wconf 78' lang='lat' dir='ltr'><strong>patriaeque</strong></span> <span class='ocrx_word' id='word_1_276' title='bbox 2634 3828 2875 3888; x_wconf 52' lang='lat' dir='ltr'><strong>Epssmpff,</strong></span> 
     </span>
     <span class='ocr_line' id='line_1_35' title="bbox 301 3888 2827 3985; baseline 0.001 -23"><span class='ocrx_word' id='word_1_277' title='bbox 301 3899 612 3982; x_wconf 76' lang='lat' dir='ltr'><strong>diligenS,</strong></span> <span class='ocrx_word' id='word_1_278' title='bbox 643 3905 755 3985; x_wconf 90' lang='lat' dir='ltr'><strong>qui</strong></span> <span class='ocrx_word' id='word_1_279' title='bbox 788 3903 1114 3966; x_wconf 89' lang='lat' dir='ltr'><strong>consultis</strong></span> <span class='ocrx_word' id='word_1_280' title='bbox 1159 3905 1558 3985; x_wconf 88' lang='lat' dir='ltr'><strong>prudentiae</strong></span> <span class='ocrx_word' id='word_1_281' title='bbox 1613 3912 1875 3967; x_wconf 88' lang='lat' dir='ltr'><strong>vestrae</strong></span> <span class='ocrx_word' id='word_1_282' title='bbox 1930 3922 2065 3966; x_wconf 89' lang='lat' dir='ltr'><strong>non</strong></span> <span class='ocrx_word' id='word_1_283' title='bbox 2121 3902 2382 3985; x_wconf 88' lang='lat' dir='ltr'><strong>placide</strong></span> <span class='ocrx_word' id='word_1_284' title='bbox 2418 3924 2522 3964; x_wconf 75' lang='lat' dir='ltr'><strong>ae-</strong></span> <span class='ocrx_word' id='word_1_285' title='bbox 2578 3904 2690 3932; x_wconf 52' lang='grc' dir='ltr'><strong>ΓΜ</strong></span> <span class='ocrx_word' id='word_1_286' title='bbox 2710 3888 2827 3936; x_wconf 54' lang='lat'><strong><em>³³³⁸·</em></strong></span> 
     </span>
    </p>
   </div>
   <div class='ocr_carea' id='block_1_3' title="bbox 2574 3952 2851 4008">
    <p class='ocr_par' dir='ltr' id='par_1_4' title="bbox 2574 3952 2851 4008">
     <span class='ocr_line' id='line_1_36' title="bbox 2574 3952 2851 4008; baseline 0 -16"><span class='ocrx_word' id='word_1_287' title='bbox 2574 3952 2746 4008; x_wconf 50' lang='lat' dir='ltr'><strong>graffium</strong></span> <span class='ocrx_word' id='word_1_288' title='bbox 2775 3964 2851 3992; x_wconf 69' lang='grc' dir='ltr'><strong>εσ-</strong></span> 
     </span>
    </p>
   </div>
   <div class='ocr_carea' id='block_1_4' title="bbox 298 4005 2879 4298">
    <p class='ocr_par' dir='ltr' id='par_1_5' title="bbox 298 4005 2879 4298">
     <span class='ocr_line' id='line_1_37' title="bbox 299 4005 2879 4112; baseline 0.002 -46"><span class='ocrx_word' id='word_1_289' title='bbox 299 4005 644 4086; x_wconf 90' lang='lat' dir='ltr'><strong>quiescere</strong></span> <span class='ocrx_word' id='word_1_290' title='bbox 695 4005 858 4072; x_wconf 89' lang='lat' dir='ltr'><strong>velit</strong></span> <span class='ocrx_word' id='word_1_291' title='bbox 913 4007 1244 4089; x_wconf 89' lang='lat' dir='ltr'><strong>pleneque</strong></span> <span class='ocrx_word' id='word_1_292' title='bbox 1295 4006 1611 4090; x_wconf 91' lang='lat' dir='ltr'><strong>obsequi;</strong></span> <span class='ocrx_word' id='word_1_293' title='bbox 1664 4007 1792 4071; x_wconf 92' lang='lat' dir='ltr'><strong>hoc</strong></span> <span class='ocrx_word' id='word_1_294' title='bbox 1853 4006 2123 4089; x_wconf 86' lang='lat' dir='ltr'><strong>penitus</strong></span> <span class='ocrx_word' id='word_1_295' title='bbox 2184 4027 2522 4089; x_wconf 65' lang='lat' dir='ltr'><strong>persuaso,</strong></span> <span class='ocrx_word' id='word_1_296' title='bbox 2574 4008 2771 4112; x_wconf 42' lang='lat' dir='ltr'><strong>‘effi-*js</strong></span> <span class='ocrx_word' id='word_1_297' title='bbox 2803 4008 2879 4052; x_wconf 53' lang='grc' dir='ltr'><strong>ΞΕ·</strong></span> 
     </span>
     <span class='ocr_line' id='line_1_38' title="bbox 298 4084 2746 4194; baseline 0 -23"><span class='ocrx_word' id='word_1_298' title='bbox 298 4109 561 4190; x_wconf 89' lang='lat' dir='ltr'><strong>optima</strong></span> <span class='ocrx_word' id='word_1_299' title='bbox 607 4131 916 4194; x_wconf 92' lang='lat' dir='ltr'><strong>quaeque</strong></span> <span class='ocrx_word' id='word_1_300' title='bbox 948 4129 1168 4175; x_wconf 89' lang='lat' dir='ltr'><strong>rerum</strong></span> <span class='ocrx_word' id='word_1_301' title='bbox 1200 4112 1636 4190; x_wconf 90' lang='lat' dir='ltr'><strong>incrementa,</strong></span> <span class='ocrx_word' id='word_1_302' title='bbox 1669 4111 1726 4175; x_wconf 92' lang='lat' dir='ltr'><strong>si</strong></span> <span class='ocrx_word' id='word_1_303' title='bbox 1758 4112 2004 4175; x_wconf 88' lang='lat' dir='ltr'><strong>sensim</strong></span> <span class='ocrx_word' id='word_1_304' title='bbox 2040 4130 2119 4175; x_wconf 88' lang='lat' dir='ltr'><strong>ac</strong></span> <span class='ocrx_word' id='word_1_305' title='bbox 2174 4113 2520 4176; x_wconf 78' lang='lat' dir='ltr'><strong>moderate</strong></span> <span class='ocrx_word' id='word_1_306' title='bbox 2570 4084 2630 4112; x_wconf 50' lang='grc' dir='ltr'><strong>ΕΗ</strong></span> <span class='ocrx_word' id='word_1_307' title='bbox 2654 4084 2746 4120; x_wconf 60' lang='lat'><strong>⁶⁵*</strong></span> 
     </span>
     <span class='ocr_line' id='line_1_39' title="bbox 298 4210 2520 4298; baseline 0.001 -26"><span class='ocrx_word' id='word_1_308' title='bbox 298 4210 597 4291; x_wconf 89' lang='lat' dir='ltr'><strong>inducta,</strong></span> <span class='ocrx_word' id='word_1_309' title='bbox 640 4225 783 4279; x_wconf 91' lang='lat' dir='ltr'><strong>tum</strong></span> <span class='ocrx_word' id='word_1_310' title='bbox 834 4235 988 4280; x_wconf 86' lang='lat' dir='ltr'><strong>vere</strong></span> <span class='ocrx_word' id='word_1_311' title='bbox 1036 4215 1122 4279; x_wconf 90' lang='lat' dir='ltr'><strong>ad</strong></span> <span class='ocrx_word' id='word_1_312' title='bbox 1173 4215 1615 4280; x_wconf 89' lang='lat' dir='ltr'><strong>stabilitatem</strong></span> <span class='ocrx_word' id='word_1_313' title='bbox 1672 4215 1814 4279; x_wconf 85' lang='lat' dir='ltr'><strong>fore</strong></span> <span class='ocrx_word' id='word_1_314' title='bbox 1868 4216 2324 4298; x_wconf 89' lang='lat' dir='ltr'><strong>maioremque</strong></span> <span class='ocrx_word' id='word_1_315' title='bbox 2378 4236 2520 4280; x_wconf 75' lang='lat' dir='ltr'><strong>esse</strong></span> 
     </span>
    </p>
   </div>
   <div class='ocr_carea' id='block_1_5' title="bbox 299 4314 2879 4403">
    <p class='ocr_par' dir='ltr' id='par_1_6' title="bbox 299 4314 2879 4403">
     <span class='ocr_line' id='line_1_40' title="bbox 299 4314 2879 4403; baseline -0.002 -26"><span class='ocrx_word' id='word_1_316' title='bbox 299 4314 367 4379; x_wconf 91' lang='lat' dir='ltr'><strong>in</strong></span> <span class='ocrx_word' id='word_1_317' title='bbox 402 4319 680 4382; x_wconf 89' lang='lat' dir='ltr'><strong>modum</strong></span> <span class='ocrx_word' id='word_1_318' title='bbox 715 4319 1078 4401; x_wconf 81' lang='lat' dir='ltr'><strong>profutura.</strong></span> <span class='ocrx_word' id='word_1_319' title='bbox 1101 4355 1188 4369; x_wconf 95' lang='lat'><strong>—</strong></span> <span class='ocrx_word' id='word_1_320' title='bbox 1225 4318 1509 4400; x_wconf 88' lang='lat' dir='ltr'><strong>Interea,</strong></span> <span class='ocrx_word' id='word_1_321' title='bbox 1543 4319 1863 4403; x_wconf 87' lang='lat' dir='ltr'><strong>quoniam</strong></span> <span class='ocrx_word' id='word_1_322' title='bbox 1898 4318 2313 4383; x_wconf 91' lang='lat' dir='ltr'><strong>incommodi</strong></span> <span class='ocrx_word' id='word_1_323' title='bbox 2338 4320 2518 4400; x_wconf 76' lang='lat' dir='ltr'><strong>qued</strong></span> <span class='ocrx_word' id='word_1_324' title='bbox 2574 4328 2742 4388; x_wconf 59' lang='lat' dir='ltr'><strong>emm</strong></span> <span class='ocrx_word' id='word_1_325' title='bbox 2771 4332 2879 4372; x_wconf 65' lang='lat' dir='ltr'><strong>um:</strong></span> 
     </span>
    </p>
   </div>
  </div>
 </body>
</html>
