3117 4859
391 319 465 407 336
745 334 867 385 innox
895 338 1143 393 nnncrrrcus.

423 486 476 537 36.
491 485 698 536 EPISTOLA
713 487 755 536 ad
770 488 805 535 L.
833 487 982 539 Schiiller
1000 492 1040 541 de
1055 490 1206 555 rellglosa
1227 502 1403 553 puerorum

388 575 600 625 institutione
617 577 742 635 optlme
761 577 1224 629 merltum.-1300t.1893.
1341 590 1402 643 pag.
1440 584 1482 638 194

422 675 529 729 Probat
547 673 678 728 Pontifex
690 674 825 729 eumdem
842 674 871 727 in
893 676 979 730 variis
992 676 1175 733 dioecesibus
1187 677 1316 749 usurpari
1335 678 1435 731 librum
1451 676 1482 731 ad

386 762 549 833 religiosam
562 778 715 832 puerorum
729 762 938 818 institutionem
955 779 1013 832 194.

422 872 475 923 37.
501 872 708 922 EPISTOLA
734 873 776 921 ad
800 874 978 935 Eplsoopos
1001 876 1185 936 Hlspanlae
1206 877 1247 925 do
1272 878 1406 939 eolleglo

385 964 577 1013 elerleorum
598 961 827 1023 Hispanorum
850 962 885 1011 ln
905 963 1002 1013 Urbs.
1020 989 1049 998 -
1071 964 1113 1015 25
1131 964 1197 1015 Oct.
1221 965 1309 1016 1893.
1341 976 1405 1031 pag.
1442 972 1481 1027 195

421 1061 565 1113 Memorat
579 1058 710 1114 Pontifex
722 1059 802 1113 varia
815 1076 884 1115 suae
897 1061 1098 1118 sollicitudinis
1111 1074 1280 1133 argumenta
1298 1082 1366 1134 erga
1389 1064 1481 1133 Hispa·

386 1148 481 1201 nicam
501 1156 625 1216 gentem,
647 1145 764 1217 optime,
777 1147 897 1203 historia
919 1158 1001 1218 teste,
1014 1150 1050 1205 de
1074 1151 1206 1207 Ecclesia
1227 1152 1360 1207 meritam
1382 1164 1437 1219 195.
1454 1180 1480 1191 -—

386 1233 513 1290 Scientia
524 1234 572 1287 diu
592 1233 686 1289 floruit
705 1236 798 1289 clerus
812 1236 960 1305 hispanus,
975 1240 1087 1307 Regum
1108 1240 1321 1308 catholicorum,
1337 1238 1483 1309 Episcopo·

386 1338 458 1387 rum,
482 1337 658 1375 summorum
681 1322 851 1376 Pontificum
874 1324 1033 1393 patrocinio
1058 1342 1134 1393 usus,
1157 1326 1347 1397 doctrinaque
1369 1327 1483 1383 excultus

382 1410 507 1464 virorum
521 1409 635 1477 ingenio
648 1410 863 1478 praestantium,
876 1422 904 1464 et
918 1412 1075 1480 aptissimis
1086 1414 1200 1484 adjutus
1213 1415 1374 1471 studiorum
1388 1415 1482 1483 praesi-

382 1496 438 1553 diis
454 1496 577 1565 195-196.
589 1526 622 1535 -
636 1498 719 1551 Haec
732 1498 923 1567 posteriorum
936 1511 1097 1570 temporum
1110 1503 1192 1557 clade
1200 1503 1296 1558 ablata
1310 1485 1429 1569 luerunt,
1439 1518 1483 1556 nec

382 1593 533 1653 potuerunt
555 1581 672 1637 omnino
695 1585 825 1639 restitui:
848 1585 972 1657 indeque
994 1604 1099 1641 manca
1121 1588 1193 1643 ratio
1207 1588 1368 1643 studiorum
1390 1588 1483 1643 mansit

384 1668 507 1736 ¹96·¹97·
520 1699 555 1709 -
578 1671 733 1741 Complura
754 1672 823 1726 olim
843 1674 963 1743 collegia
985 1674 1154 1728 clericorum
1175 1686 1337 1731 exterorum
1365 1676 1392 1729 in
1413 1676 1482 1730 Urbe

382 1756 501 1810 fundata
520 1756 628 1812 fuerea
646 1758 786 1812 Romanis
802 1760 988 1815 Pontificibus
1005 1774 1061 1828 197.
1077 1790 1111 1799 -
1126 1763 1272 1817 Nonnulla
1286 1762 1350 1832 ipse
1365 1762 1483 1818 Pontifex

382 1842 471 1897 erexit
488 1844 610 1909 197·198.
620 1874 655 1883 -
664 1844 815 1912 Quaedam
824 1856 985 1901 statuuntur
995 1846 1115 1916 collegio
1128 1847 1322 1918 Hispanorum
1332 1850 1483 1919 profutura;

383 1944 458 1983 nova
471 1930 555 1985 sedes
568 1930 607 1983 illi
620 1931 803 1997 conceditur;
816 1932 901 2003 eique
914 1933 1039 2001 regendo
1052 1933 1217 2004 providetur
1232 1935 1289 2003 198.
1304 1964 1339 1975 —
1351 1932 1483 1990 Pontificis

383 2017 499 2087 incepta
507 2016 643 2086 adjuvent
657 2018 795 2087 Episcopi
813 2020 935 2087 198·199.

418 2128 472 2179 38.
487 2131 708 2180 LlTTERllE
724 2131 998 2182 ENCYCLICAE
1018 2132 1058 2181 de
1076 2133 1197 2183 studlls
1214 2133 1406 2195 serlpturae

383 2218 831 2269 sacrae.-·18Nov.1893.
861 2256 876 2267 ..
1341 2234 1405 2288 pag.
1440 2232 1484 2270 zoa

418 2318 807 2388 Adfinemsupernaturalenr
818 2320 898 2373 Deus
909 2320 1054 2375 hominem
1062 2320 1482 2391 evexit,factaeisupernaturali

383 2406 564 2474 revelatione,
577 2424 651 2477 quae
664 2406 780 2475 gemino
793 2408 872 2462 fonte
891 2410 1052 2462 continetur
1065 2424 1128 2463 200.
1144 2438 1173 2447 -
1191 2410 1345 2463 Sacrorum
1359 2410 1481 2463 libromm

383 2494 1360 2564 proponiturnotio,exdoctrinaEcclesiaeetPatrumaod—Eximio
1368 2496 1481 2553 S.Theo·

382 2581 475 2650 logiae
488 2598 555 2650 pars
567 2591 611 2636 est
624 2600 698 2653 quae
710 2584 786 2639 circa
807 2584 968 2653 Scripturas
985 2595 1113 2639 versatur
1135 2600 1261 2639 200·201.
1284 2614 1320 2625 -
1343 2588 1482 2641 Sacrarunr

383 2670 553 2725 Litterarum
566 2670 692 2724 studium
712 2672 917 2726 commendare
937 2682 965 2725 et
985 2673 1106 2742 dirigere
1117 2673 1228 2743 jamdiu
1241 2674 1351 2743 cogitat
1365 2671 1481 2731 Pontifex

381 2768 412 2810 ut
425 2757 512 2811 tutius
524 2759 604 2827 ipsae
617 2769 645 2813 et
659 2760 773 2815 uberius
788 2758 934 2813 Fidelibus
948 2770 1073 2828 pateant,
1094 2771 1121 2814 et
1137 2760 1262 2815 intactae
1275 2774 1423 2816 serventur
1439 2759 1481 2812 im-

381 2842 496 2914 pietatis
515 2843 624 2899 malitia
637 2856 666 2900 et
678 2846 800 2900 audacia
822 2846 956 2901 novitatis
977 2861 1036 2900 201.
1050 2876 1085 2885 --
1105 2848 1234 2903 Laudata
1247 2850 1445 2903 nonnullorum
1457 2844 1480 2897 in

380 2930 535 3001 Scripturis
556 2930 736 2986 vindicandis
759 2944 787 2987 et
811 2934 972 2987 scrutandis
992 2934 1148 3001 diligentia,
1176 2944 1292 3004 exoptat
1316 2934 1442 2991 Pontifex
1456 2939 1481 2982 ut

380 3019 475 3085 plures
484 3018 562 3072 hisce
572 3030 674 3073 vacent
684 3020 965 3090 studiis,praesertim
976 3037 1010 3074 ex
1020 3020 1218 3075 sacerdotibus
1228 3022 1402 3075 zon-Pars
1415 3022 1424 3073 l
1436 3038 1441 3073 :
1451 3016 1480 3069 de

381 3104 409 3159 S.
419 3104 582 3174 Scripturae
598 3104 727 3160 utilitate.
743 3108 771 3161 S.
787 3108 951 3177 Scripturae
965 3107 1100 3175 studium,
1114 3118 1227 3176 praeter
1239 3107 1329 3177 ipsius
1345 3114 1480 3177 praestan·

379 3192 449 3247 tiam
463 3187 491 3247 et
503 3194 673 3263 obsequium
693 3193 749 3248 Dei
763 3195 851 3249 verbo
864 3194 1001 3261 debitum,
1015 3195 1217 3249 commendant
1231 3194 1328 3249 eximii
1342 3195 1480 3250 fructusex

380 3281 451 3350 ipsa,
465 3291 538 3335 teste
559 3282 665 3350 Spiritu
690 3282 806 3351 Sancto,
820 3282 996 3352 percipiendi
1020 3296 1145 3337 zor-202.
1160 3312 1194 3322 -
1216 3284 1301 3337 Hanc
1326 3284 1479 3352 Scripturas

380 3368 531 3424 utilitatem
557 3371 712 3424 ostendunt
737 3371 867 3439 exempla
894 3369 1000 3424 Christi
1023 3370 1059 3423 ad
1081 3368 1174 3438 ipsam
1196 3370 1342 3439 appellare
1365 3367 1444 3435 soliti,
1456 3374 1479 3418 et

379 3458 592 3527 Apostolorum,
607 3457 709 3511 Fidem
722 3475 779 3510 non
788 3457 876 3527 signis
887 3468 1006 3525 tantum,
1018 3460 1068 3511 sed
1080 3467 1109 3511 et
1119 3456 1224 3511 divinis
1238 3457 1331 3512 Libris
1344 3454 1477 3511 stabilien-

379 3542 449 3597 tium
463 3558 522 3599 202.
537 3573 572 3583 -
587 3544 672 3597 Hunc
685 3543 793 3598 fontem
807 3545 912 3598 adeant
926 3545 1033 3599 tirones
1047 3544 1166 3597 militiae
1185 3559 1295 3613 sacrae,
1308 3544 1345 3598 de
1365 3544 1436 3607 Deo,
1447 3537 1478 3590 de

379 3630 581 3699 Redemptore,
595 3633 631 3685 de
650 3631 790 3699 Ecclesia,
804 3631 840 3685 de
854 3648 966 3684 morum
979 3630 1133 3700 disciplina
1146 3630 1295 3684 erudiendi
1310 3641 1431 3695 202-203.
1449 3650 1478 3661 -

379 3717 526 3786 Scriptura
538 3719 675 3786 majorem
696 3719 753 3771 rim
767 3718 846 3771 addit
870 3718 975 3771 oratori
995 3734 1076 3772 sacro
1095 3734 1182 3787 quam
1196 3719 1339 3772 humanae
1352 3712 1477 3771 scientiae

378 3806 473 3859 verba
482 3806 739 3873 Reprehenduntur
751 3806 769 3859 ii
785 3806 831 3877 qui
844 3806 976 3860 humanis
990 3806 1182 3877 potiusquam
1197 3804 1300 3861 divinis
1313 3799 1477 3874 argumentis

379 3894 408 3946 in
426 3894 611 3948 concionibus
631 3905 745 3948 utuntur
759 3910 819 3962 203.
833 3924 868 3933 -
882 3894 978 3949 Sacris
993 3896 1107 3949 Litteris
1126 3894 1200 3964 ignis
1215 3894 1288 3948 inest
1299 3893 1422 3955 divinus,
1432 3904 1477 3942 nec

378 3980 543 4049 eloquentia
552 3982 632 4035 deest
642 3996 804 4050 309294-
818 3982 941 4037 Divinae
951 3977 1477 4055 LitteraeearumquefructusaSS.Pa·

378 4067 469 4122 tribus
482 4068 680 4123 collaudantur
692 4084 753 4134 204.
767 4098 800 4107 -
816 4071 866 4123 SS.
879 4070 1055 4138 Augustinus
1069 4083 1096 4125 et
1106 4070 1261 4139 Gregorius
1271 4069 1477 4125 concionatores

379 4167 496 4211 mouent
509 4157 681 4226 semetipsos
689 4174 725 4211 ne
735 4156 957 4226 negligantdum
968 4158 1040 4213 alios
1050 4159 1168 4213 verbum
1177 4158 1304 4212 divinum
1315 4156 1415 4210 docent
1424 4161 1476 4211 20⁴·

379 4245 550 4299 —Christus
559 4246 659 4300 etfecit
669 4257 697 4300 et
708 4245 813 4299 docuit.
821 4248 976 4315 Apostolus
987 4247 1170 4301 Timotheum
1179 4256 1276 4301 monet
1285 4256 1314 4299 ut
1323 4262 1354 4298 se
1363 4249 1476 4305 suosque

378 4333 525 4388 auditores
538 4334 632 4387 salvos
646 4333 740 4387 faciat.
756 4334 844 4387 Suam
859 4332 1035 4405 aliorumque
1045 4336 1167 4389 salutem
1180 4352 1214 4389 ex
1228 4332 1370 4403 Scriptura
1384 4327 1406 4381 is
1416 4326 1475 4378 hau·
