3117 4859
340 1440 542 1491 RAVISSIME
575 1426 657 1499 Nos,
691 1445 752 1506 pro
778 1424 966 1505 apostolico
991 1420 1111 1497 officio,
1143 1419 1266 1483 infesta
1346 1445 1381 1489 50

362 1531 532 1594 Ecclesiae
549 1540 703 1610 tempora
720 1540 823 1609 atque
840 1526 1007 1589 humanae
1034 1516 1204 1589 societatis
1230 1524 1261 1585 in
1327 1492 1399 1606 ᾖξε

205 1538 283 1697 G
362 1635 522 1698 maximis
544 1633 642 1696 rebus
662 1634 757 1714 quasi
774 1630 997 1711 naufragium,
1013 1629 1076 1692 sub
1093 1631 1165 1709 ipsa
1182 1647 1263 1709 pon·
1321 1659 1404 1708 Nova·

262 1650 338 1797 &R
360 1738 505 1801 tificatus
533 1739 683 1814 exordia,
708 1746 911 1818 reputantes
942 1733 1156 1815 praecipuam
1178 1731 1263 1793 tanti
1288 1725 1421 1839 mmm

150 1844 249 1907 exitii
267 1862 421 1906 caussam
439 1844 473 1904 in
484 1862 525 1905 eo
541 1843 740 1923 agnovimus
757 1840 847 1921 quod
865 1840 964 1902 certis
981 1838 1020 1900 iis
1032 1836 1204 1919 principiis
1216 1836 1264 1897 in·
1287 1854 1364 1905 libido
1374 1856 1418 1903 Fr.

149 1948 354 2028 stitutisque,
370 1947 492 2028 quibus
508 1948 549 2009 ad
567 1946 784 2009 christianam
813 1944 914 2007 fidem
942 1942 1090 2005 munitur
1115 1942 1176 2017 via,
1205 1958 1260 2001 ne·
1287 1921 1327 2034 ἵε
1337 1936 1420 2047 m

149 2052 268 2134 glectis
285 2052 410 2132 passim
427 2061 460 2113 et
477 2071 581 2133 prope
597 2052 812 2132 contemptis,
826 2048 930 2112 libido
947 2047 1142 2110 invaluisset
1159 2066 1259 2108 nova·
1288 2052 1387 2115 ideoque

152 2176 225 2217 rum
259 2175 378 2233 rerum,
405 2175 501 2237 quae,
536 2176 596 2237 per
625 2154 771 2236 speciem
804 2151 1048 2235 progredientis
1078 2150 1259 2225 doctrinae,

152 2259 338 2341 sapientiae
354 2280 373 2321 a
390 2260 466 2322 Deo
481 2260 625 2322 traditae
652 2258 831 2323 obsisteret
859 2266 892 2320 et
912 2265 1121 2337 repugnaret.
1139 2256 1260 2337 Neque
1283 2235 1419 2335 {222⁶ssss

151 2364 200 2428 ita
216 2364 419 2428 laboriosum
437 2365 499 2429 suit
514 2373 706 2445 opportuna
731 2363 879 2425 indicare
905 2362 1061 2437 remedia,
1077 2359 1186 2423 sontes
1212 2360 1260 2422 ni·
1279 2350 1365 2415 sonas
1377 2367 1414 2400 re·

151 2467 272 2530 mirum
290 2488 471 2550 germanae
495 2468 668 2531 doctrinae
696 2466 783 2529 male
808 2468 957 2529 desertos
974 2466 1079 2547 repeti
1096 2475 1260 2547 oportere.
1283 2416 1384 2531 meir

152 2570 193 2632 ld
218 2571 291 2633 Nos
318 2572 463 2654 primum
496 2571 615 2635 litteris
645 2572 734 2634 datis
766 2570 944 2652 encyclicis
971 2570 1113 2634 Aeterni
1142 2570 1260 2632 Patris
1288 2548 1438 2663 maseffl}

148 2677 401 2756 praestitimus;
425 2676 575 2759 pluribus
603 2677 726 2739 deinde
752 2676 961 2739 auctoritatis
990 2675 1136 2737 Nostrae
1166 2675 1259 2749 actis,
1287 2680 1389 2728 namin

148 2787 253 2860 atque
263 2780 403 2861 privatis
419 2780 521 2842 etiam
538 2800 615 2842 cum
641 2779 808 2860 episcopis
832 2786 866 2840 et
892 2779 1159 2843 moderatoribus
1186 2780 1257 2843 reli·
1285 2744 1438 2859 ἳέζᾚῗ.

146 2881 319 2961 giosorum
338 2882 504 2948 Ordinum
522 2868 697 2965 colloquiis
714 2882 804 2944 idem
829 2883 962 2964 saepius
979 2882 1260 2961 confirmavimus,
1280 2876 1430 3006 alm

147 2985 372 3050 deliberatum
399 2987 507 3051 Nobis
532 3008 604 3050 esse
627 2995 661 3049 et
684 2987 904 3048 constitutum
930 2987 1117 3049 doctrinam
1144 2988 1260 3051 Sancti
1430 2978 1437 3001 ’

147 3089 305 3153 Thomae
321 3090 504 3173 Aquinatis
518 3094 550 3153 in
567 3090 699 3153 scholas
715 3110 833 3153 omnes
851 3111 1005 3155 revocare
1022 3113 1029 3170 ;
1045 3112 1120 3155 eam
1138 3113 1261 3175 nempe

146 3194 339 3257 doctrinam
357 3216 458 3277 quam
475 3195 609 3277 amplae
625 3214 840 3257 romanorum
857 3196 1056 3260 Pontificum
1075 3216 1260 3260 sacrorum-

147 3318 218 3381 que
243 3298 470 3365 Conciliorum
494 3301 610 3363 laudes
626 3302 877 3377 commendant,
894 3310 927 3363 et
954 3320 1030 3382 qua,
1055 3298 1260 3382 suffragante

145 3402 360 3465 saeculorum
377 3423 469 3477 voce,
484 3402 565 3465 nihil
576 3403 716 3466 solidius
728 3404 834 3485 possit
851 3412 908 3466 aut
925 3403 1125 3467 fructuosius
1141 3404 1260 3487 optari.

144 3538 193 3548 -
218 3505 305 3568 Rem
323 3506 397 3568 Nos
413 3506 521 3569 moliri
546 3517 579 3569 et
606 3506 732 3587 negotii
749 3518 784 3570 et
810 3507 933 3570 laboris
958 3506 1092 3590 plenam
1121 3508 1260 3570 omnino
1277 3518 1428 3592 'operatau-

145 3608 391 3687 intelleximus,
404 3630 509 3692 quum
521 3610 605 3673 tanti
624 3608 889 3692 referretquanti
906 3612 1096 3693 graviorum
1114 3612 1260 3694 discipli·
1280 3578 1440 3709 {iffi-'f‘

145 3731 268 3776 narum
297 3733 405 3795 paene
429 3713 580 3777 omnium
607 3714 792 3777 instaurare
820 3716 1008 3778 rationem:
1038 3733 1113 3778 eam
1144 3725 1259 3780 tamen
1289 3709 1411 3801 ''taffi

145 3824 319 3878 maturare
347 3824 381 3878 et
406 3836 524 3897 urgere
550 3816 798 3894 contendimus,
828 3837 931 3898 opera
958 3818 1061 3881 etiam
1093 3816 1259 3883 Ordinum
1285 3790 1430 3899 fim,

145 3917 382 4000 religiosorum
408 3921 506 3983 valde
531 3918 658 3996 confisi,
685 3940 827 4002 quorum
848 3922 1026 4004 explorata
1050 3925 1155 3988 virtus
1178 3927 1260 3989 nihil

144 4022 302 4106 profecto
328 4044 438 4106 neque
454 4024 590 4107 ingenio
617 4043 725 4107 neque
742 4024 866 4088 viribus
886 4036 1038 4107 parceret
1054 4029 1096 4091 ad
1122 4029 1261 4091 consilia

143 4128 276 4192 Nostra
305 4128 452 4192 iuvanda
477 4137 511 4192 et
541 4126 756 4211 perficienda.
787 4127 866 4209 Quo
896 4132 1032 4212 quidem
1059 4133 1092 4195 in
1122 4152 1261 4197 numero
1297 4210 1302 4220 ,

143 4233 266 4297 deesse
277 4252 343 4295 non
359 4240 493 4313 poterat
509 4230 623 4294 inclita
635 4231 786 4295 Societas
800 4232 898 4307 Iaso,
911 4234 1035 4317 quippe
1045 4254 1132 4317 quae
1148 4246 1182 4298 et
1194 4236 1262 4301 late
1289 4214 1431 4323 '3'22‘22222

143 4345 266 4420 pateat
290 4336 324 4399 in
351 4335 502 4399 Ecclesia
523 4344 557 4398 et
581 4334 702 4398 studiis
726 4335 876 4399 deditam
901 4337 1109 4402 iuventutem
1139 4351 1261 4422 suopte
1281 4340 1346 4405 Jesu
1362 4338 1443 4386 adm*
