3117 4859
367 319 435 386 106
472 335 662 387 trsrnuns
689 336 948 388 apostoncae
977 323 999 352 ‘⁴
1016 338 1173 389 cunrsrr
1201 317 1391 390 nou1u1.''

358 477 446 539 iacet
463 475 730 540 sacci-r-moussr
741 477 785 540 ad
801 477 920 541 Nilum
937 477 1072 554 flumen,
1086 478 1145 560 qui
1170 478 1295 558 pariter
1315 479 1409 542 locus
1433 480 1468 542 in

359 577 487 643 ditione
502 588 577 643 esto
592 581 743 645 eiusdem
760 581 924 646 dioecesis
943 602 950 659 ;
967 583 1009 645 ad
1021 581 1232 646 occidentem
1243 581 1348 645 habet
1360 583 1469 645 deser·

191 723 263 776 ,qm
276 717 334 763 n„
360 693 431 746 tum
450 683 625 766 Libycum.
642 721 685 734 -
700 685 875 750 Dloecesls
899 686 1074 764 Thebana,
1088 687 1123 749 io
1152 684 1352 768 Aegyptum
1374 706 1469 768 supe·

195 777 271 822 danae
280 776 334 838 dest-

182 838 296 882 uruntur.
359 787 479 850 riorem
497 799 660 869 porrecta,
675 789 958 854 circumscribitur
974 790 1017 854 ad
1034 790 1228 872 aquilonem
1255 789 1470 873 Hermopoli-

359 893 461 970 tan23
478 892 521 956 ad
549 892 723 969 orientem,
749 893 824 958 sinu
853 894 1026 972 Arabic03
1053 894 1095 958 ad
1123 904 1276 958 austrum
1304 895 1471 974 vegesimo

359 997 508 1060 secundo
535 997 642 1080 gradu
668 997 857 1062 latitudinis
885 997 1053 1076 borealis;
1079 999 1122 1063 ad
1150 1017 1320 1075 occasum,
1336 991 1469 1062 deserto

361 1099 501 1182 Libyco.

219 1231 335 1277 Patrim-
405 1203 659 1286 Designationis
676 1207 806 1289 primae
821 1217 894 1272 tum
913 1207 1127 1272 patriarchae
1143 1216 1215 1271 tum
1241 1206 1470 1289 suffraganeo

182 1289 336 1350 ‘'⁸⁶“‘Ell'
361 1327 434 1370 rum
452 1307 699 1392 Episcoporum
717 1310 939 1394 Apostolicae
955 1310 1032 1375 huic
1056 1311 1137 1378 Sedi
1169 1311 1221 1374 ius
1251 1331 1471 1377 reservamus.

178 1357 337 1516 ννῗίζὲἶ
365 1412 513 1490 Interim,
525 1415 748 1499 quoadusque
757 1435 796 1479 ea
806 1415 998 1499 designatio
1009 1415 1078 1492 fiat,
1090 1415 1293 1480 mandamus
1306 1426 1345 1480 ut
1356 1418 1471 1480 catho-

181 1482 295 1576 sesslur
323 1590 328 1600 Ι
363 1517 501 1581 licorum
528 1519 652 1602 copticl
677 1521 770 1597 ritus,
794 1530 964 1604 quotquot
994 1530 1068 1584 tota
1098 1519 1263 1603 Aegypto
1287 1530 1471 1595 versantur,

228 1590 254 1636 δ’
268 1587 333 1635 Μ’
363 1641 465 1704 penes
481 1625 637 1688 eumdem
655 1623 895 1688 Venerabilem
920 1626 948 1688 F
950 1635 1056 1688 ratem
1084 1623 1259 1706 Cyrillum,
1276 1625 1417 1688 nomine
1440 1636 1471 1687 et

362 1728 563 1791 auctoritate
579 1728 775 1812 apostolica,
791 1729 1042 1794 administratio
1058 1737 1265 1811 permaneat.

219 1848 339 1918 Laetarur
410 1831 462 1896 Ita
478 1852 578 1914 posse
595 1833 667 1896 Nos
682 1834 726 1897 de
754 1834 986 1898 Patriarchatu
1008 1833 1246 1898 Alexandrino
1260 1853 1323 1915 pro
1354 1832 1472 1916 Coptis

199 1908 337 2014 „filffl
361 1937 571 2000 restituendo
598 1938 783 2020 providere,
799 1939 1015 2003 vehementer
1040 1937 1206 2002 laetamur
1238 1937 1272 2000 in
1299 1937 1471 2005 Domino:

204 2027 336 2132 ffi‘ffc?
362 2058 470 2122 eoque
487 2042 595 2122 magis
610 2043 689 2124 quia
705 2044 776 2106 eius
793 2043 981 2106 recordatio
1006 2041 1167 2106 ecclesiae
1183 2053 1254 2106 tam
1271 2051 1369 2123 grata
1385 2041 1469 2105 accl-

179 2147 254 2266 pr'
265 2121 336 2191 disci:
362 2143 413 2207 dit
428 2165 530 2226 quam
546 2166 633 2228 quae
649 2145 851 2228 gratissima.
871 2145 960 2210 Nam
976 2161 1156 2228 propterea
1172 2147 1263 2229 quod
1286 2165 1364 2209 eam
1382 2145 1471 2209 Mar·

240 2243 245 2262 '
361 2267 430 2325 cus,
442 2250 627 2314 beatissimi
641 2251 730 2315 Petri
747 2252 931 2333 discipulus
954 2260 989 2314 et
1005 2250 1181 2333 interpres,
1195 2251 1371 2332 auspicato
1391 2269 1468 2313 con-

360 2351 470 2416 stituit
485 2364 666 2438 sancteque
676 2356 885 2436 gubernavit,
901 2355 1024 2418 arctior
1038 2357 1207 2438 quaedam
1219 2365 1253 2418 et
1267 2354 1469 2437 praeclarior

360 2457 571 2522 necessitudo
581 2469 701 2523 exorta
716 2470 776 2536 est,
789 2480 890 2543 quarn
904 2459 987 2523 alias
1000 2459 1348 2538 commemoravimus,
1364 2462 1468 2542 ipsam

360 2559 489 2626 interet
504 2559 693 2628 Romanam
707 2564 895 2642 ecclesiam;
915 2565 1009 2628 culus
1032 2564 1245 2645 potissimum
1262 2564 1467 2628 coniunctio

361 2665 412 2727 nis
439 2665 602 2731 beneficio
617 2670 733 2734 extitit
749 2669 806 2732 illa
822 2668 1018 2751 pernobilis,
1033 2667 1213 2752 floruitque
1234 2668 1292 2730 diu
1309 2677 1345 2731 et
1360 2667 1466 2750 splen·

183 2770 332 2818 ‹rusrrmus-
360 2769 443 2832 dore
459 2771 619 2836 virtutum
636 2785 670 2837 et
685 2775 859 2837 doctrinae
876 2773 1088 2838 excellentia
1099 2772 1213 2855 Quare
1226 2771 1336 2836 Nobis
1352 2783 1404 2835 est
1412 2791 1467 2853 op-

201 2831 336 2936 lllm
363 2875 566 2940 tatissimum
580 2887 617 2942 ut
642 2877 880 2942 dissentientes
897 2877 1000 2960 Copti
1019 2876 1254 2942 Hierarchiam
1271 2877 1467 2941 catholicam

228 2962 336 3056 “rm
364 3001 409 3043 ex
420 2981 563 3046 veritate
578 3001 692 3046 coram
711 2982 787 3047 Deo
799 2982 1012 3046 considerent
1028 3004 1036 3060 ;
1052 3002 1128 3046 eam
1146 2983 1317 3059 nimirum,
1333 2981 1469 3064 quaeob

181 3069 337 3174 mm·
363 3085 636 3150 communionem
664 3107 740 3150 cum
777 3087 948 3152 Cathedra
980 3087 1143 3170 Principis
1170 3087 1417 3168 Apostolorum
1437 3095 1470 3147 et

362 3193 610 3255 successoribus
626 3192 706 3271 eius,
721 3193 795 3256 sola
810 3200 923 3276 potest
938 3191 1117 3255 ecclesiam
1133 3212 1153 3254 a
1166 3191 1285 3254 Marco
1301 3189 1467 3254 conditam

364 3295 513 3376 legitime
539 3295 669 3374 relerre,
685 3296 823 3379 solaque
850 3297 947 3360 heres
962 3305 1014 3361 est
1036 3295 1221 3359 memoriae
1230 3296 1358 3368 ,omnis
1375 3314 1468 3379 quae-

362 3420 508 3484 cumque
527 3401 769 3465 Patriarcbatui
788 3400 1027 3464 Alexandrino
1042 3419 1062 3462 a
1077 3400 1196 3481 priscis
1213 3399 1279 3462 illis
1289 3401 1468 3463 maioribus

362 3514 414 3567 est
431 3502 572 3567 fideliter
587 3503 721 3568 tradita.
739 3505 795 3568 Ex
811 3525 852 3569 eo
869 3503 938 3582 fiat,
953 3503 987 3568 id
1005 3503 1095 3586 quod
1113 3513 1223 3567 rectus
1240 3502 1390 3584 ipsorum
1402 3501 1469 3564 ani·

366 3627 440 3670 mus
452 3618 485 3673 et
502 3607 636 3674 divinae
652 3609 781 3692 gratiae
798 3609 991 3690 benignitas
1001 3628 1136 3690 sperare
1147 3607 1336 3672 admodum
1348 3607 1467 3680 iubent,

364 3723 401 3776 ut
416 3713 564 3777 dimissis
579 3713 718 3778 tandem
735 3713 1000 3796 compositisque
1016 3713 1165 3777 dissidiis
1173 3732 1261 3794 quae
1272 3718 1468 3775 consecutae

364 3817 505 3882 intulere
522 3827 659 3894 aetates,
675 3818 717 3882 ad
735 3818 900 3882 unitatem
917 3817 1024 3880 redire
1046 3816 1152 3880 velint
1168 3816 1346 3879 Romanae
1371 3812 1467 3876 eccle·

366 3920 444 3998 siae,
459 3941 546 4004 quae
562 3942 748 4004 permagno
764 3941 822 3984 eos
834 3921 1002 3985 desiderio
1013 3922 1165 3985 caritatis
1174 3929 1344 4003 expectat.

216 4043 338 4114 emefen-
411 4024 485 4089 Has
510 4026 638 4090 litteras
663 4025 806 4089 Nostras
834 4036 867 4089 et
893 4043 1126 4108 quaecumque
1152 4024 1186 4086 in
1213 4023 1295 4107 ipsis
1309 4022 1469 4087 habentur

198 4105 337 4208 ssmfjss
365 4127 459 4190 nullo
475 4149 624 4211 unquam
640 4140 794 4211 tempore
809 4131 852 4192 de
868 4129 1094 4211 subreptionis
1105 4138 1164 4193 aut
1176 4127 1381 4211 obreptionis
1389 4123 1467 4188 vitio

201 4221 338 4266 ‘'W““l‘m
365 4230 435 4294 sive
465 4234 662 4296 intentionis
689 4233 836 4296 Nostrae
861 4232 970 4297 aliove
994 4235 1112 4316 quovis
1139 4233 1274 4298 deiectu
1295 4230 1399 4296 notari
1415 4225 1465 4291 vel

185 4277 258 4322 vindi
297 4311 304 4324 .

258 4283 298 4324 m
365 4334 556 4416 impugnari
578 4355 686 4416 posse,
701 4346 735 4399 et
751 4357 884 4418 semper
899 4337 1029 4400 validas
1044 4357 1083 4401 ac
1101 4336 1213 4401 firmas
1229 4337 1311 4415 lore,
1326 4352 1464 4415 suosque
