3117 4859
436 361 486 411 oe
513 361 677 412 nosnnro
705 362 878 412 unarum.
988 401 993 408 .
1166 351 1214 422 93

102 508 173 570 siae
200 506 372 582 memoria,
402 505 617 586 praecipuam
643 505 801 568 virtutem
828 505 1002 568 consuevit
1026 510 1141 583 petere
1169 521 1214 563 ex
1273 522 1360 611 seir

103 609 262 691 Deipara,
280 618 455 691 tamquam
483 609 626 672 fautrice
652 613 784 691 optima
800 610 893 690 pacis
909 619 943 673 et
960 609 1109 672 unitatis.
1127 606 1213 670 Eam
1280 622 1355 686 1895.

102 726 238 777 sanctus
255 712 443 778 Germanus
454 715 843 795 constantinopolitanus
858 715 910 777 his
920 713 1060 777 vocibus
1075 714 1215 776 orabat:
1239 737 1395 807 mim„-

106 816 373 883 Christianorum
390 828 558 895 memento,
576 819 637 900 qui
658 817 750 882 servi
763 820 817 882 tui
829 829 909 881 sunt
923 842 935 882 .·
949 815 1099 882 omnium
1106 827 1217 898 preces
1239 797 1369 902 {ffiffff

102 919 299 997 commenda,
314 932 385 1002 spes
399 922 549 985 omnium
560 920 687 985 adiuva
696 945 711 998 ,·
729 923 872 1005 trifidam
887 921 1003 998 solida,
1018 931 1054 985 tu
1070 921 1217 986 ecclesias
1240 915 1364 1021 'imi‘

104 1025 139 1087 in
170 1046 273 1088 uneem
297 1025 453 1108 coniunge
465 1025 515 1108 (¹).
542 1027 598 1092 Sic
623 1027 734 1090 adhuc
761 1037 812 1090 est
842 1025 1047 1090 Graecorum
1075 1026 1215 1090 adeam

103 1129 287 1193 obtestatio
313 1153 321 1192 :
351 1129 592 1211 Opurissima,
620 1131 676 1194 cui
688 1131 805 1194 datum
833 1131 976 1194 accedere
1004 1129 1052 1193 ad
1087 1129 1217 1193 Filium

103 1241 198 1296 tuum
224 1233 314 1297 nullo
332 1242 418 1296 nutu
441 1235 593 1316 repulsae,
609 1243 645 1298 tu
668 1256 742 1299 eum
764 1255 871 1311 exera,
897 1234 1156 1312 osenctissima,
1180 1243 1219 1296 ut

104 1337 226 1400 mundo
237 1353 350 1420 pacem
370 1338 541 1427 impertiet
554 1349 586 1402 et
606 1339 753 1403 eamdem
764 1339 903 1403 ecclesiis
917 1338 1068 1402 omnibus
1078 1347 1217 1401 euntem

103 1440 249 1523 adspiret
260 1451 379 1524 :atque
393 1463 503 1506 omnes
517 1443 804 1526 magnificabimus
819 1443 871 1524 te(
891 1443 912 1525 ).
925 1481 968 1491 —
984 1443 1061 1506 Huc
1083 1443 1218 1522 propria
1243 1436 1392 1543 ἄψ·

105 1547 273 1627 quaedam
292 1547 421 1610 accedit
446 1567 565 1610 caussa
581 1548 802 1629 quamobrem
820 1548 928 1621 nobis,
943 1546 1216 1609 dissentientium
1243 1557 1359 1627 nemun·

105 1652 279 1713 nationum
308 1652 418 1732 gratia
441 1652 745 1733 comprecantibus,
770 1661 899 1715 annuat
916 1651 1026 1714 Maria
1041 1650 1217 1733 indulgen·
1242 1618 1397 1744 ‘mm‘

103 1754 172 1816 tius
185 1778 192 1817 z
208 1755 343 1836 egregia
355 1755 480 1818 scilicet
493 1776 581 1837 quae
597 1757 630 1818 in
647 1756 755 1837 ipsam
768 1755 903 1819 suerunt
915 1775 1030 1818 earum
1043 1757 1171 1833 merita,
1183 1753 1216 1816 in
1242 1739 1383 1852 ᾗζζᾚᾳζζι

105 1851 288 1940 primisque
298 1853 522 1924 orientalium.
540 1859 644 1923 Hisce
660 1859 804 1923 multum
817 1881 899 1923 sane
912 1860 1054 1924 debetur
1066 1860 1108 1923 de
1118 1877 1218 1922 vene·
1242 1857 1383 1973 ἵξῃ

106 1961 238 2025 ratione
264 1963 336 2025 eius
363 1974 550 2046 propagata
577 1974 611 2026 et
637 1973 761 2027 aucta:
787 1964 820 2026 in
837 1963 889 2026 his
904 1962 1220 2027 commemorabiles
1241 1981 1288 2032 pro
1298 1971 1358 2030 ipsis

108 2065 284 2146 dignitatis
311 2067 382 2129 eius
410 2075 591 2131 assertores
616 2078 650 2131 et
675 2068 835 2144 vindices,
860 2076 1030 2149 potestate
1046 2067 1220 2148 scriptisve
1245 2035 1354 2079 ‘mm'

106 2170 296 2250 gravissimi
315 2191 322 2246 ;
340 2170 530 2234 laudatores
546 2173 666 2235 ardore
681 2182 715 2235 et
725 2173 892 2236 suavitate
908 2172 1032 2254 eloquii
1050 2171 1199 2251 insignes
1214 2188 1221 2230 :

108 2271 341 2337 dilectissimae
359 2259 435 2338 Deo
458 2273 680 2358 imperatrices
694 2275 748 2356 (³),
771 2275 1024 2357 integerrimam
1042 2275 1221 2355 Virginem

109 2376 264 2441 imitatae
288 2379 458 2460 exemplo,
474 2378 705 2444 munificentia
721 2389 921 2462 prosecutae
941 2379 1063 2458 ;aedes
1078 2398 1117 2440 ac
1133 2377 1222 2441 basi·
1238 2379 1242 2384 “

109 2478 192 2543 licae
217 2482 319 2564 regali
340 2483 433 2546 cultu
461 2483 699 2548 excitatae—
715 2483 874 2547 Adiicere
900 2503 1004 2547 unum
1032 2482 1113 2545 libet
1128 2480 1221 2563 quod
1284 2485 1400 2591 (Qu

109 2602 176 2647 non
201 2585 296 2649 abest
309 2605 331 2648 a
346 2606 391 2664 re,
407 2595 441 2650 et
460 2597 513 2657 est
530 2588 699 2668 Deiparae
715 2596 854 2662 sanctae
869 2587 1063 2668 gloriosum.
1083 2585 1222 2668 Ignorat
1246 2558 1400 2650 iioemzieie-

109 2706 219 2761 nemo,
235 2699 396 2771 augustas
423 2692 494 2755 eius
515 2692 679 2773 imagines
697 2712 742 2754 ex
758 2692 896 2767 oriente,
911 2692 1012 2754 variis
1029 2703 1220 2772 temporum
1246 2665 1400 2784 „fflssss‘i

109 2791 257 2872 casibus,
276 2795 310 2856 in
339 2793 550 2859 occidentem
581 2795 799 2877 maximeque
816 2795 850 2858 in
868 2794 1004 2859 Italiam
1032 2803 1067 2858 et
1084 2796 1117 2857 in
1134 2794 1221 2857 hanc
1247 2783 1400 2889 fflffl

111 2893 250 2973 Urbem,
266 2899 455 2979 complures
467 2899 569 2963 luisse
581 2901 741 2964 advectas
754 2923 762 2962 z
774 2919 859 2981 quas
869 2908 904 2961 et
913 2918 1048 2962 summa
1057 2919 1133 2962 cum
1147 2897 1221 2960 reli·
1247 2917 1290 2948 πω
1300 2903 1374 2960 utip-

108 2999 210 3080 gione
220 3012 426 3083 exceperunt
443 3013 556 3084 patres
573 3001 821 3086 magnificeque
837 3002 1023 3078 coluerunt,
1039 3012 1073 3066 et
1090 3000 1224 3065 aemula
1246 2967 1387 3066 iiiii-Zia

110 3115 250 3185 nepotes
263 3106 388 3186 pietate
401 3107 524 3170 habere
540 3106 679 3170 student
695 3106 903 3170 sacerrimas.
918 3106 995 3169 Ho'c
1008 3107 1042 3169 in
1060 3105 1151 3169 iacto
1166 3125 1222 3188 ge·
1247 3079 1384 3184 mape-

109 3209 169 3270 stit
194 3209 328 3272 animus
344 3220 464 3273 nutum
481 3211 665 3293 quemdam
683 3219 716 3274 et
732 3211 878 3291 gratiam
894 3230 1079 3292 agnoscere
1094 3209 1222 3272 studio·

109 3312 262 3375 sissimae
278 3314 403 3378 matris.
419 3313 610 3396 Significari
627 3315 717 3377 enim
733 3315 876 3389 videtur,
892 3314 1057 3396 imagines
1074 3332 1132 3375 eas
1149 3331 1222 3392 per-

109 3417 189 3480 inde
215 3427 334 3481 extare
361 3421 451 3500 apud
474 3428 617 3496 nostros,
633 3418 728 3501 quasi
760 3427 864 3482 testes
891 3405 1084 3500 temporum
1101 3416 1223 3498 quibus

109 3520 293 3584 christiana
314 3519 441 3586 familia
457 3523 597 3586 omnino
615 3543 683 3586 una
706 3521 832 3603 ubique
848 3521 1061 3599 cohaerebat,
1076 3533 1111 3586 et
1127 3521 1223 3604 quasi

109 3624 300 3688 communis
314 3625 532 3691 haereditatis
548 3627 634 3690 bene
650 3646 726 3689 cara
737 3625 880 3707 pignora
898 3628 1110 3690 :earumdem
1123 3646 1224 3709 prop·

109 3738 202 3792 terea
231 3728 404 3808 adspectu,
431 3730 523 3793 velut
558 3731 632 3812 ipsa
663 3729 805 3810 Virgine
830 3729 1065 3807 submonente,
1090 3733 1132 3794 ad
1159 3730 1223 3794 hoc

110 3831 213 3896 etiam
244 3832 376 3896 invitari
404 3833 544 3910 animos,
575 3842 613 3896 ut
644 3832 775 3896 illorum
808 3833 863 3914 pie
895 3833 1108 3896 meminerint
1138 3853 1223 3916 quos

110 3937 264 4001 Ecclesia
276 3936 442 4000 catholica
454 3937 495 4000 ad
508 3939 683 4019 pristinam
697 3937 730 4000 in
742 3935 926 4017 complexu
936 3958 998 4002 suo
1007 3939 1221 4003 concordiam

110 4040 343 4124 laetitiamque
356 4040 588 4104 amantissime
604 4050 746 4104 revocat.

156 4145 277 4226 Itaque
303 4164 524 4227 permagnum
545 4146 692 4207 'unitatis
717 4145 920 4208 christianae
936 4145 1142 4226 praesidium
1171 4147 1222 4211 di·

142 4317 161 4348 x.
174 4303 216 4350 Or.
229 4305 285 4350 hist.
300 4303 328 4348 in
339 4303 437 4350 demerit.
448 4304 580 4362 Deiparae.
593 4328 623 4338 -
635 4317 656 4350 a.
672 4305 738 4350 Mem
752 4314 769 4348 v
781 4294 1000 4349 mantiscinatus
1015 4310 1070 4364 post
1089 4307 1125 4350 od.
1150 4315 1179 4349 rx
1195 4305 1224 4350 de

110 4377 135 4420 S.
150 4375 221 4420 Irene
232 4375 257 4421 V.
271 4375 308 4421 M.
321 4399 351 4408 -
366 4389 389 4432 3.
401 4376 427 4421 S.
439 4375 511 4422 Cin'll.
524 4375 585 4423 alex.
595 4376 623 4421 de
629 4376 678 4435 fide
688 4376 722 4422 ad
731 4376 1018 4422 Pulcherinmetrorores
1026 4378 1130 4436 reginas.
