3117 4859
438 362 560 413 INDEX
588 363 842 416 ANALYTICUS.
1126 368 1197 441 345

93 537 227 590 unitatem
235 551 335 589 omnes
349 535 467 589 incitare
479 545 581 604 gentes
595 548 655 604 273.
664 536 724 589 -l
741 535 812 589 Pars
826 554 832 590 :
847 535 982 590 Gentium
990 537 1150 595 cohortatio
1163 540 1200 594 ad

92 622 171 677 Fidei
196 623 342 677 unitatem.
365 624 399 677 ln
422 622 521 692 primis
543 632 659 692 exoptat
682 622 813 677 Pontifex
836 634 865 676 ut
885 624 992 694 populi,
1007 625 1200 695 Evangelicae

92 710 215 766 veritatis
236 720 375 779 expertes,
401 721 585 765 sacrosancto
620 711 689 780 Jesu
711 710 886 764 illustrentur
902 711 1027 766 nomine.
1051 712 1201 770 Ecclesiae

91 798 144 851 hac
157 797 185 851 in
198 814 228 851 re
241 798 355 850 labores
367 797 493 866 exponit,
505 806 533 850 et
546 798 645 865 Jesum
657 797 828 867 deprecatur
847 809 877 852 ut
896 798 933 852 ad
956 798 1081 867 seipsum
1104 802 1200 855 omnia

92 882 182 937 trahat
204 895 330 949 277474μ
350 911 385 922 -
406 882 488 936 Alias
508 873 577 937 vero
595 894 707 951 gentes,
721 884 849 939 veritatis
861 884 928 937 olim
944 886 1072 953 perfusas
1084 887 1200 957 lumine,

91 970 166 1025 dolet
179 971 216 1024 de
226 970 290 1024 sinu
301 970 451 1025 Ecclesiae
466 970 555 1024 fuisse
568 982 669 1040 postea
683 972 852 1037 abstractas,
863 973 983 1043 Deoque
991 973 1124 1041 confisus,
1136 975 1200 1029 hor·

92 1067 164 1111 tatur
180 1074 229 1111 eas
242 1067 272 1111 ut
287 1056 326 1111 ad
338 1057 478 1111 unitatem
500 1057 618 1111 redeant
642 1070 701 1134 274.
727 1086 763 1095 -
789 1058 950 1113 Orientales
970 1059 1118 1114 Ecclesiae
1142 1077 1200 1113 non

92 1147 196 1215 ingenti
215 1147 252 1199 ab
266 1146 399 1201 Ecclesia
418 1162 536 1200 romana
558 1146 749 1215 sejunguntur
762 1147 927 1203 discrimine
947 1161 1073 1217 274-275.
1091 1176 1127 1187 ·-
1142 1149 1200 1203 Pri-

91 1244 198 1286 matum
218 1232 327 1297 romani
351 1230 507 1297 Pontificis,
534 1230 640 1285 Christi
670 1232 764 1285 verbis
795 1234 1015 1302 promulgatum,
1047 1232 1101 1302 ipsi
1132 1232 1200 1288 olim

92 1320 252 1374 Orientales
265 1320 385 1391 professi
399 1330 473 1386 sunt,
488 1336 522 1373 ex
535 1318 628 1389 iisque
642 1337 699 1374 non
713 1322 795 1391 pauci
809 1322 838 1375 in
858 1321 1028 1376 Pontificum
1051 1338 1201 1376 numerum

89 1407 201 1461 fuerunt
210 1407 347 1477 adscripti
360 1421 420 1476 275.
430 1436 466 1445 -
476 1408 586 1461 Omnes
596 1408 741 1476 quondam
752 1408 907 1462 orientales
917 1408 1023 1478 pariter
1031 1409 1200 1480 atqueocci·

91 1496 219 1549 dentales
233 1494 380 1549 Ecclesias
404 1512 525 1550 romano
538 1496 669 1564 paruisse
682 1495 825 1564 Pontifici,
838 1512 872 1551 ex
891 1495 955 1566 ipsa
968 1498 1104 1567 probatur
1116 1497 1201 1551 histo·

89 1585 129 1639 ria
141 1583 232 1639 exorti
249 1583 360 1637 dissidii
383 1596 441 1652 275.
456 1612 492 1622 -
506 1585 540 1637 ln
555 1584 693 1639 Conciliis
719 1584 809 1653 Lugd.
825 1586 854 1639 11
877 1596 905 1640 et
920 1586 1005 1652 Flor,
1020 1584 1122 1640 Graeci
1136 1600 1200 1639 cum

90 1672 199 1726 Latinis
212 1672 249 1725 de
261 1672 317 1726 hoc
328 1672 464 1741 dogmate
477 1687 652 1729 consensere
663 1685 722 1741 275.
734 1700 769 1711 -
780 1673 838 1742 Spe
846 1673 975 1741 gaudens
991 1672 1120 1727 Pontifex
1129 1672 1200 1726 futu·

89 1776 136 1814 rae
153 1757 282 1827 unitatis,
300 1758 505 1814 dissidentibus
526 1758 660 1829 proponit
687 1758 867 1814 Bessarionis
888 1761 983 1827 verba,
1006 1758 1201 1815 Orientalibus

90 1847 260 1903 concordiae
272 1856 456 1917 praeceptum
469 1847 640 1903 inculcantis
653 1850 778 1916 275·276.
792 1877 827 1887 -—
841 1848 965 1902 Nonnisi
974 1848 1095 1902 caritate
1104 1846 1201 1901 divina

89 1945 220 1991 movetur
233 1935 363 1990 Pontifex
373 1935 411 1990 ad
425 1935 605 1990 suadendam
617 1935 852 2004 conjunctionem
865 1952 871 1988 τ
893 1952 967 2005 quae
987 1936 1103 2005 quidem
1116 1935 1201 2004 plena

89 2023 123 2077 sit
136 2033 260 2093 oportet,
273 2024 302 2078 in
316 2023 398 2078 Fidei
411 2033 439 2078 et
452 2023 602 2092 regiminis
615 2022 724 2078 unitate
736 2023 897 2079 consistens
912 2024 972 2089 276.
984 2053 1020 2063 -
1034 2023 1121 2077 Nullo
1135 2022 1202 2076 inde

90 2110 239 2165 Ecclesiae
251 2110 405 2165 orientales
410 2112 475 2180 jure
488 2110 661 2178 minuentur,
674 2120 720 2165 ast
734 2126 841 2179 magna
849 2121 978 2165 crescent
989 2108 1130 2179 dignitate
1140 2108 1201 2173 276.

88 2226 122 2236 -
140 2198 238 2269 Ipsius
250 2198 382 2267 liturgiae
395 2197 543 2253 orientalis
559 2214 660 2268 preces
672 2215 726 2269 pro
739 2199 848 2253 unitate
861 2197 937 2266 fidei,
951 2200 1031 2252 Deus
1043 2196 1177 2253 exaudiat
1193 2198 1200 2250 l

87 2285 215 2353 276-277.
228 2315 264 2325 -
278 2286 372 2355 Supra
380 2284 459 2339 dicta
473 2274 607 2340 Pontifex
622 2285 723 2355 paucis
736 2285 831 2341 verbis
844 2286 988 2341 contrahit
1002 2299 1064 2353 277.
1078 2314 1112 2323 -
1124 2281 1201 2341 Slavi

88 2372 258 2428 nominatim
274 2372 491 2443 compellantur,
505 2390 523 2427 a
547 2374 599 2428 SS.
614 2374 722 2443 Cyrillo
742 2384 771 2429 et
799 2374 949 2429 Methodio
970 2374 1008 2428 ad
1029 2372 1202 2428 catholicam

89 2461 191 2517 Fidem
205 2461 273 2515 olim
286 2460 443 2529 aggregati,
456 2470 559 2528 postea
573 2478 641 2515 vero
653 2479 672 2515 a
684 2462 862 2531 professione
880 2479 999 2517 romana
1012 2460 1122 2530 delapsi
1140 2472 1201 2525 277.

88 2544 239 2617 -Populi
260 2546 298 2600 ab
316 2545 449 2599 Ecclesia
460 2546 614 2599 recentiori
628 2556 757 2617 ternpore
781 2548 913 2618 sejuncti,
928 2564 963 2601 eo
981 2548 1041 2615 jam
1061 2545 1202 2600 devenere

90 2635 191 2689 erroris
213 2643 244 2687 ut
264 2634 342 2687 nulla
363 2632 488 2703 supersit
502 2644 582 2689 certa
594 2635 661 2691 fidei
673 2636 805 2705 formula,
820 2638 1059 2707 impugneturque
1069 2652 1087 2688 a
1106 2634 1204 2687 multis

89 2725 150 2794 ipsa
163 2721 271 2778 Christi
284 2722 429 2790 divinitas,
442 2733 470 2778 et
483 2723 640 2778 auctoritas
658 2726 687 2779 S.
702 2726 866 2795 Scripturae
881 2726 1007 2791 277·278.
1022 2752 1056 2763 -
1078 2724 1110 2777 ln
1124 2732 1205 2777 tanta

89 2830 139 2867 sua
151 2811 361 2868 sententiarum
373 2811 519 2865 discordia
531 2823 629 2867 sectae
642 2814 819 2882 praedicant,
833 2824 862 2868 at
875 2814 988 2881 frustra,
1001 2810 1128 2867 caritatis
1139 2826 1204 2865 con·

86 2899 273 2969 junctionem,
286 2916 360 2969 quae
372 2898 490 2969 quidem
504 2899 579 2954 inter
589 2916 639 2954 eos
649 2911 761 2955 tantum
774 2902 932 2956 consistere
945 2911 1040 2971 potest
1052 2916 1125 2969 quos
1134 2898 1206 2951 fides

90 2985 187 3041 fecerit
200 2998 297 3040 mente
315 2987 474 3040 concordes
499 2988 558 3052 278.
574 2988 792 3057 -Complures
813 2988 887 3043 inter
908 2987 1090 3052 dissidentes,
1103 3004 1137 3041 ex
1157 2985 1205 3037 illa

88 3084 231 3129 sectarum
256 3074 423 3129 diversitate
449 3074 617 3129 intellexere
639 3074 802 3129 Ecclesiam
828 3091 978 3130 romanam
1004 3075 1095 3129 solam
1121 3088 1206 3126 verae

89 3163 239 3218 Ecclesiae
252 3163 379 3233 speciem
389 3181 458 3233 prae
472 3180 503 3218 se
518 3163 738 3235 ferre,illamque
752 3165 818 3219 ideo
828 3164 908 3219 multi
918 3182 951 3219 ex
960 3163 1030 3235 ipsis
1044 3178 1204 3232 propugna-

88 3260 189 3307 verunt
203 3251 316 3320 scriptis
330 3251 454 3321 egregiis
469 3252 530 3316 278.
544 3281 579 3291 -
595 3253 707 3307 Horum
726 3254 888 3323 exemplum
908 3263 937 3306 ut
951 3253 1096 3306 imitentur
1117 3248 1204 3303 ceteri

89 3348 152 3391 orat
164 3336 248 3393 enixe
262 3338 393 3393 Pontifex
414 3339 545 3407 278·279.
559 3368 594 3377 -
617 3340 758 3395 Catholici
778 3351 907 3407 caveant,
918 3339 978 3409 jam
998 3337 1115 3391 unitatis
1128 3353 1205 3391 com-

89 3436 181 3495 potes,
200 3442 237 3481 ne
250 3436 362 3481 tantum
376 3425 432 3480 Dei
446 3427 620 3482 beneficium
633 3437 815 3498 corrumpant
828 3449 837 3495 ;
849 3428 965 3483 monitis
980 3428 1007 3482 S.
1023 3426 1107 3481 Sedis
1120 3436 1205 3495 atque

91 3512 241 3568 Ecclesiae
261 3513 428 3583 magisterio
448 3515 643 3585 obsequantur
663 3516 786 3571 libenter
804 3530 856 3584 279
873 3537 879 3579 ;
899 3527 1063 3571 —rectam
1089 3524 1205 3568 teneant

90 3600 241 3657 Ecclesiae
253 3601 400 3656 notionem
413 3618 487 3673 quae
501 3603 625 3657 societas
638 3604 766 3674 perfecta
778 3614 831 3672 est,
852 3605 939 3659 finem
955 3604 1066 3658 habens
1084 3602 1204 3656 salutem

90 3688 259 3757 animarum,
272 3688 432 3760 mediisque
444 3690 583 3745 divinitus
597 3691 735 3745 instructa
748 3692 786 3746 ad
804 3693 881 3747 hunc
903 3693 989 3747 finem
1005 3690 1204 3760 attingendum
1244 3718 1253 3738 ι

89 3775 261 3831 necessariis
273 3790 334 3845 279.
353 3806 389 3816 -
403 3776 506 3833 Libera
524 3778 610 3847 igitur
627 3779 662 3833 sit
682 3779 815 3838 Ecclesia
837 3778 865 3834 in
888 3780 1021 3835 omnibus
1043 3794 1116 3849 quae
1138 3789 1205 3832 sunt

90 3862 133 3917 sui
142 3864 216 3933 juris
227 3876 339 3934 oportet
355 3882 432 3935 ;qua
445 3866 572 3936 quidem.
585 3867 715 3922 libertate
733 3868 848 3922 nonnisi
862 3868 890 3922 in
911 3869 1033 3923 salutem
1047 3867 1133 3922 utitur
1145 3867 1205 3920 ani·

91 3952 371 4022 marum279280.-
382 3954 494 4024 Dejure
502 3970 554 4008 suo
565 3954 750 4026 saepiusipsa
759 3955 952 4024 cedit,nedum
962 3957 1000 4011 ad
1010 3973 1042 4010 se
1052 3954 1205 4026 quicquam

90 4040 184 4111 rapiat
197 4042 233 4096 de
241 4042 305 4112 jure
319 4042 431 4112 imperii
444 4060 451 4097 :
465 4043 592 4099 vicissim
605 4056 734 4100 vereatur
748 4057 860 4116 oportet
869 4047 1021 4117 imperium
1029 4047 1093 4117 jura
1106 4047 1205 4100 Eccle-

92 4127 160 4181 siae.
188 4128 270 4184 llaec
294 4146 363 4185 vero
385 4130 552 4188 omnimode
575 4132 745 4202 opprimitur
770 4146 869 4189 nostra
888 4146 992 4202 aetate,
1012 4151 1118 4204 magno
1141 4149 1206 4187 cum

93 4214 240 4269 civitatum
253 4216 424 4273 detrimento
438 4219 499 4273 280.
511 4249 547 4258 -
561 4220 629 4273 Vult
647 4220 728 4275 Deus
740 4220 892 4277 distinctas
911 4239 1080 4293 permanere
1092 4221 1206 4276 civilem

94 4312 123 4356 et
131 4298 511 4375 sacrampotestatem,vetat
521 4324 585 4362 esse
594 4308 903 4382 sejunctas,ipsnmque
913 4309 1206 4367 societatishumanae
