3117 4859
350 333 372 402 3
377 314 423 403 3⁶
705 330 826 381 runai
853 328 1104 381 auaui'rrcus.

350 430 354 435 .
376 425 789 437 ..-—-—-——-—-——-—

384 486 436 539 37.
459 486 668 537 ΕΡΙΕΤΟιΑ
686 486 730 536 ad
745 486 783 535 Α.
806 480 918 549 Ριςδι,
931 484 1079 547 eupiemi
1101 484 1234 535 Consilii
1256 484 1364 533 socie-

349 577 426 627 tatis
450 574 690 625 vincentianae
711 572 912 623 Praesident.
933 572 1028 624 -13
1048 573 1141 624 Febr.
1165 572 1253 623 189&
1299 582 1364 637 pag.
1405 568 1455 621 128

384 682 561 737 Societatem
575 678 797 735 vincentianam
809 678 907 735 laudat
918 678 1051 733 Pontifex
1060 678 1203 733 leuandae
1215 678 1292 749 plebi
1304 688 1393 747 atque
1412 696 1454 731 re·

348 770 446 840 ligioni
459 766 694 823 cohonestandae
719 766 848 823 deditam
874 768 933 821 128.
956 797 991 806 -
1014 766 1130 823 Gaudet
1150 766 1242 836 ipsam
1266 768 1454 837 proposuisse

348 856 555 913 vincentianas
567 856 764 925 Conferentrbs
776 855 904 911 etiamin
923 855 1044 910 Oriente
1064 854 1266 922 instituendas,
1287 866 1375 925 atque
1396 856 1454 909 suis

347 943 546 1001 obsecundare
577 942 707 999 consiliis
738 944 774 999 de
805 959 959 1014 operarum
985 942 1151 997 conditione
1184 942 1306 997 levanda
1338 944 1397 997 128.
1421 972 1455 981 -

347 1034 527 1089 charitatem
544 1032 654 1086 extollit
664 1032 820 1087 maximum
833 1030 965 1086 societati
984 1030 1173 1101 periclitantis
1197 1031 1373 1100 praesidium
1395 1031 1455 1084 128·

348 1136 406 1191 ¹²9·

382 1222 432 1273 38.
456 1220 578 1273 MOTU
593 1219 796 1271 PROPRIO.
817 1220 867 1271 De
879 1222 1009 1271 ratione
1026 1220 1181 1271 concordi
1200 1221 1247 1270 rei
1267 1219 1385 1269 catire-

342 1314 425 1362 iioae
444 1309 675 1371 provehendae
693 1308 786 1369 apud
805 1308 991 1359 orientales.
1014 1332 1050 1343 -
1071 1306 1343 1358 taruanninse

1260 1406 1325 1461 1³²8·
1402 1403 1453 1456 ¹³⁰

379 1502 583 1561 constitutioni
597 1501 788 1559 Orientalium
801 1515 887 1559 antea
898 1503 994 1558 editae
1006 1504 1148 1573 subjicere
1157 1503 1250 1558 visum
1262 1514 1307 1557 est
1319 1502 1453 1557 Pontifici

343 1604 495 1663 praecepta
507 1592 650 1660 quaedam
663 1592 700 1645 de
713 1590 825 1645 ratione
836 1592 973 1646 concordi
985 1591 1025 1646 rei
1035 1591 1195 1647 catholicae
1204 1592 1283 1661 apud
1292 1590 1455 1645 orientales

343 1678 544 1751 provehendae
561 1693 618 1746 130.
640 1706 674 1717 -
698 1678 826 1749 Exponit
849 1678 979 1733 Pontifex
1000 1679 1117 1733 maximi
1129 1696 1196 1733 esse
1216 1678 1357 1733 momenti
1375 1678 1454 1733 illam

342 1767 525 1825 concordiam
539 1768 613 1821 inter
626 1767 785 1837 Delegatos
803 1766 988 1837 Apostolicos
1000 1766 1139 1837 imprimis
1151 1778 1239 1837 atque
1262 1766 1454 1833 Patriarchas,

342 1854 521 1929 quiquidem
543 1872 578 1909 ex
591 1854 639 1907 illa
652 1854 784 1909 haurient
804 1854 973 1909 excelientia
985 1854 1062 1909 bona
1084 1868 1207 1922 130·t3t.
1221 1885 1256 1894 —
1279 1853 1366 1924 Jubet
1377 1854 1452 1907 Pou-

341 1944 409 1999 tifex
423 1942 605 1999 Patriarchas
619 1942 702 1997 binas
716 1942 821 1997 saltem
832 1943 987 2014 quotannis
999 1943 1219 2011 congressiones
1242 1942 1364 1996 actitare
1385 1958 1452 1995 curn

343 2031 501 2101 Delegatis,
514 2046 645 2101 quaeque
666 2041 734 2085 suut
755 2030 785 2084 in
806 2030 863 2085 illis
883 2030 1134 2099 congressionibus
1157 2029 1311 2085 tractanda
1332 2029 1451 2098 exponit

344 2133 468 2187 131-131.
489 2118 728 2173 —Commendat
750 2117 903 2187 praecipue
922 2116 1079 2173 curandam
1099 2116 1309 2172 institutionem
1333 2117 1451 2171 clerico

340 2224 411 2275 rum,
424 2216 453 2260 et
473 2222 634 2275 puerorum,
657 2215 744 2275 atque
756 2205 995 2275 propugnandam
1015 2205 1186 2275 perscripta
1208 2204 1311 2259 Fidem
1332 2202 1451 2259 catholi-

339 2312 403 2350 cam
415 2307 642 2363 132·133·134.-
653 2292 807 2347 Rationem
816 2291 916 2347 definit
927 2291 1085 2347 officiorum
1092 2309 1167 2363 quae
1182 2292 1332 2361 Delegatis
1343 2293 1452 2345 interce

339 2384 486 2438 danicum
509 2380 611 2451 eisqui
636 2379 1057 2450 Missionibuspraesuut134
1080 2408 1113 2419 -
1140 2382 1306 2451 Delegatos,
1330 2396 1451 2450 quorum

339 2469 453 2539 quidem
477 2486 580 2525 munus
592 2478 636 2523 est
659 2468 766 2523 instare
785 2478 816 2522 ut
828 2478 957 2523 servetur
977 2467 1152 2523 Constitutio
1166 2469 1373 2535 Orientalium,
1393 2484 1451 2521 nou

338 2558 416 2611 nulla
440 2566 539 2611 monet
550 2556 587 2611 de
612 2554 765 2611 latinorum
781 2554 924 2611 institutis
936 2556 1079 2623 fovendis,
1095 2556 1132 2611 de
1157 2556 1334 2626 presbyteris
1353 2554 1450 2611 latinis

336 2644 518 2715 adjuvandis,
527 2644 565 2698 ad
574 2644 818 2713 concordiamque
826 2660 892 2698 cum
901 2642 1032 2699 orientali
1041 2644 1315 2700 cieroadlrortandis
1325 2657 1449 2712 134·135.

336 2760 371 2771 -
385 2730 583 2786 Praesentium
597 2730 756 2787 litterarum
766 2731 968 2787 auctoritatem
975 2728 1109 2791 vindica(
1115 2748 1125 2786 1
1130 2747 1172 2801 35.

373 2854 425 2906 39.
449 2855 674 2905 LITTERAE
689 2856 982 2907 apostoncae:
1000 2858 1041 2908 de
1054 2857 1379 2921 peregrinationibus

334 2944 376 2993 ad
390 2944 590 2994 sanctuloca
604 2944 824 2994 Palaestinae.
839 2943 1161 3006 -181131111111896,
1264 2957 1331 3011 pag.
1399 2941 1448 3007 136

372 3052 620 3123 Peregrinationes
633 3052 671 3106 ad
684 3062 787 3107 sancta
800 3052 982 3108 Palaestinae
995 3054 1060 3109 loca
1072 3054 1210 3109 celebrari
1221 3056 1338 3124 saepius
1350 3063 1449 3107 nostra

334 3150 429 3196 aetate
443 3140 573 3195 Pontifex
592 3140 706 3209 gaudet,
720 3156 821 3195 earum
833 3157 982 3211 exponens
994 3142 1156 3207 utilitatem,
1169 3142 1331 3212 uberesque
1340 3142 1449 3195 fructus

333 3244 505 3283 enumerans
515 3228 582 3283 inde
590 3238 673 3283 natos
682 3228 836 3298 postremis
846 3226 925 3283 hisce
933 3229 1181 3299 annis136·137.-
1190 3230 1449 3299 RogantePraepo

334 3316 389 3372 sito
401 3318 527 3385 generali
542 3317 818 3386 Augustiuianorum
832 3319 869 3373 ab
881 3318 1097 3389 Assumptione,
1105 3318 1238 3373 Pontifex
1250 3319 1384 3373 concedit
1394 3319 1447 3373 iter

332 3402 371 3457 ad
384 3414 485 3457 sancta
495 3404 559 3458 loca
571 3403 747 3473 suscepturis
760 3403 807 3457 bis
822 3402 991 3458 lucrandam
999 3404 1158 3473 plenariam
1178 3402 1394 3474 indulgentiam,
1411 3404 1444 3457 iis

333 3504 401 3544 vero
412 3490 460 3559 qui
470 3488 558 3544 domo
568 3490 689 3557 detenti,
703 3490 926 3561 peregrinationi
933 3491 1031 3562 aliquo
1043 3491 1285 3561 modosuffragati
1294 3491 1443 3547 velmente

331 3576 422 3646 juncti
435 3576 548 3644 fuerint,
567 3578 777 3647 indulgentiam
790 3579 947 3648 plenariam
967 3580 1057 3635 semel
1070 3580 1239 3635 lucrandam
1260 3580 1385 3649 137-138„
1408 3608 1441 3619 -·

335 3665 497 3719 Nonnullae
527 3664 598 3719 alias
622 3665 753 3720 deceruit
772 3666 882 3735 gratias
906 3667 1186 3736 aperegrinautibus
1206 3666 1440 3738 assequendasiu

334 3752 380 3807 via
393 3753 439 3807 vel
452 3752 501 3807 ubi
515 3752 552 3807 ad
566 3761 667 3807 sancta
681 3753 746 3808 ioca
758 3754 941 3823 pervenerint
956 3755 1080 3824 138-139.
1094 3784 1126 3795 -
1151 3755 1352 3810 Praesentium
1372 3756 1440 3811 litte·

333 3856 429 3895 rarum
442 3840 643 3895 auctoritatem
656 3839 785 3897 vindicat
801 3856 859 3910 1391

368 3956 423 4007 40.
446 3958 654 4009 EPISTOLA
674 3957 719 4009 ad
732 3959 929 4022 Hungariae
941 3961 1120 4023 Episcopus
1135 3962 1176 4012 de
1196 3962 1375 4011 saeculari-

332 4041 1004 4107 busregnieolemnibue.-liiaii1896.
1256 4060 1319 4114 pag.
1393 4057 1440 4108 rao

367 4140 518 4212 Approbat
539 4144 670 4200 Pontifex
683 4146 839 4203 constituta
860 4164 926 4203 esse
938 4148 1098 4204 saecularia
1122 4148 1263 4205 solemnia
1274 4147 1376 4219 quibus
1399 4150 1437 4204 rei

334 4224 517 4295 Hungaricae
539 4230 622 4285 initia
641 4232 829 4301 celebrentur,
853 4250 887 4288 ex
907 4231 1022 4304 illisque
1042 4237 1144 4291 uberes
1168 4246 1356 4304 proventurus
1374 4252 1434 4290 esse

332 4312 439 4369 fructus
452 4323 569 4377 confidit
586 4335 642 4386 ¹40·
657 4349 691 4359 —
704 4322 840 4379 Testatus
849 4340 933 4379 suum
945 4321 982 4379 de
995 4323 1095 4381 futuris
1104 4322 1282 4381 solemnibus
1289 4324 1432 4393 gaudium,
