3117 4859
289 367 340 418 DE
367 367 416 418 RE
443 367 659 420 Ch’l'llOLlCrl
687 369 727 420 ΙΝ
756 369 939 420 AMERICA.
1124 368 1165 437 13

65 528 237 590 pergressa
252 507 385 587 fluctus,
400 527 514 572 semen
525 509 669 573 vehebat
684 508 911 572 israelitarum
928 529 1004 573 cum
1021 508 1168 590 reliquiis

66 614 196 694 generis
220 611 368 689 humani,
390 615 511 678 eodem
535 615 638 678 modo
661 615 860 678 commissae
884 633 1012 677 oceano
1032 613 1169 680 Colom·

66 717 184 781 bianae
200 728 288 782 rates
305 728 339 783 et
355 718 556 801 principium
571 738 769 800 magnarum
787 719 961 782 civitatum
979 728 1012 782 et
1028 720 1167 802 primor-

66 823 118 884 dia
134 821 293 887 catholici
311 824 457 887 nominis
474 823 705 888 transmarinis
720 825 787 886 oris
803 825 971 888 invexere.

108 926 207 1009 Quae
224 939 341 1010 postea
368 938 547 992 consecuta
573 938 661 1005 sunt,
686 950 753 993 non
777 938 828 992 est
844 929 941 991 huius
957 928 1021 992 loci
1038 927 1169 1010 singula

67 1033 229 1114 persequi.
254 1031 352 1098 Certe
368 1035 507 1116 repertis
524 1034 567 1097 ab
582 1033 719 1096 homine
738 1035 862 1116 Ligure
877 1034 1045 1116 gentibus,
1067 1035 1169 1097 etiam

68 1145 135 1198 turn
160 1138 361 1218 agrestibus,
375 1136 588 1220 evangelium
606 1140 801 1201 maturrime
823 1138 944 1202 illuxit.
973 1135 1065 1202 Satis
1079 1138 1169 1200 enim

67 1249 114 1302 est
130 1242 306 1324 cognitum
323 1252 406 1326 quot
428 1263 446 1306 e
463 1241 685 1306 Franciscana
702 1241 839 1319 familia,
854 1241 935 1306 item
952 1262 995 1305 ex
1016 1242 1170 1307 Domini-

67 1365 147 1410 cana
162 1356 197 1411 et
216 1347 386 1426 Loiolaea,
401 1349 534 1412 duobus
548 1347 960 1426 continentibussaeculis,
976 1349 1060 1412 istuc
1078 1349 1170 1412 navi·

67 1469 141 1528 gare
157 1451 259 1516 huius
275 1451 321 1515 rei
337 1451 445 1534 gratia
461 1451 705 1527 consueverint,
732 1459 768 1515 ut
783 1452 948 1515 deductas
964 1471 1009 1514 ex
1033 1449 1172 1532 Europa

68 1554 214 1620 colonias
230 1555 437 1635 excolerent,
461 1557 519 1620 sed
546 1557 580 1620 in
610 1556 726 1638 primis
748 1565 782 1620 et
799 1557 949 1620 maxime
965 1567 1002 1620 ut
1018 1557 1059 1620 ad
1085 1555 1171 1619 chri·

69 1661 171 1726 stiana
187 1681 285 1725 sacra
301 1661 476 1744 indigenas
492 1681 537 1725 ex
554 1661 792 1743 superstitione
814 1662 1035 1737 traducerent,
1055 1680 1172 1724 conse·

70 1765 161 1829 cratis
178 1787 248 1830 non
266 1767 368 1831 semel
394 1776 534 1830 cruento
561 1765 757 1830 testimonio
784 1766 962 1830 laboribus.
984 1766 1083 1830 Nova
1099 1765 1171 1847 ipsa

69 1872 196 1954 oppidis
224 1873 344 1936 vestris
370 1871 598 1954 compluribus
615 1861 648 1935 e't
665 1869 860 1934 fluminibus
883 1880 916 1933 et
943 1869 1115 1933 montibus
1138 1879 1172 1934 et

70 1971 201 2040 lacubus
232 1975 392 2057 imposita
416 1975 553 2038 nomina
580 1973 703 2038 docent
725 1976 966 2057 perspicueque
996 1983 1173 2051 testantur,

71 2075 240 2144 Ecclesiae
255 2079 439 2144 catholicae
455 2079 606 2162 vestigiis
621 2088 748 2142 vestras
764 2079 899 2162 penitus
916 2079 1096 2161 impressas
1108 2078 1172 2142 ori-

71 2181 360 2266 gines-Neque
376 2183 457 2247 illud
475 2184 616 2247 fortasse
633 2183 704 2246 siue
720 2183 978 2266 aliquodivinae
993 2182 1171 2265 providen—
1284 2261 1289 2270 Ι
1346 2260 1351 2271 Ι

72 2285 132 2349 tiae
160 2288 306 2353 consilio
341 2287 476 2364 factum,
506 2286 597 2371 quod
635 2287 709 2351 heic
739 2307 1064 2352 commemoramus:
1095 2305 1171 2350 cum
1197 2266 1349 2374 {aff-⁰1:35⁸?

73 2394 277 2458 americanae
296 2394 449 2458 coloniae
465 2393 654 2458 libertatem
676 2413 715 2457 ac
731 2395 966 2477 principatum,
984 2391 1172 2458 adiuvanti-
1198 2391 1350 2468 quatitur·

1198 2457 1268 2506 chiae
1281 2457 1350 2505 eccle·
1404 2497 1408 2507 .

73 2495 128 2560 bus
143 2499 338 2565 hominibus
350 2498 535 2575 catholicis,
546 2498 698 2582 adeptae,
715 2499 747 2562 in
760 2499 1002 2583 rempublicam
1019 2498 1173 2563 coaluere
1198 2523 1350 2572 siasricaein

74 2601 136 2666 iure
151 2605 341 2684 fundatam,
365 2614 446 2669 tunc
471 2603 561 2687 apud
589 2623 650 2666 vos
676 2612 728 2667 est
743 2603 971 2668 ecclesIastica
985 2604 1174 2668 hierarchia
1191 2588 1344 2702 {ffiffis

76 2703 130 2766 rite
145 2710 351 2772 constituta:
376 2719 410 2772 et
425 2728 494 2790 quo
518 2717 671 2791 tempore
698 2727 859 2792 magnum
886 2707 1172 2790 Washingtonum
1200 2689 1352 2768 Memorar‘

75 2809 111 2870 ad
136 2811 362 2891 gubernacula
387 2811 591 2895 reipublicae
611 2811 762 2878 admovit
790 2813 952 2896 populare
967 2810 1175 2895 suffragium,
1195 2785 1333 2900 mm,

76 2913 186 2978 eodem
203 2917 330 2999 pariter
361 2927 513 2999 ternpore
536 2916 737 2980 auctoritate
760 2915 947 2999 apostolica
970 2916 1098 2999 primus
1121 2926 1173 2979 est
1201 2916 1353 2993 upuppae

78 3012 293 3086 Americanae
310 3019 482 3085 Ecclesiae
498 3019 674 3103 episcopus
691 3020 911 3102 praepositus.
923 3021 1087 3085 Amicitia
1096 3040 1175 3084 vero
1193 2987 1352 3112 mella.

77 3127 345 3210 consuetudoque
369 3125 550 3202 familiaris,
577 3145 678 3209 quarn
705 3125 802 3190 alteri
826 3145 903 3190 cum
920 3125 1027 3191 altero
1042 3135 1175 3190 constat
1202 3119 1339 3241 ‘mx'

78 3221 306 3308 intercessisse,
321 3231 525 3296 documento
541 3230 672 3295 videtur
688 3250 770 3305 esse,
795 3230 982 3294 foederatas
999 3231 1080 3294 istas
1096 3231 1175 3293 civi·
1202 3251 1259 3293 rm

78 3331 158 3394 tates
169 3335 349 3400 concordia
358 3335 573 3416 amicitiaque
581 3334 779 3398 coniunctas
791 3354 864 3399 esse
876 3333 1050 3398 Ecclesiae
1061 3332 1176 3397 catho-

78 3425 154 3498 licae
165 3448 329 3521 oportere.
346 3440 467 3522 Neque
482 3438 516 3502 id
533 3459 616 3503 sane
630 3440 702 3502 sine
718 3457 845 3503 caussa
862 3439 941 3503 Non
958 3439 1047 3504 enim
1066 3447 1176 3520 potest
1201 3461 1354 3527 quiquidem

79 3533 135 3599 nisi
159 3545 308 3610 moribus
335 3542 433 3608 bonis
457 3551 546 3607 stare
573 3563 624 3607 res
651 3543 808 3626 publica:
831 3541 935 3626 idque
965 3552 1063 3606 acute
1094 3542 1178 3607 vidit
1198 3527 1355 3657 Ξῖζζξξῖ

80 3637 245 3730 edixitque
260 3650 439 3733 primarius
464 3647 519 3713 ille
540 3649 621 3712 civis
648 3657 766 3728 vester,
788 3665 889 3731 quem
907 3647 1009 3711 modo
1025 3649 1176 3713 uomina·
1203 3665 1330 3736 nqnyossq

80 3743 192 3830 vimus,
214 3755 248 3820 in
274 3776 343 3840 quo
366 3764 462 3820 tanta
486 3753 549 3818 luit
566 3755 615 3818 vis
632 3756 755 3838 ingenii
772 3754 1039 3838 prudentiaeque
1062 3753 1177 3818 civilis.
1202 3724 1338 3854 fflss's

83 3843 143 3915 Sed
159 3877 266 3926 mores
281 3863 389 3925 bonos
405 3860 533 3942 optime
543 3868 577 3923 et
590 3863 739 3924 maxime
751 3861 904 3925 continet
915 3859 1041 3942 religio,
1052 3860 1177 3944 quippe
1203 3862 1344 3970 ‘ffl‘sm‘j

82 3971 160 4032 quae
174 3975 292 4048 suapte
308 3966 428 4029 natura
443 3964 606 4047 principia
621 3975 742 4030 cuncta
758 3966 906 4030 custodit
922 3985 960 4029 ac
973 3966 1123 4030 vindicat
1133 3987 1177 4028 ex
1197 3929 1342 4036 lonol'llll

84 4061 194 4135 quibus
207 4070 317 4136 officia
329 4071 506 4148 ducuntur,
518 4071 765 4154 propositisque
780 4071 822 4135 ad
841 4071 1010 4155 agendum
1028 4091 1177 4136 momen·
1203 4068 1315 4168 mm

85 4162 123 4225 lis
147 4177 310 4256 maximis,
337 4177 428 4241 iubet
445 4196 521 4242 cum
538 4177 661 4242 virtute
677 4179 797 4256 vivere,
812 4198 950 4260 peccare
965 4187 1066 4241 vetat:
1083 4175 1175 4259 Quid
1202 4185 1312 4259 confisae

87 4277 186 4340 autem
201 4291 251 4346 est
269 4281 420 4346 Ecclesia
436 4282 536 4359 aliud,
564 4282 627 4344 nisi
652 4283 794 4348 societas
820 4283 979 4365 legitima,
1003 4281 1177 4345 voluntate
1203 4249 1300 4311 nugo.

89 4365 228 4462 iussuque
247 4385 322 4449 lesu
342 4384 467 4450 Christi
484 4387 732 4449 conservandae
749 4405 881 4449 morum
898 4385 1069 4448 sanctitati
1080 4393 1176 4447 tuen·
