3117 4859
138 395 239 443 DE
276 397 372 446 RE
409 398 842 451 CATHOLICA
878 404 1083 454 APUD
1108 404 1593 455 ORIENTALES
1620 404 2160 456 PROVEHENDA.
2220 413 2232 454 1
2260 410 2335 474 31.

140 552 271 595 non
329 534 423 598 ita
454 537 727 618 quidem
763 539 1105 604 laboribus
1137 550 1204 605 et
1251 543 1713 623 expectationi
1758 563 2192 626 responsurus
2244 558 2352 606 est

140 637 507 703 utilitatum
542 652 920 723 proventus
946 644 1198 708 Intima
1230 667 1386 709 vero
1417 647 1844 711 voluntatum
1868 647 2256 711 coniunctio
2288 662 2348 710 et

137 744 488 806 consensio
521 747 1039 828 propositorum,
1070 749 1242 813 sicut
1274 749 1405 813 Dei
1434 751 1774 814 ministros
1809 751 2110 815 maxime
2142 754 2356 826 decet,

137 846 230 908 ita
272 846 338 909 in
373 849 692 930 opinione
723 849 1075 916 hominum
1108 854 1280 918 adeo
1314 853 1689 918 Ecclesiam
1721 855 2123 919 catholicam
2172 878 2352 918 cnun-

141 952 460 1016 mendare
489 952 680 1031 solet,
723 964 797 1019 ut
830 954 1000 1020 filios
1032 957 1373 1022 discordes
1405 977 1538 1022 non
1575 960 1782 1023 semel
1832 959 1917 1022 ad
1953 961 2176 1022 sinum
2216 962 2352 1022 eius

138 1055 327 1118 suavi
359 1058 656 1139 quodam
683 1061 1125 1126 incitamento
1155 1062 1312 1126 vei
1292 1081 1441 1145 ipsa
1471 1063 1833 1129 reduxerit.

233 1158 539 1225 Huiusce
573 1165 666 1227 rei
689 1185 976 1248 aequum
1013 1177 1114 1230 est
1144 1168 1541 1231 antecedere
1586 1167 1981 1249 exemplum
2013 1168 2260 1249 pariter
2288 1170 2352 1226 in
2416 1202 2488 1242 χι,
2496 1214 2548 1240 ,ιι
2580 1198 2652 1238 ιι
2632 1198 2713 1242 ιι

141 1261 494 1347 Delegatis
528 1268 796 1332 Nostris
820 1281 1026 1352 atque
1055 1271 1120 1333 in
1155 1270 1673 1336 Venerabilibus
1695 1273 2039 1337 Fratribus
2071 1272 2354 1334 Patriar-
2404 1270 2480 1358 ἐξιῇ
2471 1318 2519 1382 Q
2496 1262 2713 1362 ’ᾖΜ-

141 1367 514 1452 chi8‚quum
550 1373 788 1436 ceteris
818 1375 1030 1455 gradu
1057 1384 1124 1439 et
1148 1384 1488 1457 potestate
1519 1375 1955 1440 antecedant·
1988 1375 2075 1439 ad
2109 1397 2356 1458 eosque
2408 1386 2524 1490 fs*
2512 1394 2616 1478 ᾗ·
2612 1386 2681 1422 ’-

138 1473 569 1555 singulariter
598 1484 899 1558 spectare
919 1480 1185 1543 videtur
1214 1479 1655 1544 commonitio
1682 1480 2041 1562 Apostoli:
2066 1479 2360 1545 Cama.
2412 1498 2673 1546 ιιικιιιιιιιιι

118 1579 587 1656 fraternitatis·
617 1580 892 1645 invicem
945 1566 1308 1666 diligentes,
1353 1582 1589 1647 honore
1619 1583 1895 1648 invicem
1931 1586 2284 1666 praeveni-'e
2292 1606 2356 1646 ιι-

144 1692 235 1744 tes
269 1682 488 1766 (1).-—-
519 1685 701 1749 Hinc
734 1708 896 1750 sane
929 1687 1333 1752 excellentia
1365 1687 1569 1751 iidem
1594 1688 1906 1753 haurient
1937 1689 2136 1767 bona,
2156 1702 2356 1770 atque.
2412 1726 2476 1810 ιιιι
2484 1710 2604 1762 ιιιιιι
2592 1710 2689 1750 ιιηιτι-
2677 1722 2717 1750 ιιι

137 1787 326 1864 illud,
359 1800 500 1852 tarn
533 1791 831 1872 optabile
881 1793 948 1854 in
1005 1793 1404 1874 praesentia,
1437 1802 1512 1857 ut
1569 1813 1761 1856 suam
1804 1793 2105 1875 ipsorum
2140 1794 2356 1874 diffini
2412 1842 2456 1870 ι
2436 1770 2717 1870 Ξιιξιὰαι

135 1900 350 1956 tatem
387 1894 625 1957 melius
659 1895 919 1976 possint
952 1917 1030 1960 ac
1077 1897 1333 1959 felicius
1380 1898 1573 1961 tueri.
1631 1896 1983 1981 Siquidem
2038 1897 2352 1960 initaiurn
2412 1890 2452 1930 *³³
2460 1898 2564 1930 ””’
2580 1890 2644 1930 ³³⁵
2616 1902 2709 1932 ””·

137 2016 359 2061 rerum
424 2018 655 2063 cursus
727 2001 792 2062 in
866 2001 956 2062 rei
1026 1999 1398 2089 catholicae
1459 1999 1868 2083 profectum,
1926 2000 2360 2064 vehementer

133 2102 448 2184 exposcit
519 2113 592 2167 ut
660 2125 891 2168 eorum
971 2105 1274 2187 personis
1341 2106 1719 2187 muniisque
1781 2125 1903 2183 sua
1963 2114 2099 2172 stet
2172 2106 2352 2166 omni

131 2227 220 2272 ex
287 2218 480 2290 parte
546 2210 1052 2273 commendatio
1116 2218 1320 2292 atque
1381 2209 1588 2272 etiam
1653 2211 1717 2271 in
1788 2210 1933 2274 dies
2004 2218 2356 2272 accrescat.

137 2311 217 2374 Id
272 2312 797 2396 Nobismetipsis
829 2316 1002 2377 adeo
1034 2314 1218 2377 cordi
1250 2323 1371 2392 est,
1424 2323 1499 2377 ut
1537 2316 1867 2396 quasdam
1912 2314 2356 2396 cogitationes

130 2431 196 2479 et
229 2437 426 2481 curas
457 2418 523 2480 in
559 2418 686 2482 hoc
719 2419 879 2481 item
913 2438 1157 2500 genere
1188 2419 1445 2502 optime
1479 2419 1854 2482 collocatas
1885 2418 2352 2482 censuerimus¹

37 2526 50 2529 ”
130 2523 280 2585 Nec
340 2523 518 2586 enim
574 2543 986 2606 quemquam
1047 2523 1275 2605 fugere
1328 2531 1555 2606 potest
1604 2532 1933 2605 quantum
1996 2523 2232 2587 deceat
2288 2534 2348 2582 et

128 2627 412 2690 omnino
442 2628 785 2709 expediat,
814 2629 993 2709 apud
1026 2628 1396 2691 catholicos
1421 2626 1679 2690 nullum
1713 2626 2034 2709 dignitati
2070 2630 2348 2708 patriar-

127 2729 308 2793 chali
368 2733 602 2794 deesse
654 2753 743 2794 ex
798 2732 893 2794 eis
943 2733 1293 2812 praesidiis
1337 2733 1886 2814 ornamentisque
1952 2732 2192 2815 quibus
2244 2734 2352 2790 ilia

126 2836 399 2900 abunde
450 2839 659 2901 utitur
707 2837 885 2918 apud
937 2837 1361 2901 dissidentes⁸
1424 2836 1877 2917 Exploratum
1941 2847 2044 2900 est
2104 2850 2352 2908 autem,

128 2940 330 3005 Sedis
376 2941 817 3023 Apostolicae
848 2963 929 3005 eo
960 2942 1252 3023 amplius
1283 2941 1532 3005 ibidem
1569 2940 1802 3004 florere
1846 2961 2092 3004 nomen
2147 2946 2352 3002 maia-1-

125 3065 405 3126 remque
451 3045 648 3109 simul
698 3045 1024 3127 explicari
1073 3047 1409 3121 virtutem,
1455 3065 1591 3126 quo
1654 3044 1806 3127 plus
1854 3045 2348 3108 honestat-nenti

124 3148 368 3231 legatis
400 3150 540 3214 eius
582 3153 954 3215 comitetur.
999 3149 1430 3233 Quapropter
1473 3149 1867 3213 induximus
1920 3151 2220 3213 animum
2260 3154 2348 3210 ιιῐιῐ

124 3254 387 3318 efficere
419 3267 496 3319 ut
525 3256 590 3318 in
634 3259 762 3319 hoc
810 3255 1035 3336 aptius
1090 3255 1408 3336 utrisque,
1442 3252 1849 3317 Patriarchis
1881 3262 1948 3316 et
1984 3253 2348 3334 Delegatifi,

124 3369 308 3424 esset
338 3359 741 3438 consultum,
770 3380 986 3442 eoque
1017 3358 1217 3422 simul
1264 3357 1524 3439 piorum
1559 3357 2019 3421 emolumenta
2071 3377 2348 3438 operum

125 3473 538 3547 augerentur
569 3465 883 3529 ecclesiis.
909 3465 1178 3546 Reapse
1209 3463 1479 3545 quidem
1513 3471 1765 3526 certam
1800 3462 1932 3524 illis
1968 3463 2105 3527 vim
2140 3466 2351 3526 subsi-

124 3571 395 3633 diorum
450 3589 767 3648 annuam,
813 3567 1296 3632 catholicorum
1354 3566 1756 3629 liberalitate
1816 3568 1929 3648 pia
1987 3567 2355 3638 adiutam-e*

124 3675 571 3752 decrevimuS,
601 3673 1049 3739 attribuimus

219 3778 530 3842 Iamvero
560 3777 794 3843 fidenti
830 3778 1274 3859 fraternoque,
1318 3784 1517 3858 prout
1572 3776 1892 3853 diximuS,
1938 3776 2168 3839 animo
2216 3790 2352 3838 stu-

124 3883 340 3946 deant
372 3883 798 3946 Patriarchae
831 3882 1375 3946 communionem
1412 3878 1847 3944 consiliorum
1886 3879 1954 3942 in
1990 3879 2352 3943 maioribus

124 3988 328 4048 rebus
360 3986 607 4049 habere
639 4006 757 4069 per
788 3986 1041 4049 litteras
1073 4005 1225 4048 cum
1261 3984 1613 4066 Delegatis
1670 3983 1975 4047 Nostris:
2039 4003 2121 4046 eo
2168 4006 2352 4066 prae-

127 4100 317 4152 terea
349 4092 730 4168 commodO,
764 4101 835 4154 ut
885 4109 1059 4172 quae
1111 4089 1386 4171 negotia
1432 4090 1519 4151 ad
1575 4086 2053 4171 Apostolicam
2107 4087 2348 4152 Setiam

129 4193 421 4257 delaturi
470 4196 625 4275 sint,
656 4194 1043 4278 expeditius
1099 4193 1472 4275 procedant
1505 4203 1572 4255 et
1612 4192 2087 4274 transigantur.
2124 4191 2352 4255 Unum
2444 4230 2576 4274 ,ιιιιι
2596 4230 2708 4270 ιι

131 4306 364 4362 autem
416 4312 518 4364 est
565 4301 769 4382 quod,
819 4321 939 4381 pro
987 4299 1319 4380 gravitate
1371 4317 1510 4372 sua,
1557 4295 1881 4376 singulari
1938 4296 2192 4359 Nostro
2228 4322 2356 4358 :mu
2416 4298 2524 4330 “²

200 4440 242 4471 1.
286 4426 442 4478 Rom..
470 4437 568 4478 xli.
598 4440 666 4472 ιο.
