3117 4859
338 382 388 431 DE
416 383 568 434 STUDIIS
596 384 832 435 SCRIPTURAE
859 384 1014 434 sncRAE.
1160 382 1232 450 219

119 538 288 609 quantum
304 532 347 592 ad
365 532 616 612 percipiendam
633 530 756 595 summi
772 531 923 595 Artificis
938 532 1080 613 gloriam
1097 531 1131 594 io
1157 550 1233 611 pro·
1323 576 1356 621 18

121 631 245 695 creatis
261 634 360 697 rebus
375 636 574 716 impressam
592 637 767 717 aptissima
777 644 838 713 est,
854 635 957 698 modo
972 637 1017 697 sit
1032 635 1232 698 convenien-
1298 634 1373 675 NOV-

1299 685 1371 751 1893.

122 744 175 799 ter
190 740 372 819 proposita,
384 748 515 803 tanturn
528 760 627 821 posse
643 740 685 802 ad
699 739 867 802 elementa
882 759 983 801 sanae
999 737 1233 822 philosophiae

121 839 300 905 evellenda
315 828 644 925 corrumpendosque
667 864 787 921 mores,
803 843 926 906 teneris
942 843 1064 905 animis
1079 862 1233 924 perverse
1259 902 1297 952 Ill
1391 904 1404 951 1

122 942 280 1009 infusam.
311 944 526 1028 Quapropter
554 947 748 1029 Scripturae
776 966 890 1009 sacrae
919 947 1050 1009 doctori
1081 946 1232 1027 cognitio
1257 903 1412 1032 latosscrffiu:

122 1049 326 1112 naturalium
355 1070 465 1112 rerum
492 1051 583 1113 bono
610 1052 672 1113 erit
700 1050 865 1127 subsidio,
889 1069 958 1132 quo
982 1050 1081 1111 huius
1096 1068 1233 1130 quoque
1258 1035 1409 1149 '‘Jffl'i

122 1153 216 1215 modi
232 1152 404 1233 captiones
421 1154 454 1215 in
471 1154 603 1217 divinos
622 1154 741 1217 Libros
752 1154 933 1216 instructas
949 1152 1079 1215 facilius
1095 1152 1234 1233 detegat
1254 1109 1319 1243 pipin
1331 1166 1412 1230 cogni-

121 1264 157 1317 et
173 1255 369 1319 refellat-
386 1254 487 1319 Nulla
510 1258 646 1339 quidem
675 1256 871 1338 theologum
888 1258 974 1319 inter
997 1265 1032 1318 et
1055 1254 1233 1337 physicum
1259 1239 1412 1345 {ww

123 1378 204 1421 vera
234 1358 398 1424 dissensio
425 1362 657 1437 intercesserit,
684 1363 764 1424 dum
793 1361 863 1423 suis
890 1371 1030 1442 uterque
1052 1358 1174 1425 finibus
1199 1380 1236 1422 se
1329 1362 1412 1439 Νμῐῐε

124 1463 332 1541 contineant,
347 1464 380 1528 id
397 1476 564 1543 caventes,
587 1467 771 1529 secundum
790 1464 823 1528 S.
849 1465 1033 1546 Augustini
1058 1467 1235 1542 monitum,
1260 1427 1397 1540 fflffi„

125 1580 145 1634 t
178 1587 220 1629 ne
251 1569 376 1651 aliquid
409 1580 533 1634 temere
563 1582 596 1635 et
639 1572 851 1651 incognitum
883 1590 944 1651 pro
974 1569 1114 1650 cognito
1144 1588 1232 1632 asse·
1256 1558 1410 1673 {5²⁵5ss

124 1682 202 1733 rant
215 1669 270 1753 (¹).
287 1685 305 1739 l)
323 1672 384 1737 Sin
401 1682 514 1737 tamen
531 1675 757 1749 dissenserint,
783 1670 1070 1756 quemadmodum
1088 1691 1124 1735 se
1140 1680 1235 1755 gerat
1261 1640 1413 1767 βαφὴν-Ι

123 1776 314 1859 theologus,
330 1780 524 1842 summatim
541 1791 594 1843 est
610 1780 724 1861 regula
737 1780 781 1842 ab
803 1781 924 1842 eodem
937 1778 1074 1844 oblata:
1093 1792 1111 1845 t
1127 1778 1235 1861 Quid·
1260 1769 1411 1868 ‘imas‘

122 1882 217 1965 quid,
243 1884 361 1965 inquit,
385 1884 447 1965 ipsi
473 1886 516 1947 de
541 1898 660 1947 natura
683 1905 793 1947 rerum
822 1884 995 1946 veracibus
1021 1883 1234 1946 documentis
1251 1885 1410 1949 suerirorra,

123 1986 358 2052 demonstrare
390 1990 571 2070 potuerint,
598 1989 818 2052 ostendamus
849 1988 972 2049 nostris
1003 1986 1141 2051 Litteris
1166 2007 1233 2049 non
1259 1951 1381 2079 iiim,

123 2111 200 2155 esse
212 2093 416 2157 contrarium
431 2116 441 2172 ;
457 2096 620 2177 quidquid
637 2105 750 2158 autern
768 2094 811 2157 de
833 2094 1040 2174 quibuslibet
1056 2092 1125 2155 suis
1141 2091 1234 2154 volu·
1259 2084 1373 2197 fromn

126 2197 275 2262 minibus
292 2198 342 2261 his
359 2200 482 2262 nostris
511 2200 658 2275 Litteris,
685 2200 772 2262 idest
797 2198 983 2261 catholicae
1000 2196 1087 2274 fidei,
1102 2206 1234 2259 contra·
1284 2186 1299 2211 ⁰
1375 2183 1381 2196 '

126 2302 214 2365 rium
239 2303 448 2385 protulerint,
471 2314 529 2367 aut
553 2304 666 2387 aliqua
693 2306 795 2367 etiarn
825 2302 984 2367 facultate
1008 2302 1237 2377 ostendamus,

124 2413 187 2467 aut
203 2404 295 2467 nulla
306 2406 518 2469 dubitatione
534 2407 709 2479 credamus
725 2426 799 2468 esse
825 2405 1042 2468 falsissimum
1059 2403 1111 2487 (2).
1133 2417 1151 2470 t
1183 2402 1237 2465 De
1316 2413 1370 2488 ‚Res
1383 2413 1412 2460 in

126 2509 223 2572 cuius
238 2510 408 2592 aequitate
425 2510 560 2593 regulae
576 2512 609 2573 in
623 2512 892 2575 consideratione
904 2512 947 2574 sit
963 2512 1119 2592 primurn,
1134 2510 1235 2590 scrip·
1262 2480 1397 2593 mm

126 2623 219 2676 tores
234 2634 355 2689 sacros,
370 2634 428 2677 seu
444 2615 554 2677 verius
568 2628 585 2682 tt
602 2613 765 2695 Spiritum
778 2614 853 2691 Dei,
869 2617 925 2697 qui
942 2635 1001 2697 per
1017 2615 1107 2696 ipsos
1122 2614 1237 2696 loque·
1262 2626 1340 2723 ruff
1351 2610 1402 2721 ‘tlt‘-

127 2718 237 2794 batur,
274 2718 420 2781 noluisse
451 2718 514 2781 ista
557 2718 729 2797 (videlicet
769 2719 924 2781 intimam
954 2718 1234 2800 adspectabilium
1262 2690 1400 2789 3,(ιῖθῖ

125 2840 237 2885 rerum
255 2812 547 2903 constitutionem)
563 2823 683 2885 docere
705 2823 871 2896 homines,
898 2823 980 2885 nulli
1008 2821 1108 2885 saluti
1124 2822 1236 2904 prosu·
1262 2806 1415 2921 mm

127 2935 204 2988 tura
219 2922 295 3006 (³)t
315 2946 322 3003 ;
338 2944 440 3007 quare
456 2946 525 3002 eos,
541 2926 772 3008 potiusquam
797 2926 1069 3007 explorationem
1096 2940 1237 2989 naturae
1343 2908 1349 2921 ⁸

127 3040 220 3091 recta
230 3039 534 3111 persequantur,res
547 3030 636 3109 ipsas
650 3030 834 3112 aliquando
845 3030 1032 3093 describere
1048 3041 1083 3093 et
1094 3040 1237 3092 tractare

126 3143 187 3195 aut
203 3132 352 3212 quodam
368 3132 599 3196 translationis
617 3135 730 3208 modo,
745 3143 804 3195 aut
820 3134 906 3196 sicut
923 3133 1111 3196 communis
1127 3152 1238 3195 sermo

128 3254 188 3316 per
203 3253 244 3296 ea
270 3232 398 3298 serebat
424 3242 587 3315 tempora,
611 3237 778 3319 hodieque
802 3239 845 3300 de
861 3238 976 3300 multis
1003 3236 1066 3298 fert
1083 3238 1181 3299 rebus
1204 3238 1237 3297 in
1332 3255 1338 3271 ·

128 3337 327 3419 quotidiana
342 3338 421 3416 vita,
436 3337 527 3420 ipsos
543 3342 630 3402 inter
645 3341 800 3403 homines
827 3341 1078 3403 scientissimos.
1095 3339 1239 3422 Vulgari

126 3454 244 3505 autem
261 3460 414 3504 sermone
429 3462 533 3525 quum
550 3464 590 3505 ea
606 3444 714 3523 primo
739 3446 938 3527 proprieque
955 3442 1135 3506 efferantur
1151 3463 1238 3524 quae

127 3545 253 3608 cadant
269 3544 332 3608 sub
348 3566 476 3623 sensus,
492 3566 559 3609 non
577 3548 784 3613 dissimiliter
809 3550 951 3629 scriptor
967 3568 1060 3609 sacer
1075 3545 1239 3629 (monuit-

126 3669 195 3731 que
211 3658 246 3711 et
263 3649 391 3713 Doctor
408 3648 609 3734 Angelicus)
624 3665 690 3719 tea
706 3662 841 3714 secutus
858 3662 918 3727 est,
934 3671 1021 3733 quae
1036 3651 1240 3715 sensibiliter

127 3763 293 3833 apparent
310 3750 353 3835 (4)
369 3767 399 3831 t,
414 3772 473 3815 seu
489 3774 577 3836 quae
602 3754 695 3817 Deus
722 3754 803 3836 ipse,
819 3755 973 3817 homines
988 3756 1173 3838 alloquens,
1195 3759 1239 3821 ad

126 3876 245 3921 eorum
273 3870 411 3939 captum
442 3858 646 3940 significavit
672 3859 823 3921 humano
847 3878 948 3923 more.
974 3860 1135 3942 -Quod
1159 3883 1239 3925 vero
1299 3879 1415 3927 Namm-

127 3960 281 4026 del'ensio
298 3960 490 4043 Scripturae
506 3975 645 4025 sanctae
661 3963 795 4043 agenda
818 3971 951 4026 strenue
967 3973 1028 4040 est,
1053 3986 1119 4027 non
1136 3986 1182 4034 ex
1199 3988 1240 4029 eo
1266 3946 1395 4059 mh

126 4085 247 4153 omnes
263 4086 370 4149 aeque
385 4068 572 4129 sententiae
595 4068 741 4129 tuendae
766 4077 854 4142 sunt,
871 4087 954 4149 quas
970 4069 1093 4151 singuli
1121 4070 1239 4133 Patres

125 4180 188 4234 aut
215 4171 272 4252 qui
296 4171 456 4253 deinceps
484 4172 683 4253 interpretes
710 4171 742 4233 in
770 4170 889 4234 eadem
906 4172 1108 4235 declaranda
1125 4174 1240 4236 edide-

160 4324 181 4356 1.
200 4312 231 4357 lu
244 4312 303 4357 Gen.
315 4320 349 4370 op.
367 4312 472 4373 imperf..
487 4323 523 4366 rx,
537 4328 573 4372 30.
592 4338 623 4348 -
637 4327 658 4360 2.
677 4315 717 4359 De
729 4314 787 4360 Gerr.
799 4315 834 4359 ad
844 4316 902 4367 lire..
921 4325 938 4366 1,
951 4329 988 4368 21,
1000 4330 1036 4373 41.
1054 4340 1085 4349 —
1099 4329 1120 4372 3.
1139 4316 1163 4362 S.
1175 4316 1238 4374 Aug·

126 4379 160 4427 ih.
176 4388 289 4438 11,9,ao.
304 4404 334 4414 -·
347 4394 368 4437 4
387 4380 489 4427 Summa
505 4384 584 4434 theol..
597 4395 620 4441 p
635 4390 652 4434 t,
665 4395 688 4440 q.
702 4391 765 4436 Lxx,
778 4396 801 4435 a,
816 4396 836 4435 1,
848 4383 913 4440 adp
