3117 4859
340 275 408 351 174
462 279 644 332 setsrocs
672 281 882 332 sucrccrcs
911 269 934 299 ‘⁸
951 281 1057 334 sscts
1084 283 1301 336 cooutcuu.
1322 261 1340 289 ¹¹

336 420 459 487 Christi
475 442 595 487 omnes
623 424 750 488 debent
768 448 775 488 :
791 424 861 488 imo
875 424 1028 508 Regnum
1050 426 1140 508 quod
1149 429 1327 492 suscitavit
1339 429 1441 504 Deus,

335 527 492 610 quodque
508 527 610 591 stabit
627 529 660 592 in
676 540 843 592 aeternum
856 551 869 594 .·
883 529 1030 612 denique
1047 527 1171 612 Corpus
1185 531 1312 596 Christi
1327 533 1441 614 mysti-

333 651 405 694 cum
422 629 504 696 illud
521 633 669 714 quidem,
684 635 741 698 sed
768 643 883 698 tamen
899 634 1014 698 vivum
1029 645 1176 717 apteque
1203 639 1440 718 compositum,

336 735 518 819 multisque
533 735 717 802 conflatum
734 737 915 816 membris;
931 756 1018 821 quae
1034 741 1185 803 membra
1201 760 1268 804 non
1281 743 1437 806 eumdem
1554 802 1555 805 ,

336 850 448 905 actum
464 839 592 904 habent
608 865 614 904 :
631 841 789 923 copulata
799 861 877 905 vero
888 843 974 907 inter
986 862 1031 918 se,
1041 843 1252 924 gubernante
1268 865 1307 908 ae
1323 846 1442 910 mode-

171 961 312 1022 pmsecnse
338 954 431 1009 rante
447 946 568 1028 capite,
584 945 806 1011 continentur.
830 945 984 1010 lamvero
998 947 1090 1010 nulla
1106 947 1281 1010 hominum
1300 949 1440 1031 cogitari

176 1021 311 1142 “f-‘2222
337 1058 450 1130 potest
461 1070 538 1114 vera
549 1071 587 1113 ac
598 1047 744 1134 perlecta
755 1050 992 1132 societasque
1003 1060 1173 1133 potestate
1185 1052 1298 1135 aliqua
1307 1072 1440 1116 summa

159 1141 309 1192 mim·
338 1163 480 1236 regatur.
497 1153 610 1218 Debet
627 1154 726 1236 igitur
750 1153 858 1220 lasus
870 1151 1063 1221 CHRISTUS
1076 1156 1310 1238 magistratum
1324 1155 1439 1221 Eccle-

157 1203 200 1248 cui
206 1200 312 1246 obediens

165 1260 313 1366 mm
337 1257 406 1322 siae
425 1259 613 1322 maximum
638 1259 846 1342 praefecisse,
862 1258 915 1321 cui
931 1259 1092 1323 obediens
1108 1279 1147 1322 ac
1163 1259 1315 1324 subiecta
1329 1262 1441 1324 omnis

158 1377 311 1426 rummaln'·
337 1373 425 1426 esset
447 1362 703 1426 christianorum
730 1362 922 1427 multitudo.
953 1362 1031 1445 Qua
1060 1363 1103 1428 de
1133 1383 1253 1427 caussa
1282 1365 1370 1428 sicut
1396 1365 1438 1428 ad

157 1439 312 1498 incanaque
386 1467 393 1482 .
643 1467 651 1482 .
1166 1467 1173 1479 ·
1411 1469 1420 1484 .

158 1501 186 1544 ,·„
202 1499 310 1544 gum„
337 1475 503 1530 unitatem
522 1465 702 1544 Ecclesiae,
714 1475 881 1548 quatenus
896 1475 947 1530 est
961 1466 1236 1550 coetusfidrlrum,
1252 1487 1441 1532 necessario

171 1564 244 1605 ‘W
253 1557 313 1628 ΙΨ
338 1571 449 1635 unitas
466 1569 543 1634 fidei
563 1570 747 1654 requiritur,
763 1570 811 1636 ita
826 1569 869 1634 ad
886 1571 990 1652 ipsius
1005 1572 1179 1647 unitatem,
1208 1582 1377 1654 quatenus
1392 1585 1442 1636 est
1556 1546 1557 1615 3

157 1619 310 1738 {meinai
338 1675 498 1738 divinitus
522 1675 706 1738 constituta
730 1676 885 1751 societas,
911 1675 1089 1757 requiritur
1104 1675 1174 1740 iure
1198 1677 1316 1741 divino
1330 1677 1444 1740 unitas

189 1751 312 1843 :lesum
337 1779 519 1862 regiminis,
535 1799 621 1863 quae
637 1781 797 1843 unitatem
819 1778 1056 1843 communionis
1080 1779 1183 1845 efficit
1198 1789 1232 1845 et
1247 1781 1441 1863 complecti·

174 1857 309 1962 ’ΜΤ
337 1893 391 1947 tur
408 1907 415 1948 :
435 1899 452 1952 t
469 1884 640 1950 Ecclesiae
651 1893 765 1948 autem
784 1885 894 1948 unitas
910 1884 943 1946 in
956 1884 1439 1950 duobusattenditurzscilicet

338 1989 405 2054 (io
437 1989 648 2052 connexione
675 1989 902 2052 membrorum
939 1987 1110 2052 Ecclesiae
1137 1987 1179 2050 ad
1207 1987 1351 2051 invicem
1381 2008 1437 2052 seu

340 2107 357 2160 (
372 2092 724 2167 communicationem
735 2093 854 2155 iterum
868 2092 900 2152 in
913 2091 1033 2154 ordine
1042 2092 1192 2154 omnium
1211 2093 1436 2156 membrorum

340 2211 356 2266 t
373 2195 544 2260 Ecclesiae
560 2197 601 2259 ad
621 2215 723 2259 unum
739 2206 843 2277 caput
857 2194 912 2277 (¹).
927 2209 945 2262 )
963 2194 1075 2258 -Ex
1092 2215 1161 2278 quo
1190 2196 1335 2278 intelligi
1351 2196 1439 2270 licet,

335 2301 492 2364 excidere
502 2301 656 2365 homines
669 2299 892 2365 abEcclesiae
904 2300 1035 2364 unitate
1046 2320 1113 2363 non
1128 2301 1239 2362 minus
1248 2301 1438 2376 schismate,

334 2425 436 2487 quam
462 2405 591 2470 haeresi
610 2429 618 2468 :
637 2419 654 2474 t
672 2405 764 2469 Inter
791 2404 955 2468 haeresim
972 2414 1006 2468 et
1022 2404 1168 2468 schisma
1183 2405 1248 2467 hoc
1264 2425 1341 2468 esse
1354 2405 1438 2468 arbi·

339 2526 355 2578 ‹
371 2520 510 2586 trantur,
525 2511 616 2592 quod
629 2509 774 2573 haeresis
785 2527 977 2591 perversum
994 2509 1120 2590 dogma
1135 2509 1260 2572 habeat
1274 2509 1434 2574 :schisma

338 2625 507 2698 <propter
530 2614 757 2697 episcopalem
782 2613 1026 2677 dissensionem
1054 2613 1099 2676 ab
1126 2613 1281 2677 Ecclesia
1304 2632 1438 2696 separe·

336 2730 353 2786 i
370 2730 424 2783 tur
440 2719 525 2801 (²).)
546 2717 754 2801 Quibuscum
767 2717 823 2781 illa
835 2717 971 2781 loannis
983 2715 1216 2800 chrysostomi
1233 2719 1267 2780 in
1284 2719 1435 2782 eamdem

333 2843 402 2887 rem
419 2823 587 2887 sententia
610 2823 793 2887 concordat
811 2846 818 2886 :
836 2835 855 2890 t
873 2821 961 2885 Dico
983 2831 1017 2886 et
1044 2831 1221 2904 protestor,
1247 2820 1431 2885 Ecclesiam

336 2942 354 2994 t
369 2927 522 2991 scindere
538 2946 604 2989 non
623 2925 732 2989 minus
749 2945 823 2989 esse
839 2924 976 3005 malurn,
990 2945 1092 3008 quam
1109 2923 1257 2988 incidere
1272 2925 1307 2987 in
1323 2925 1436 2988 haere-

336 3045 353 3100 (
370 3030 433 3094 sim
450 3031 530 3114 (³).)
551 3029 781 3113 Quamobrem
799 3031 826 3094 si
842 3030 935 3094 nulla
950 3039 1064 3112 potest
1078 3049 1151 3092 esse
1165 3027 1311 3092 honesta
1322 3029 1437 3092 haere·

332 3135 389 3212 sis,
413 3134 484 3217 pari
515 3135 644 3198 ratione
678 3135 825 3199 schisma
855 3134 983 3199 nullum
1021 3143 1080 3210 est,
1115 3133 1207 3215 quod
1235 3133 1344 3214 possit
1366 3132 1435 3195 iure

333 3237 458 3302 lactum
483 3238 586 3301 videri
612 3262 618 3300 :
644 3237 757 3302 «Non
794 3249 846 3302 est
883 3238 1061 3320 quicquam
1100 3239 1234 3318 gravius
1259 3234 1431 3318 sacrilegio

335 3342 607 3420 (schismatis...
627 3341 871 3424 praecidendae
887 3341 1026 3406 unitatis
1042 3341 1134 3404 nulia
1149 3350 1200 3405 est
1216 3340 1306 3403 iusta
1321 3358 1429 3403 neces

336 3443 549 3528 (sitas(⁴).)

192 3569 307 3616 litavere
376 3550 473 3634 Quae
504 3569 582 3612 vero
607 3561 641 3614 et
668 3549 854 3613 cuiusmodi
880 3569 1014 3613 summa
1037 3549 1102 3613 ista
1132 3558 1284 3630 potestas
1307 3548 1361 3622 sit,
1384 3546 1435 3609 cui

164 3641 306 3748 passm
332 3654 532 3719 christianos
554 3675 668 3736 parere
684 3663 819 3736 oportet
845 3653 1027 3726 universos,
1052 3673 1120 3717 non
1147 3651 1245 3716 aliter
1266 3652 1331 3716 nisi
1346 3670 1433 3714 com·

198 3747 305 3794 E‘dffl'a
332 3771 426 3842 perta
453 3759 656 3841 cognitaque
682 3758 857 3821 voluntate
883 3755 1008 3823 Christi
1033 3756 1260 3821 statuendum.
1286 3756 1386 3821 Certe
1401 3754 1432 3816 iu

171 3808 255 3864 qualis
264 3809 303 3860 sit,

154 3879 201 3968 ’ἕξ
210 3868 304 3972 21:522
331 3873 504 3928 aeternum
522 3882 582 3926 rex
599 3861 752 3926 Christus
768 3871 830 3940 est,
852 3861 1002 3946 itemque
1018 3861 1183 3925 moderari
1207 3861 1242 3924 in
1258 3869 1430 3924 aeternum

148 3985 222 4040 gnita
234 3985 303 4030 cin·-
331 3969 482 4050 tuerique
506 3987 647 4048 regnum
671 3985 767 4031 suurn
785 3987 804 4029 e
820 3963 915 4029 caelo
930 3984 998 4028 non
1027 3965 1117 4029 visus
1144 3973 1334 4046 perseverat
1352 3961 1431 4026 :sed

152 4045 303 4147 {mm
330 4071 408 4151 quia
424 4071 642 4150 conspicuum
678 4069 760 4132 illud
784 4089 857 4133 esse
885 4069 1000 4146 voluit,
1031 4069 1209 4150 designare
1235 4067 1353 4130 debuit
1376 4065 1432 4147 qui

330 4261 408 4319 Epist.
421 4261 456 4304 ad
463 4259 555 4311 Titum,
567 4275 619 4318 cap.
634 4271 671 4314 ιιι,
682 4273 705 4306 ν.
722 4275 795 4307 10-11.
810 4286 839 4294 -
854 4275 875 4320 3,
895 4261 969 4307 Hom.
986 4271 1024 4311 χι,
1037 4260 1065 4305 in
1075 4261 1153 4320 Epist.
1173 4261 1210 4305 od
1227 4261 1322 4317 Epicu,
1334 4273 1358 4304 u.
1371 4271 1392 4316 5
1405 4282 1435 4294 -

329 4335 350 4377 4.
369 4319 393 4366 S.
407 4320 562 4375 Augustinus,
577 4324 665 4365 chatra
674 4321 807 4378 Epistolam
818 4321 990 4373 Parmenioni,
1007 4321 1046 4367 lib.
1060 4330 1088 4373 ιι,
1101 4333 1153 4377 cap.
1169 4333 1203 4371 tr,
1217 4332 1243 4364 n.
1254 4333 1290 4376 25.
