3117 4859
324 390 397 461 324
680 384 803 435 INDEX
829 382 1081 437 ANALlf'l'lCUS·

320 552 436 612 pmpter
448 538 668 593 conventionem
681 534 781 590 initam
793 534 868 588 inter
879 534 1135 603 archiepiscopum
1149 533 1177 587 S.
1192 530 1272 585 Pauli
1286 540 1314 585 et
1329 530 1429 584 civiles

319 626 503 695 magistratus
524 624 600 678 circa
618 622 690 676 duas
711 622 826 676 scholas
846 621 1023 691 paroeciales
1037 620 1081 687 78.
1096 618 1337 675 -Concordiam
1355 617 1425 672 inde

319 713 394 771 inter
416 711 580 768 catholicos
611 709 764 779 periclitari
786 708 895 777 videns,
920 726 971 779 pro
996 708 1090 763 officio
1118 724 1170 763 suo
1195 724 1255 763 rem
1275 707 1428 776 diligenter

317 800 447 870 rependit
460 810 546 870 atque
567 796 760 852 dirimendam
778 794 888 851 censuit
909 812 1048 865 responso
1072 812 1090 849 a
1103 796 1250 851 Praefecto
1269 796 1374 862 congr.
1388 792 1426 847 de

318 887 509 958 Propaganda
522 885 594 940 Fide
602 896 688 939 antea
697 884 793 939 edicto
805 884 895 951 7879.
909 913 944 923 —
952 882 1095 953 Judicium
1107 883 1163 939 bac
1176 884 1214 937 de
1226 883 1425 937 tesselatum

317 978 448 1031 Pontifex
460 974 586 1029 vindicat
597 987 677 1040 79.-
691 972 801 1027 Laudat
815 971 978 1027 unanimem
987 988 1102 1025 sensum
1116 970 1326 1040 Episcopornm
1337 970 1428 1023 Ame-
1472 988 1479 995 ·

315 1063 401 1129 ricae,
413 1062 526 1116 scholas
548 1066 667 1113 neutras
685 1058 919 1127 improbantium,
931 1074 966 1111 ac
987 1067 1104 1125 exoptat
1123 1068 1153 1110 ut
1176 1056 1324 1110 Praesoles
1349 1056 1427 1108 Neo·

316 1146 508 1203 Eboracensis
520 1144 686 1217 provinciae
699 1144 727 1199 in
740 1145 876 1214 proximis
890 1143 1077 1199 conventibus
1090 1144 1236 1199 conferant
1255 1144 1291 1198 de
1309 1143 1426 1197 rationi·

314 1238 369 1291 bus
377 1236 509 1291 ineundis
517 1252 554 1288 ne
564 1234 644 1303 pueri
654 1232 786 1289 catholici
797 1239 914 1287 neutras
924 1233 1038 1287 scholas
1047 1232 1153 1288 adeant
1164 1234 1291 1301 79-80.-
1301 1233 1428 1287 Conten-

315 1325 385 1384 dant
407 1332 556 1393 praeterea
576 1333 606 1375 ut
629 1320 779 1391 perleges
800 1319 974 1390 impediatur
999 1320 1201 1378 detrimentum
1226 1319 1371 1389 religionis
1394 1318 1425 1373 in

316 1412 422 1468 scholis
435 1410 557 1481 publicis
568 1409 610 1463 80.
624 1440 660 1449 —
673 1408 797 1464 Confidit
808 1408 937 1463 Pontifex
950 1408 1150 1479 praesentibus
1164 1408 1264 1465 litteris
1275 1408 1428 1463 Praesules

316 1496 390 1553 illius
405 1496 568 1566 provinciae
580 1494 688 1551 arctius
709 1494 738 1547 in
758 1492 820 1549 dies
839 1493 1004 1549 devinctum
1024 1495 1056 1549 iri
1076 1510 1141 1549 cum
1154 1493 1255 1548 ceteris
1275 1492 1430 1548 Americae

318 1584 470 1655 Episcopis
483 1583 577 1637 80-81.

327 1708 332 1717 '
353 1711 400 1761 17.
414 1711 634 1761 LITTERAE
648 1707 941 1759 APOSTOLICAE
963 1709 1003 1757 de
1016 1708 1154 1759 statutis
1164 1709 1238 1770 piae
1251 1709 1338 1759 Con·

317 1797 534 1847 soelatlonisa
547 1796 805 1846 SacraFamllla.
821 1794 906 1843 -14
916 1794 1115 1845 lunlll892.
1270 1806 1335 1858 pag.
1393 1788 1430 1843 82

355 1905 489 1961 Ostendit
504 1905 634 1960 Pontifex
646 1920 828 1974 summopere
840 1903 979 1959 interesse
997 1904 1036 1958 rei
1056 1902 1183 1973 privatae
1196 1913 1281 1972 atque
1295 1898 1431 1972 publicae

320 2006 350 2049 ut
363 1994 521 2048 domestica
535 1994 657 2049 societas
671 2003 770 2047 sancte
784 1994 819 2048 sit
833 1991 987 2047 constituta
1008 1992 1170 2062 sanctisque
1189 1991 1299 2059 legibus
1313 2002 1433 2059 regatur

320 2081 362 2136 82.
376 2110 410 2119 -
425 2080 625 2149 Reparationis
646 2081 789 2133 humanae
810 2097 882 2149 opus
905 2078 1044 2133 inchoans
1067 2080 1156 2146 Deus,
1176 2079 1300 2149 speciem
1320 2078 1432 2133 mundo

319 2169 446 2223 exhibuit
472 2168 610 2223 Familiae
632 2168 768 2222 divinitus
790 2166 969 2236 constitutae,
988 2185 1062 2236 quae
1081 2167 1183 2221 ceteris
1203 2166 1317 2220 familiis
1342 2167 1433 2221 docu-

320 2268 417 2312 mento
435 2269 519 2325 esset,
539 2258 668 2326 exempla
690 2257 832 2326 praebens
854 2256 981 2310 omnium
1004 2256 1138 2311 virtutum
1160 2255 1324 2325 parentibus
1344 2254 1433 2309 simul

319 2362 354 2398 ac
380 2346 484 2412 liberis,
504 2344 640 2398 divitibus
663 2354 748 2413 atque
766 2344 959 2414 pauperibus:
983 2344 1027 2397 his
1051 2343 1204 2412 praecipue
1229 2344 1331 2398 solatio
1362 2359 1431 2398 esse

322 2434 405 2487 debet
428 2448 527 2486 sacrae
549 2432 688 2485 Familiae
709 2443 862 2501 paupertas
882 2442 910 2485 et
932 2432 1025 2486 tenuis
1047 2430 1182 2499 conditio,
1201 2448 1287 2501 quam
1309 2432 1430 2501 quidem

323 2520 403 2573 multi
413 2517 594 2572 divitesultro
602 2529 666 2572 sunt
676 2518 798 2587 amplexi
809 2518 1045 2586 82·83.—Sacrae
1054 2517 1192 2572 Familiae
1201 2518 1308 2572 cultum
1321 2527 1435 2574 mature

323 2607 399 2678 apud
414 2605 578 2660 Catholicos
591 2605 743 2673 invectum,
757 2605 884 2676 mireque
897 2615 1087 2675 propagatum
1106 2604 1193 2659 fuisse
1206 2606 1321 2675 exponit
1335 2586 1435 2659 Ponti*-

324 2697 370 2752 fex
382 2698 424 2765 83.
439 2727 473 2735 -
485 2696 593 2749 Laudat
608 2698 858 2752 Consociationem
871 2715 888 2751 a
902 2698 929 2750 S.
945 2696 1066 2751 Familia
1081 2695 1210 2764 Lugduni
1223 2712 1241 2749 a
1253 2697 1285 2751 R.
1299 2696 1327 2750 P.
1343 2697 1436 2751 Fran-

326 2803 374 2840 coz
388 2788 416 2839 S.
426 2784 602 2853 J.conditam
612 2802 646 2838 eo
655 2785 803 2854 proposito
816 2795 846 2839 ut
859 2784 1031 2839 christianae
1045 2784 1169 2839 familiae
1182 2800 1281 2837 sacrae
1291 2783 1436 2839 Familiae

327 2891 391 2930 sese
404 2874 586 2942 devoventes,
599 2874 659 2941 ejus
682 2872 785 2941 insigni
805 2873 934 2927 fruantur
951 2872 1111 2941 patrocinio
1125 2872 1215 2939 83-84.
1229 2900 1264 2909 -
1278 2873 1335 2925 Lex
1347 2872 1437 2927 soda-

327 2965 395 3018 lium
409 2982 415 3017 :
431 2965 502 3017 Cum
516 2972 577 3017 tota
589 2980 641 3017 sua
653 2964 739 3017 domn
747 2964 784 3017 ad
795 2963 934 3017 orandum
945 2962 1126 3029 conveniunt,
1140 2978 1261 3032 eamque
1269 2962 1436 3018 christianis

328 3051 456 3110 moribus
468 3050 651 3104 imbuendam
664 3060 764 3105 curant
775 3050 817 3115 84.
831 3078 865 3087 -
877 3049 1126 3104 Consociationem
1137 3050 1285 3114 Bononiae
1299 3059 1436 3118 erectam,

328 3136 452 3205 olimque
474 3152 491 3189 a
514 3136 565 3190 Pio
581 3137 622 3189 [Χ
636 3138 833 3206 approbatam,
847 3135 949 3190 iterum
968 3136 1109 3205 approbat
1124 3136 1260 3204 Pontifex,
1274 3152 1386 3191 necnon
1403 3148 1436 3191 et

327 3221 503 3292 propositam
517 3239 534 3276 a
553 3224 581 3278 S.
596 3225 629 3275 R.
644 3222 874 3291 congregatione
888 3222 1038 3277 formulam
1058 3223 1282 3277 consecrationis
1297 3224 1437 3278 Christia-

327 3332 428 3369 narum
453 3314 631 3380 familiarum,
656 3323 684 3366 et
709 3310 903 3381 precationem
930 3313 1108 3367 recitandam
1133 3328 1231 3366 coram
1254 3312 1377 3383 imagine
1402 3314 1435 3369 S.

329 3406 467 3460 Familiae
481 3407 523 3471 84
536 3432 571 3441 -
584 3387 716 3457 (litantur
728 3403 756 3456 S.
772 3404 805 3454 R.
822 3401 1059 3471 Congregationis
1073 3412 1179 3457 statuta
1192 3402 1294 3472 quibus
1316 3402 1390 3457 inter
1402 3418 1437 3458 se

329 3510 429 3547 omnes
441 3490 675 3546 Consociationes
689 3490 717 3544 S.
732 3489 870 3543 Familiae
884 3489 937 3543 sub
951 3507 1007 3543 uno
1020 3488 1151 3559 praeside
1164 3500 1382 3557 congregantur.

369 3588 393 3633 1⁰
405 3578 483 3632 Finis
492 3576 719 3632 Consociationis
734 3577 762 3631 in
775 3594 810 3629 eo
821 3588 873 3643 est,
886 3588 916 3631 ut
930 3576 1053 3630 familiae
1067 3574 1239 3630 christianae
1252 3593 1283 3629 se
1297 3576 1325 3629 S.
1341 3574 1438 3629 Fami·

330 3665 385 3721 liae
395 3668 562 3731 devoveant,
574 3681 638 3720 earn
651 3665 818 3734 quotidiana
832 3666 959 3719 oratione
968 3667 1073 3732 colant,
1086 3664 1199 3734 sibique
1212 3673 1241 3718 ut
1255 3664 1330 3718 vitae
1343 3680 1438 3718 exem-

332 3755 408 3824 plum
420 3764 580 3820 proponant
588 3752 671 3820 85.—
680 3758 708 3805 2⁰
718 3753 856 3805 Centrum
868 3752 1097 3806 consociationis
1107 3754 1217 3805 Romae
1226 3752 1348 3805 babetur
1357 3752 1437 3823 apud

332 3843 395 3895 Em.
411 3841 494 3895 Card.
508 3857 559 3908 pro
572 3852 700 3910 tempore
715 3843 742 3894 S.
758 3837 802 3894 8¹³⁵
814 3838 967 3907 Vicarium,
981 3840 1030 3909 qni
1050 3839 1279 3895 Consociationis
1293 3850 1440 3908 protector

331 3941 383 3995 est,
397 3928 531 3997 illamque
549 3929 627 3996 regit,
640 3929 754 3997 adjutus
771 3930 809 3982 ab
831 3927 877 3981 1110
890 3928 1048 3983 Secretario
1063 3930 1090 3983 S.
1104 3930 1137 3982 R.
1154 3924 1395 3997 Congregationis
1409 3940 1439 3983 et

331 4016 442 4070 duobus
456 4013 589 4081 praelatis
605 4032 623 4068 a
635 4032 666 4068 se
687 4014 826 4083 eligendis
847 4030 959 4068 necnon
974 4032 991 4067 a
1003 4012 1063 4067 viro
1083 4014 1278 4069 ecclesiastico
1292 4012 1439 4067 secretarii

332 4121 434 4161 munus
444 4113 560 4171 gerente
573 4102 653 4171 85.-
668 4105 737 4171 3⁰ln
749 4104 882 4158 omnibus
893 4102 1071 4158 dioecesibus
1083 4103 1126 4157 vel
1136 4101 1310 4172 Apostolicis
1320 4100 1442 4155 vicaria·

333 4196 417 4260 tibus,
429 4190 597 4245 Ordinarius
615 4191 707 4245 virum
720 4191 946 4247 ecclesiasticum
960 4191 1114 4262 quemdam
1128 4191 1308 4245 Directorem
1328 4188 1442 4244 dioece-

335 4298 436 4337 sanum
449 4281 601 4336 constituet
615 4281 656 4349 85.
671 4308 705 4318 -
717 4289 747 4347 40
757 4282 802 4335 Ad
815 4282 893 4335 solos
911 4282 1051 4352 parochos
1064 4280 1186 4349 pertinet
1203 4276 1338 4346 ascriptio
1357 4278 1444 4333 fami·

336 4371 437 4426 liatum
447 4368 578 4439 propriae
591 4369 741 4439 parochiae
746 4386 906 4433 ;numerum
918 4369 1123 4439 ascriptionum
1133 4366 1353 4436 uniuscnjusque
1363 4368 1447 4436 anni,
