3117 4859
335 349 408 422 204
435 354 626 408 crassata
644 356 905 409 srosromcna
925 345 947 375 ‘⁸
965 355 1224 409 nrosrourcns
1243 359 1382 412 cunas.
1400 335 1419 366 ”

173 514 306 563 clemen
331 501 579 584 quisitaeTum
596 502 755 568 Clemens
770 503 836 582 XI,
851 504 1082 572 Cardinalium
1099 505 1142 570 ad
1158 523 1243 588 quos
1253 505 1446 588 pertinebat

150 575 304 682 rufescit
329 605 617 670 consentientibus
633 605 810 690 suffragiis,
822 609 967 691 ipsemet
984 611 1065 674 seria
1088 623 1123 688 ν,
1148 609 1204 674 die
1225 623 1307 674 xvn
1328 612 1446 694 aprilis

149 709 177 741 '⁶
197 693 292 741 ‘'W'‘
329 711 659 788 nncc1v,decrevit:
675 724 694 778 (
713 712 858 778 loannes
871 714 1028 782 Clemens
1046 713 1185 780 Gordon
1201 735 1242 780 ex
1267 716 1396 798 integro
1414 729 1447 782 et

325 815 704 885 absoluteordineturad
715 841 835 886 omnes
845 823 981 887 ordines
993 824 1094 888 etiam
1103 825 1445 908 sacrnsetpraecipue

328 921 796 1006 presbyteratus,etquatenus
810 945 876 990 non
889 925 987 991 luerit
996 926 1323 1006 confirmatus,prius
1334 948 1445 993 sacra·

149 1039 264 1110 Panum
328 1034 480 1090 mentum
497 1025 773 1093 Confirmationis
784 1031 947 1112 suscipiat
961 1045 988 1100 l.
1007 1030 1104 1115 Quae
1117 1032 1296 1109 sententia,
1315 1033 1349 1096 id
1364 1054 1445 1099 sane

146 1101 279 1160 '‘4²⁸⁸'‘
327 1131 538 1194 considerare
565 1131 673 1208 reiert,
698 1151 775 1197 nea
792 1132 926 1198 defectu
943 1135 1079 1216 quidem
1105 1133 1298 1199 traditionis
1318 1137 1444 1201 instru-

327 1242 509 1297 mentorum
535 1236 720 1318 quidquam
746 1238 910 1302 momenti
936 1239 1059 1302 duxit:
1074 1248 1155 1302 tunc
1172 1239 1262 1302 enim
1280 1243 1444 1322 praescri·

325 1345 422 1418 ptum
438 1340 482 1402 de
498 1361 590 1405 more
606 1352 694 1407 esset
719 1354 755 1406 ut
779 1344 952 1408 ordinatio
967 1343 1027 1408 sub
1042 1345 1222 1410 conditione
1238 1346 1442 1414 instaurare·

324 1449 387 1504 tur.
403 1439 457 1505 Eo
472 1454 585 1508 autem
603 1446 708 1526 pluris
725 1446 824 1510 refert
841 1447 1064 1523 considerare,
1080 1449 1235 1511 eamdem
1265 1448 1441 1514 Pontificis

323 1548 525 1610 sententiam
541 1561 695 1630 spectare
710 1551 864 1615 universe
880 1552 922 1615 ad
951 1571 1069 1615 omnes
1098 1551 1370 1634 Anglicanorum
1387 1575 1440 1617 or-

321 1649 520 1717 dinationes.
538 1653 636 1719 Licet
645 1655 735 1720 enim
749 1655 875 1720 sactum
888 1657 1039 1738 attigerit
1052 1655 1229 1738 peculiare,
1242 1677 1309 1720 non
1322 1667 1437 1722 tamen

322 1774 366 1817 ex
384 1757 543 1836 peculiari
571 1759 729 1840 quapiam
758 1761 889 1824 ratione
915 1759 1066 1842 proiecta
1082 1771 1143 1839 est,
1158 1781 1273 1825 verum
1291 1783 1337 1825 ex
1353 1763 1436 1827 uitio

312 1857 456 1938 formae,
471 1881 539 1942 quo
550 1863 687 1945 quidem
701 1864 784 1928 vitio
794 1864 1025 1928 ordinationes
1037 1863 1114 1928 iilae
1127 1884 1233 1947 aeque
1243 1863 1437 1931 afficiuntur

322 1982 460 2029 omnes:
476 1965 563 2030 adeo
579 1976 624 2042 ut,
639 1967 773 2050 quoties
789 1967 949 2049 deinceps
966 1969 999 2030 in
1018 1989 1052 2032 re
1067 1967 1168 2032 simili
1180 1969 1432 2035 decernendum

323 2067 395 2146 suit,
410 2069 511 2133 toties
527 2070 616 2133 idem
643 2070 830 2137 Clementis
847 2073 899 2136 XI
929 2073 1217 2137 communicatum
1245 2072 1289 2136 sit
1317 2073 1432 2138 decre·

324 2183 405 2238 tum.

193 2321 260 2366 Lm,
268 2324 298 2368 a,
368 2277 465 2361 Quae
480 2298 584 2362 quum
601 2278 648 2344 ita
658 2279 735 2357 sint,
750 2299 818 2343 non
835 2279 926 2344 videt
943 2299 1043 2343 nemo
1071 2279 1336 2344 controversiam
1348 2289 1433 2344 tem-

160 2378 298 2453 Arvstolic?
325 2383 461 2465 poribus
474 2384 596 2446 nostris
607 2384 860 2460 exsuscitatam,
874 2383 1094 2464 Apostolicae
1107 2383 1205 2448 Sedis
1215 2383 1343 2448 iudicio
1354 2385 1432 2448 defi·

145 2437 206 2483 Sede
214 2440 300 2490 suerri

164 2498 297 2547 sicconem
323 2487 429 2550 nitam
441 2485 775 2551 multoantealuisse:
787 2487 1064 2569 documentisque
1075 2487 1139 2550 illis
1149 2487 1432 2572 haudsatisquam

145 2561 297 2666 iiiiiass‘f„
323 2599 517 2672 oportuerat
528 2591 681 2672 cognitis,
694 2590 835 2654 fortasse
847 2591 972 2656 sactum
986 2601 1022 2653 ut
1034 2592 1175 2672 scriptor
1184 2591 1307 2672 aliquis
1319 2593 1433 2656 catho-

144 2675 298 2796 mffssss‘
323 2693 406 2757 licus
422 2693 684 2775 disputationem
701 2694 744 2757 de
755 2715 796 2758 ea
812 2693 914 2758 libere
929 2694 1054 2758 habere
1069 2715 1136 2756 non
1153 2693 1326 2758 dubitarit.
1340 2695 1432 2778 Quo·

145 2808 298 2915 ’mum
323 2798 413 2862 niam
439 2818 528 2872 vero,
543 2807 580 2861 ut
595 2797 760 2880 principio
786 2799 986 2875 monuimus,
1014 2796 1094 2861 nilril
1124 2796 1231 2861 Nobis
1259 2799 1430 2880 antiquius

183 2914 298 2988 Pontifex
322 2904 538 2987 optatiusque
550 2912 599 2967 est
615 2924 716 2986 quam
734 2913 771 2967 ut
787 2903 980 2968 hominibus
994 2915 1082 2968 recte
1098 2903 1256 2967 animatis
1276 2906 1427 2968 maxima

139 2979 296 3092 prmum
322 3008 490 3090 possimus
506 3006 715 3088 indulgentia
726 3017 760 3070 et
774 3008 917 3071 caritate
933 3009 1102 3089 prodesse,
1117 3006 1194 3072 ideo
1210 3007 1369 3071 iussimus
1397 3008 1428 3071 in

136 3091 219 3149 s“⁸³³'·
321 3110 483 3176 Ordinalc
498 3111 723 3192 anglicanum,
739 3111 830 3191 quod
842 3121 945 3193 caput
961 3119 1011 3175 est
1028 3111 1132 3174 totius
1147 3129 1297 3188 caussae,
1316 3129 1427 3173 rursus

320 3234 420 3299 quam
438 3215 683 3278 studiosissime
699 3214 830 3297 inquiri.

173 3355 294 3404 Dm,
364 3319 404 3382 In
421 3320 486 3382 ritu
503 3318 680 3382 cuiuslibet
697 3317 899 3382 sacramenti
911 3317 1109 3382 conficiendi
1120 3327 1154 3383 et
1165 3319 1424 3383 administrandi

157 3415 294 3521 „gm-
319 3424 390 3486 iure
404 3423 598 3486 discernunt
610 3425 697 3486 inter
713 3433 843 3504 partem
859 3422 1121 3487 caeremonialem
1134 3431 1168 3486 et
1178 3433 1311 3505 partem
1326 3443 1426 3486 essen·

182 3547 227 3579 vae
236 3537 294 3605 {ciris
318 3526 440 3602 tialem,
449 3547 536 3610 quae
547 3526 688 3591 materia
699 3529 850 3602 etforma
863 3528 1024 3609 appellari
1035 3527 1218 3592 consuevit.
1231 3526 1426 3609 Omnesque

155 3599 291 3651 ‘'mm'‘
320 3639 452 3707 norunt,
463 3639 674 3694 sacramenta
685 3650 793 3693 novae
806 3630 1020 3712 legis,utp0te
1031 3632 1126 3712 signa
1140 3630 1313 3693 sensibilia
1326 3639 1425 3712 atque

318 3733 446 3815 gratiae
472 3732 648 3796 invisibilis
674 3733 861 3810 efficientia,
877 3734 1000 3797 debere
1017 3733 1159 3814 gratiam
1177 3743 1211 3797 ct
1239 3732 1425 3815 significare

316 3856 417 3920 quam
432 3834 579 3899 efficiunt
594 3846 628 3900 et
638 3834 769 3899 efficere
781 3856 882 3918 quam
896 3836 1097 3918 significant.
1108 3835 1205 3918 Quae
1216 3833 1427 3918 significatio,

139 3937 249 4008 limfa
262 3942 290 3989 ἔκ
316 3941 378 4004 etsi
394 3941 427 4002 in
445 3948 521 4003 toto
536 3940 602 4002 ritu
619 3939 800 4018 essentiali,
816 3940 849 4002 in
867 3942 1007 4004 materia
1023 3941 1149 4004 scilicet
1165 3948 1198 4004 et
1226 3939 1345 4018 forma,
1368 3940 1423 4002 ha·

139 4002 290 4128 iiim
317 4045 385 4106 beri
400 4043 511 4120 debet,
536 4043 716 4124 praecipue
739 4051 854 4107 tamen
884 4042 926 4106 ad
955 4042 1098 4106 sormam
1124 4043 1294 4124 pertinet3
1322 4058 1423 4124 quum

168 4124 290 4222 iim·
318 4146 458 4208 materia
481 4145 525 4209 sit
549 4166 626 4227 pars
653 4166 712 4227 per
737 4167 774 4209 se
799 4167 866 4211 non
894 4145 1128 4224 determinata,
1143 4165 1232 4227 quac
1247 4165 1308 4228 per
1332 4145 1421 4209 iliam

160 4234 292 4340 s‘ffiss
316 4247 565 4312 determinetur.
602 4249 709 4331 quue
736 4251 769 4313 in
798 4260 1011 4314 sacramento
1042 4249 1180 4316 Ordinis
1212 4250 1420 4314 manifestius

138 4354 243 4408 appares.
317 4357 465 4430 apparet,
481 4349 573 4412 cuius
589 4351 783 4417 conserendi
801 4355 950 4432 materia,
966 4364 1132 4436 quatenus
1147 4353 1301 4417 hocloco
1317 4373 1353 4417 se
1365 4353 1421 4416 dat
