3117 4859
741 459 757 477 Ἰ
779 458 798 477 ,ν
816 459 835 476 '¹¹
854 459 910 477 '15¹1'
928 458 933 471 ,

501 488 555 497 —-

790 504 932 515 ..............

109 478 113 481 ’
158 473 165 481 “
438 504 744 515 ...............................
938 431 1211 515 3..'.·;..':‘..1‘t..'·‘'·'‘dl

255 597 582 679 mussans
612 597 1056 680 APOSTOLICAE
1079 493 1212 730 ul}

233 802 762 877 Qumussaurnnnruu
785 803 1079 864 VAT1CANUM
1170 701 1185 908 Ε

133 923 143 986 l

162 969 270 1032 oum
284 966 495 1029 senous
509 967 771 1030 onuomcn
786 966 1158 1030 oousmumun.

96 1329 363 1404 &QUOD
380 1326 526 1390 Romani
543 1325 723 1390 Pontifices
740 1325 790 1388 sui
808 1327 957 1390 maxime
974 1323 1121 1388 muneris
1137 1341 1210 1390 esse
1300 1343 1332 1390 18

93 1385 281 1708 {HR
302 1431 484 1507 duxeruut,
499 1440 536 1496 ut
551 1431 784 1496 adolescentes
807 1431 917 1494 clerici
934 1432 967 1494 in
991 1449 1086 1512 spem
1102 1447 1209 1491 sacer·
1342 1434 1350 1506 '.

151 1445 228 1626 Q
255 1561 278 1630 p
302 1534 386 1598 dotii
409 1534 564 1616 diligenti
587 1534 798 1599 institutione
821 1533 1087 1608 informarentur,
1103 1551 1210 1614 eaque
1240 1570 1355 1618 mm,

171 1635 283 1708 aeid
304 1641 347 1704 de
362 1659 490 1717 caussa,
505 1639 539 1702 in
556 1638 651 1704 Urbe
667 1639 891 1720 potissimum,
905 1648 976 1703 tam
1000 1637 1106 1701 multa
1129 1635 1211 1718 ipsis
1236 1630 1353 1736 {mx
1367 1644 1390 1676 ⁸³

94 1747 268 1812 domicilia
284 1754 343 1810 aut
366 1764 454 1807 nova
477 1744 668 1807 excitarunt
684 1752 743 1808 aut
766 1744 833 1807 iam
850 1742 1005 1806 instituta
1028 1739 1217 1805 effecerunt*
1235 1750 1387 1856 mm

96 1849 274 1932 multiplici
302 1849 492 1913 accessione
520 1848 670 1925 meliora,
697 1848 731 1911 in
759 1849 849 1912 idem
878 1847 960 1923 Nos,
985 1845 1037 1908 vel
1064 1845 1108 1908 ab
1135 1843 1209 1927 ipso
1235 1871 1350 1940 exempta,

95 1955 213 2018 Nostri
238 1951 458 2018 Pontificatus
484 1954 636 2029 exordio,
659 1952 759 2016 nullis
786 1971 895 2034 neque
922 1951 1009 2015 curis
1033 1957 1208 2032 parcentes
1233 1928 1367 2047 {mm

96 2078 205 2141 neque
220 2057 421 2140 sumptibus,
438 2057 589 2121 sedulam
612 2077 750 2138 operam
778 2058 996 2138 studiumque
1012 2074 1112 2118 omne
1128 2071 1207 2117 con·
1230 2047 1372 2153 {twa

95 2163 245 2228 tulimus.
264 2163 303 2226 In
329 2162 382 2226 his
409 2173 444 2226 et
460 2163 596 2225 nomine
619 2163 760 2244 dignum
777 2171 811 2225 et
837 2161 911 2224 loco
926 2157 1209 2234 existimavimus,
1233 2165 1376 2271 leffium

97 2269 150 2331 cui
168 2268 318 2330 animum
346 2267 576 2344 adliceremus,
592 2286 723 2329 sacrum
748 2264 975 2330 Seminarium
993 2262 1209 2337 Vaticanum,
1233 2284 1337 2332 cmm,

98 2392 204 2456 prope
221 2372 445 2435 venerandam
471 2373 559 2435 Petri
589 2370 794 2435 Cathodram
823 2378 925 2452 atque
953 2369 985 2430 in
1003 2367 1084 2449 ipsis
1101 2385 1209 2448 paene
1229 2345 1353 2463 ffiff'

101 2475 271 2540 Pontificis
293 2475 400 2539 oculis
425 2475 636 2540 collocatum.
654 2473 756 2556 Quod
781 2474 919 2557 quidem
946 2471 1210 2537 Seminariuma
1235 2463 1376 2572 dm?

99 2581 284 2644 Decessore
301 2579 429 2644 Nostro
445 2579 498 2644 iel.
510 2600 574 2644 rec.
590 2579 731 2646 Urbano
743 2578 835 2643 VIII
851 2578 1040 2641 institutum
1061 2576 1208 2657 Aposto·
1235 2581 1387 2688 {figetu-

98 2685 170 2748 licis
180 2683 320 2748 Litteris
333 2685 421 2747 datis
432 2684 487 2747 die
501 2698 580 2747 xxv
593 2686 717 2747 mensis
728 2683 889 2750 Octobris
902 2683 981 2745 anni
999 2692 1210 2755 MDCxxxvl,
1235 2674 1323 2748 me'nra.

96 2789 141 2852 ab
157 2791 207 2852 sui
224 2799 299 2852 ortu
314 2809 373 2871 per
386 2790 560 2852 Romanos
575 2787 755 2853 Pontifices
769 2808 856 2852 nova
869 2788 902 2850 in
916 2787 988 2850 dies
1001 2787 1208 2850 incrementa

97 2894 254 2975 suscepit.
271 2891 361 2957 Nam
378 2901 412 2957 et
424 2893 468 2957 ab
481 2893 556 2974 ipso
569 2893 711 2958 Urbano
724 2893 816 2956 VIII
831 2893 894 2956 dos
906 2893 953 2956 illi
965 2901 1015 2955 est
1029 2891 1208 2972 adsignata

98 3016 313 3061 nummorum
330 3006 539 3063 scutatorum
557 3017 670 3061 annua
682 3017 816 3062 summa
828 2996 1151 3078 quadringentorum
1164 3013 1209 3056 ex

98 3101 262 3184 imperata
278 3103 423 3185 pecunia
439 3103 531 3167 mille
555 3114 589 3166 et
615 3112 802 3166 tercentum
820 3123 840 3164 a
856 3100 1015 3183 Capitulo
1038 3098 1209 3162 Vaticano

98 3207 141 3270 ad
157 3226 236 3270 eum
253 3208 342 3270 diem
359 3206 470 3271 soluta
483 3206 672 3272 Seminario
688 3226 845 3284 romano;
857 3205 909 3268 cui
923 3203 1085 3287 pecuniae
1098 3221 1209 3264 acces·

97 3311 141 3375 sit
157 3331 269 3375 annua
285 3331 418 3375 summa
434 3330 649 3375 nummorum
666 3293 873 3373 scutatorum
891 3308 1089 3384 biscentum,
1104 3324 1207 3388 quam

97 3416 208 3498 ipsum
233 3414 427 3498 Capitulum
444 3413 618 3497 pontificia
633 3414 833 3478 auctoritate
857 3413 976 3477 statuit
992 3432 1037 3475 ex
1053 3430 1129 3474 aere
1145 3428 1208 3472 suo

95 3523 128 3584 in
156 3531 356 3604 perpetuum
383 3522 492 3584 eidem
522 3519 711 3585 Seminario
744 3519 951 3596 solvendam,
973 3526 1008 3581 et
1041 3515 1206 3600 quidquid

95 3633 267 3707 praeterea
282 3625 492 3707 contingeret
510 3624 728 3707 largitionum
742 3625 774 3686 in
790 3633 970 3706 posterum.
980 3620 1205 3686 Seminarium

95 3740 208 3792 autem
226 3749 299 3792 esse
326 3728 422 3792 iussit
446 3729 634 3793 obnoxium
659 3727 852 3793 auctoritati
877 3726 1066 3792 Cardinalis
1087 3725 1207 3790 Archi·

95 3833 281 3915 presbyteri
297 3842 400 3915 atque
426 3832 575 3915 Capituli
593 3831 763 3911 Vaticani,
778 3832 900 3915 quibus
923 3831 1079 3896 alumnos
1100 3831 1207 3896 adsci-

94 3937 208 4001 scendi
225 3939 391 4002 concessit
406 3937 592 4014 arbitrium,
609 3938 815 4019 indulsitque
839 3937 1089 4001 immunitatem
1111 3936 1207 4000 iurIs·

95 4041 251 4106 dicti0nis
269 4041 458 4108 Cardinalis
468 4042 501 4104 in
514 4040 607 4106 Urbe
618 4041 744 4107 Vicarii
757 4043 915 4106 omnibus
932 4050 966 4106 et
982 4041 1122 4122 singulis
1135 4051 1206 4106 tum

96 4148 246 4230 personis
273 4157 346 4211 tum
373 4147 481 4223 bonis,
506 4167 593 4230 quae
615 4148 786 4229 adipsum
812 4146 1028 4230 pertinerent.
1043 4145 1101 4211 Ad
1123 4145 1207 4210 haec

95 4253 277 4334 privilegiis
293 4253 460 4330 omnibus,
475 4253 624 4329 indultis,
639 4251 811 4316 beneficiis
826 4253 875 4318 uti
892 4252 996 4331 dedit,
1012 4272 1078 4316 non
1096 4252 1206 4317 solum

96 4356 218 4439 quibus
236 4368 347 4420 cetera
369 4355 560 4421 Seminaria
584 4357 780 4434 fruerentur,
796 4358 838 4420 ad
856 4356 948 4438 leges
965 4355 1108 4421 Concilii
1132 4355 1206 4420 Tri·
