3117 4859
350 387 423 457 294
475 386 657 439 sersrona
675 386 887 441 euctemon
908 379 929 409 ‘¹
948 390 1125 443 tucUNDA
1143 382 1302 441 sauses.
1323 366 1342 397 '’

346 558 414 604 non
430 538 498 603 alit
513 538 670 604 nimirum
688 540 750 603 nisi
766 540 830 604 hac
845 541 889 605 de
914 560 982 624 qua
999 542 1142 605 dicimus
1157 540 1404 605 conciliationis
1420 548 1454 604 et
1501 538 1506 547 “

344 642 592 725 deprecationis
607 642 726 725 lege,a
752 652 871 707 sancto
899 644 1108 709 Bernardino
1134 644 1275 710 Senensi
1303 645 1336 709 in
1368 644 1454 709 hanc

344 749 545 813 sententiam
561 764 742 829 expressa:
763 746 882 812 Omnis
891 748 1009 832 gratia
1024 770 1107 831 quae
1132 748 1210 813 hun
1233 748 1359 813 saecula
1372 769 1454 811 corn·

344 852 540 927 municatur,
555 850 714 932 triplicem
728 850 825 914 ltabet
844 862 1039 934 processum.
1055 852 1149 916 Nam
1174 874 1197 915 a
1218 852 1290 915 Deo
1305 850 1340 915 in
1359 848 1455 917 Chri·

245 1013 248 1019 .
343 964 473 1032 stum,a
502 952 679 1021 Clerr'stoin
703 952 884 1037 Virginem,
899 976 921 1019 a
939 953 1078 1038 Virgine
1090 955 1126 1019 in
1141 953 1454 1019 nosordinatissirru

170 1072 318 1125 annumero,
344 1056 618 1141 dispensatur(¹).
651 1056 778 1136 Quibus
807 1058 909 1123 veluti
940 1058 1109 1141 gradibus,
1136 1059 1289 1124 diversae
1313 1060 1452 1143 quidem

345 1165 432 1228 inter
448 1183 484 1225 se
500 1161 648 1240 rationis,
663 1162 791 1245 positis,
806 1163 840 1226 in
856 1162 921 1227 hoc
946 1174 1101 1227 extremo
1117 1162 1275 1227 libentius
1291 1164 1454 1246 quodam·

343 1270 448 1333 modo
459 1267 660 1351 longiusque
672 1288 717 1331 ex
727 1268 884 1333 instituto
898 1268 1030 1333 Rosarii
1044 1268 1239 1345 insistimus,
1251 1266 1455 1332 salutatione

344 1371 497 1454 angelica
512 1372 545 1435 in
562 1372 706 1436 decades
721 1372 929 1448 continuata,
939 1372 1035 1454 quasi
1050 1380 1087 1435 ut
1097 1370 1256 1437 fidentius
1267 1370 1311 1436 ad
1325 1380 1454 1435 ceteros

343 1479 478 1559 gradus,
493 1477 527 1540 id
543 1486 594 1541 est
619 1495 679 1558 per
708 1474 882 1541 Christum
909 1476 953 1541 ad
987 1476 1097 1540 Deum
1127 1476 1271 1554 Patrem,
1298 1477 1455 1541 nitamur.

344 1581 401 1647 Sic
410 1602 488 1645 vero
498 1582 652 1645 eamdem
665 1580 904 1645 salutationem
915 1579 1016 1645 toties
1027 1580 1233 1646 effundimus
1242 1581 1286 1645 ad
1301 1580 1455 1657 Mariam,

343 1695 380 1751 ut
397 1705 516 1751 manca
533 1695 567 1749 et
589 1685 710 1750 debilis
737 1684 887 1768 precatio
911 1696 1025 1749 nostra
1047 1686 1233 1749 necessarii
1258 1684 1382 1749 fiducia
1404 1704 1455 1749 su-

344 1800 512 1855 stentetur
529 1810 627 1870 ;eam
645 1790 838 1873 flagitantes
854 1798 892 1853 ut
905 1790 1017 1853 Deum
1035 1811 1096 1871 pro
1112 1790 1218 1867 nobis,
1235 1798 1349 1855 nostro
1366 1791 1457 1856 velut

343 1896 488 1971 nomine,
504 1903 631 1959 exoret.
642 1894 777 1958 Nostris
793 1895 920 1977 quippe
933 1896 1070 1958 vocibus
1088 1914 1213 1977 magna
1237 1894 1328 1978 apud
1361 1894 1453 1959 illum

343 2006 377 2063 et
393 1999 501 2080 gratia
513 2008 546 2061 et
562 1998 612 2061 vis
628 1997 814 2074 accesserit,
833 1998 860 2060 si
878 1998 1033 2080 precibus
1050 1997 1200 2080 Virginis
1216 1998 1455 2063 commenden-

344 2113 397 2166 tur
414 2125 421 2165 :
438 2122 540 2184 quam
572 2099 697 2164 blanda
722 2101 864 2182 ipsemet
894 2100 1094 2166 invitatione
1120 2102 1325 2184 compellat:
1357 2100 1458 2167 Sonat

343 2222 408 2265 vox
420 2212 478 2265 tua
494 2201 529 2264 in
544 2200 682 2265 auribus
697 2201 779 2265 meis
788 2226 803 2277 ,·
819 2222 883 2265 vox
903 2202 992 2265 enim
1018 2212 1077 2265 tua
1106 2199 1212 2266 duleis
1222 2202 1272 2287 (²).
1290 2203 1394 2268 Hanc
1408 2204 1455 2284 ip-

179 2338 319 2403 utumque
344 2325 417 2368 sam
433 2306 477 2369 ob
497 2324 565 2369 rem
578 2306 679 2368 toties
695 2306 837 2369 redeunt
858 2306 1053 2388 praedicata
1068 2328 1088 2369 a
1105 2306 1202 2371 nobis
1217 2326 1305 2392 quae
1320 2316 1401 2374 sunt
1425 2306 1454 2371 ci

168 2403 316 2480 ‘WB-M,-
345 2410 490 2492 gloriosa
514 2412 651 2474 nomina
675 2411 718 2473 ad
746 2410 1006 2492 impetrandum.
1036 2411 1122 2476 Eam
1151 2411 1347 2487 salutamus,
1370 2430 1456 2495 quae

183 2468 320 2583 affigitis
340 2514 492 2599 gratiam
507 2513 598 2596 apud
624 2512 733 2577 Deum
760 2513 897 2593 invenit,
927 2514 1142 2597 singulariter
1171 2515 1215 2580 ab
1246 2516 1304 2581 illo
1322 2516 1456 2598 plenam

169 2600 323 2729 ,ᾗῇζὲζῖ
342 2617 468 2704 gratiti,
483 2619 577 2682 cuius
593 2618 691 2700 copia
707 2619 749 2682 ad
767 2619 940 2683 universos
952 2620 1132 2702 proflueret
1146 2641 1253 2698 zeum,
1268 2621 1321 2685 cui
1340 2620 1456 2686 Domi·

166 2730 208 2794 eir
221 2730 321 2806 praedi·
348 2745 411 2788 nus
426 2732 553 2805 quanta
570 2722 721 2786 maxima
732 2720 801 2785 fieri
815 2723 923 2804 possit
937 2724 1176 2789 coniunctione
1190 2725 1341 2789 inhaeret
1355 2744 1456 2803 ;eam,

180 2802 323 2909 ‘mx
348 2828 384 2891 in
396 2824 588 2888 mulieribus
602 2824 808 2902 benedictam,
820 2846 906 2909 quae
925 2826 995 2891 sola
1011 2828 1267 2893 maledictionem
1278 2830 1416 2895 sustulit
1428 2839 1458 2893 et

216 2926 321 3004 avinne
347 2930 595 2996 benedictionem
618 2930 770 3011 portauit
783 2930 835 3014 (³),
850 2930 986 2995 beatum
1019 2934 1144 2997 ventris
1177 2935 1227 2997 sui
1254 2932 1409 3013 fructum,
1423 2936 1454 2997 in

166 2998 276 3055 gratem.
536 3034 541 3046 .
1396 3038 1420 3055 ·.

348 3056 415 3120 quo
430 3034 653 3098 benedicentur
668 3054 776 3097 omnes
787 3044 917 3117 gentes:
929 3054 1003 3099 eam
1020 3038 1157 3101 demum
1167 3036 1317 3103 Matrem
1333 3036 1399 3101 Der
1412 3056 1456 3101 rn-

347 3159 506 3205 vocamus
525 3160 533 3216 ;
548 3160 593 3201 ex
608 3158 676 3221 qua
692 3139 859 3221 dignitate
875 3140 1010 3203 excelsa
1026 3141 1107 3223 quid
1125 3161 1192 3206 non
1201 3152 1265 3224 pro
1284 3142 1375 3207 nobis
1388 3156 1456 3227 pec·

346 3241 509 3306 catoribus
523 3240 708 3305 certissime
723 3251 899 3324 exposcat,
916 3243 996 3325 quid
1030 3263 1098 3307 non
1116 3263 1287 3328 speremus
1303 3246 1337 3309 in
1366 3243 1456 3311 omni

348 3347 417 3409 vita
433 3354 466 3408 et
483 3346 515 3407 in
529 3363 640 3425 agone
656 3343 794 3424 spiritus
810 3342 958 3408 ultimo?

220 3456 327 3505 Kosara·
394 3448 599 3512 Huiusmodi
623 3448 776 3529 precibus
807 3448 1044 3531 mysteriisque
1070 3450 1128 3533 qul
1159 3452 1252 3515 omni
1284 3451 1459 3537 diligentia

170 3528 323 3650 ’Ξὲξῖζὲξ
349 3565 383 3619 et
399 3552 464 3619 fide
480 3555 657 3630 vacaverit,
674 3552 743 3617 lieri
759 3562 849 3619 certe
866 3556 982 3638 nequit
999 3567 1036 3619 ut
1053 3576 1120 3620 non
1145 3559 1177 3621 in
1201 3556 1456 3622 admirationem

171 3652 322 3767 {maz
349 3658 497 3740 rapiatur
516 3658 558 3719 de
588 3656 710 3720 divinis
727 3658 760 3719 in
786 3676 911 3739 magna
926 3656 1068 3740 Virgine
1086 3659 1235 3724 consiliis
1251 3658 1294 3724 ad
1310 3677 1457 3725 commu·

173 3798 237 3843 nus,
256 3798 322 3831 men·
349 3781 427 3825 nem
442 3762 594 3843 gentium
611 3759 754 3852 salutem
770 3769 892 3845 3atque
908 3761 1008 3826 alacri
1036 3764 1159 3845 gestiet
1191 3762 1314 3829 fiducia
1338 3783 1410 3828 sese
1424 3763 1455 3826 in

187 3848 325 3977 ffifflj
349 3866 490 3932 tutelam
513 3867 584 3929 eius
614 3867 792 3950 sinumque
819 3868 976 3950 recipere,
1003 3888 1043 3932 ea
1074 3867 1143 3932 lere
1174 3870 1282 3934 sancti
1298 3866 1455 3935 Bernardi

193 3979 326 4054 commater
349 3975 598 4038 obtestatione:
615 3972 811 4053 Memorare,
830 3975 1009 4058 opiisse'rna
1032 3976 1133 4059 Virgo
1149 3976 1278 4055 Maria,
1293 3995 1457 4061 nunquam

167 4042 323 4171 &11:⁸12
348 4078 501 4143 auditam
512 4099 534 4141 a
548 4079 672 4141 saeculo
686 4100 883 4163 quemquam
898 4080 946 4144 ad
954 4090 1012 4144 tna
1022 4092 1204 4145 currentem
1212 4082 1391 4165 praesidia,
1402 4089 1457 4143 tua

171 4174 211 4224 (θ’
278 4203 280 4206 ·
348 4183 575 4267 implorantem
594 4183 732 4261 anselda,
753 4194 813 4248 tua
821 4196 981 4268 petentem
1003 4187 1169 4271 suffragia
1184 4209 1251 4253 esse
1266 4188 1454 4252 derelictum.

378 4358 398 4391 1.
415 4344 492 4391 Serra.
510 4353 539 4389 vr
555 4344 583 4389 in
593 4344 667 4404 sestis
677 4343 706 4389 B.
724 4344 761 4389 M.
780 4343 806 4392 V.
826 4346 993 4399 deAnnnnc..
1011 4347 1103 4401 a.1‚c.
1122 4361 1143 4393 s.
1163 4372 1192 4381 —
1208 4361 1228 4394 ε.
1250 4348 1319 4394 Cant.
1335 4356 1363 4400 n,
1380 4358 1413 4401 14
1426 4364 1454 4375 -

346 4427 367 4471 ᾖ
388 4411 412 4458 8.
425 4411 543 4463 Thomas.
557 4411 598 4470 Op.
616 4420 666 4457 vul
674 4416 747 4471 super
754 4412 829 4459 salut.
847 4412 938 4471 angel..
951 4426 974 4461 n.
993 4415 1015 4459 8.
