3117 4859
369 380 416 451 24
523 378 712 431 araturas
738 376 995 457 apostoticae
1025 364 1046 393 “
1064 378 1279 431 sansures
1291 357 1320 433 ”.

367 534 465 597 huius
489 531 639 597 instituti
655 529 799 595 lructum
817 538 851 593 et
866 528 1020 611 gloriam,
1035 549 1103 594 non
1121 530 1233 611 potuit
1249 552 1318 595 non
1336 531 1464 595 molesta

367 636 513 722 graviter
536 646 570 700 et
592 634 714 699 acerba
740 632 893 699 accidere
919 632 1142 698 Maroniticae
1165 634 1259 716 genti
1282 636 1420 699 adversa
1433 654 1465 699 ea
1553 625 1555 682 ῗ

367 759 454 823 quae
468 738 611 821 contigit
636 738 732 802 initio
748 736 847 801 huius
874 737 997 802 saeculi
1014 737 1123 802 eidem
1152 737 1306 822 Collegio
1333 739 1465 814 fortuna,

229 860 341 911 adversis
367 864 514 928 namque
523 852 662 927 propter
676 841 947 927 perturbationes
957 851 1158 925 temporum,
1173 863 1248 907 cum
1265 844 1363 929 plura
1373 844 1465 908 eccle·

185 932 344 1056 gmffi
367 949 500 1011 siastica
515 947 604 1013 bona
620 948 653 1011 in
670 946 753 1011 urbe
784 945 947 1024 venirent,
969 946 1182 1012 alumnorum
1209 948 1311 1013 etiam
1339 966 1463 1013 suorum

188 1058 340 1134 aresrrans-
368 1049 555 1135 Collegium
582 1071 621 1116 ea
648 1050 841 1117 calamitate
857 1049 1048 1133 perculsum
1064 1052 1157 1127 vidit,
1170 1054 1307 1134 eiusque
1325 1052 1422 1117 aedes
1436 1050 1465 1113 in

282 1123 347 1177 ω’
366 1156 507 1220 aliorum
524 1156 771 1239 possessionem
788 1164 1061 1238 potestatemque
1085 1156 1276 1222 translatas.
1303 1155 1341 1221 lo
1358 1156 1408 1219 his
1422 1166 1467 1219 ta·

367 1280 442 1324 men
455 1261 670 1325 adversorum
681 1269 872 1342 temporum
883 1258 1051 1337 fluctibus,
1062 1278 1162 1323 curae
1174 1258 1236 1323 luit
1245 1259 1467 1324 decessoribus

366 1364 510 1443 Nostris,
525 1383 613 1446 quae
628 1383 736 1446 pauca
752 1363 986 1445 superfuerant
1010 1364 1053 1427 de
1071 1362 1213 1447 Collegii
1240 1363 1349 1443 bonis,
1373 1362 1468 1427 veluti
1554 1335 1556 1416 i

366 1465 530 1551 naufragii
541 1466 706 1548 reliquias,
715 1464 872 1547 colligere
883 1486 923 1529 ac
935 1466 1030 1545 tueri,
1040 1486 1223 1551 eorumque
1245 1467 1371 1531 reditus
1383 1466 1469 1531 insti·
1554 1459 1555 1544 J

366 1572 498 1635 tuendis
515 1571 548 1634 in
566 1568 719 1653 Collegio
736 1569 935 1635 Urbaniano
951 1570 1082 1655 aliquot
1092 1570 1238 1635 nationis
1256 1572 1469 1639 Maroniticae
1554 1593 1555 1610 ¹

367 1675 493 1738 clericis
502 1674 736 1751 attribuerent
745 1694 889 1758 quorum
899 1676 989 1739 bona
999 1684 1104 1754 erant,
1114 1675 1177 1757 ipsi
1188 1696 1302 1740 eorum
1314 1673 1469 1740 beneficio

367 1779 554 1844 salutariter
570 1779 762 1843 fruerentur.

255 1890 341 1939 Multo
413 1886 508 1951 Haec
532 1906 608 1953 cum
637 1884 747 1950 Nobis
777 1885 894 1949 omnia
918 1896 1094 1969 perspecta
1124 1896 1159 1951 et
1185 1887 1322 1969 cognita
1354 1896 1469 1960 essent,

186 1956 243 2017 jam
251 1960 339 2021 krrrpo-
484 1988 491 2005 .
755 1989 762 2002 .
976 1990 984 2003 ,
1085 1991 1091 2005 .
1165 1990 1196 2005 ..
1399 1988 1407 2003 .
1555 2005 1557 2014 Ι

189 2037 216 2070 re
264 2020 339 2071 cale.
367 2008 549 2071 aegerrime
560 2008 692 2072 semper
701 1988 840 2054 tulrmus
850 1988 1040 2053 Maromtas
1053 1990 1173 2055 Lrbanr
1186 1991 1313 2055 incolas
1324 1990 1470 2073 plurrbus
1555 2023 1557 2076 l

184 2087 341 2201 giffssurarss
367 2092 558 2156 nominibus
575 2092 730 2171 illustres,
740 2092 884 2175 pristina
898 2095 989 2174 apud
1002 2095 1089 2158 hanc
1102 2093 1336 2177 Apostolicam
1349 2092 1468 2159 Sedem
1555 2123 1556 2180 3

217 2217 342 2267 deu-,aras
368 2194 611 2259 ecclesiasticae
627 2195 848 2259 institutionis
863 2195 967 2260 domo
982 2216 1103 2276 carere,
1125 2217 1164 2262 ac
1180 2196 1238 2261 diu
1257 2218 1333 2261 eam
1350 2196 1469 2278 cogita·
1555 2201 1556 2264 l

211 2282 340 2412 222&
368 2299 494 2362 tionem
511 2298 656 2362 aluimus
671 2299 873 2363 auctoritate
896 2320 1066 2384 operaque
1094 2301 1218 2365 Nostra
1245 2299 1419 2377 efficiendi,
1435 2308 1471 2362 ut

190 2411 339 2489 benignissi-
369 2424 483 2468 eorum
505 2402 695 2485 Collegium
723 2404 757 2466 in
785 2403 848 2467 hac
875 2404 957 2467 urbe
983 2405 1063 2469 olim
1081 2405 1257 2469 fundatum
1282 2406 1325 2469 ab
1340 2404 1470 2471 interitu

189 2492 344 2607 wize
369 2516 586 2572 revocaretur.
600 2506 640 2570 ld
653 2507 742 2569 enim
755 2506 895 2570 aNobis
907 2518 1068 2592 expetere
1079 2508 1283 2591 putabamus
1297 2517 1469 2592 paternum

209 2608 341 2723 camai}
368 2613 526 2691 studium,
541 2631 609 2694 quo
625 2610 659 2675 in
675 2629 793 2677 omnes
809 2611 946 2677 orientis
962 2613 1146 2679 catholicos
1165 2612 1277 2679 affecti
1293 2634 1416 2691 sumus,
1438 2623 1470 2675 et

189 2754 256 2787 mam
284 2739 341 2787 aar·
368 2735 429 2779 suo
444 2715 591 2798 quodam
608 2715 678 2779 iure
695 2715 882 2780 Maronitas
897 2718 1079 2798 promereri
1094 2717 1150 2801 qui
1167 2718 1278 2782 avitae
1303 2714 1381 2781 fidei
1404 2716 1470 2781 cul·

205 2804 341 2933 mm}
367 2829 456 2884 tores
473 2818 603 2883 firmam
620 2839 754 2901 semper
769 2820 956 2901 praetulere
982 2821 1015 2885 in
1033 2842 1073 2887 ea
1088 2822 1264 2886 retinenda
1290 2834 1324 2886 et
1344 2841 1470 2886 conser-

215 2934 341 2983 otsecurus
367 2926 479 2987 vanda
502 2924 736 3003 constantiam,
761 2914 797 2988 et'
823 2924 923 2989 latius
949 2926 1051 2990 etiam
1076 2923 1277 3008 proferenda
1308 2925 1470 3000 virtutem.
1556 2901 1557 2968 ἶ

188 2998 340 3129 ιῇἰᾞζ
369 3028 447 3092 Huc
462 3027 564 3091 etiam
581 3030 720 3093 accessit
732 3030 825 3111 quod
842 3049 908 3093 non
922 3029 1049 3094 iteratis
1060 3029 1169 3094 solum
1181 3032 1269 3096 votis
1283 3031 1470 3094 Patriarcha

188 3130 336 3245 mm
366 3131 489 3215 aliique
506 3133 751 3198 Maronitarum
766 3134 960 3210 Antistites,
976 3132 1117 3217 Collegii
1131 3133 1278 3198 nationis
1288 3154 1369 3199 suae
1380 3136 1470 3199 resti·

269 3276 337 3311 mm.
365 3238 531 3302 tutionem
558 3258 578 3301 a
605 3237 713 3301 Nobis
739 3236 993 3319 postulaverint,
1008 3236 1067 3300 sed
1084 3237 1234 3300 subsidia
1256 3237 1360 3301 etiarn
1375 3236 1469 3300 huius

187 3325 339 3441 Ἔῗήὲζὲ
365 3343 411 3407 rei
427 3362 546 3407 caussa
561 3360 754 3424 comparare
777 3352 879 3425 atque
905 3341 1054 3405 conferre
1080 3340 1278 3418 studuerint,
1294 3362 1381 3425 quae
1397 3342 1471 3406 licet

187 3457 339 3507 inmisistis
365 3446 459 3528 paria
474 3444 666 3508 necessitati
682 3464 749 3509 non
766 3446 843 3521 sint,
858 3442 954 3509 firma
981 3453 1093 3509 tamen
1117 3463 1194 3527 spes
1210 3444 1308 3509 adest
1333 3443 1413 3519 sore,
1437 3448 1471 3504 ut

186 3528 338 3650 imm
365 3559 399 3614 et
416 3549 660 3613 Maronitarum
674 3557 707 3612 et
723 3548 864 3613 aliorum
881 3547 1031 3613 fidelium
1049 3547 1471 3633 liberalitatesullragante,

187 3666 214 3700 rr
228 3654 337 3716 capum,
365 3653 454 3715 iusto
470 3650 613 3734 Collegii
629 3651 834 3733 patrimonio
856 3651 955 3734 plene
971 3653 1108 3716 tandem
1125 3651 1254 3715 consuli
1270 3653 1385 3735 possit.
1401 3652 1472 3715 Nos

186 3716 338 3845 impii}
365 3764 478 3818 autem
495 3756 575 3838 ipsis
590 3751 770 3837 gratificari
780 3774 843 3837 pro
858 3756 982 3820 viribus
993 3757 1167 3839 cupientes
1177 3764 1212 3819 et
1227 3756 1469 3820 nobilissimum

187 3846 338 3976 {³53³an
365 3875 450 3936 opus
466 3874 531 3937 ope
548 3853 672 3920 Nostra
690 3854 813 3931 iuvare,
828 3856 943 3920 sedem
961 3856 994 3919 in
1019 3856 1083 3920 hac
1113 3855 1194 3921 urbe
1220 3855 1470 3939 designabimus

236 3978 336 4037 simam,
366 3956 507 4040 Collegii
518 3957 709 4023 Maronitici
719 3960 835 4023 usibus
845 3970 1189 4042 opportunam,quam
1200 3962 1309 4025 eidem
1323 3957 1470 4041 Collegio

179 4043 340 4173 jum&
365 4062 466 4144 pleno
478 4062 549 4125 iure
565 4062 597 4125 in
615 4073 815 4146 perpetuum
832 4064 1066 4128 attribuemus.

188 4178 339 4237 perpetuum
410 4164 441 4227 N
444 4184 509 4229 unc
524 4166 639 4249 itaque
654 4167 740 4230 votis
757 4166 970 4231 Patriarchae
986 4176 1021 4231 et
1034 4168 1238 4232 Antistitum
1251 4166 1469 4231 Maroniticae

198 4239 338 4356 “mm
365 4272 475 4352 gentis
499 4270 642 4335 libenter
665 4282 860 4353 annuentes,
882 4282 916 4339 et
934 4273 1027 4357 quod
1056 4275 1266 4356 propositum
1290 4271 1399 4337 Nobis
1413 4268 1467 4333 diu

366 4374 434 4451 luit,
450 4384 604 4458 optatum
621 4374 664 4437 ad
682 4374 810 4441 exitum
827 4378 1044 4454 adducentes,
1059 4377 1111 4440 his
1133 4376 1252 4441 litteris
1272 4376 1468 4440 auctoritate
