<?xml version="1.0" encoding="UTF-8"?>
<!DOCTYPE html PUBLIC "-//W3C//DTD XHTML 1.0 Transitional//EN"
    "http://www.w3.org/TR/xhtml1/DTD/xhtml1-transitional.dtd">
<html xmlns="http://www.w3.org/1999/xhtml" xml:lang="en" lang="en">
 <head>
  <title>
</title>
<meta http-equiv="Content-Type" content="text/html;charset=utf-8" />
  <meta name='ocr-system' content='tesseract 3.04.00' />
  <meta name='ocr-capabilities' content='ocr_page ocr_carea ocr_par ocr_line ocrx_word'/>
</head>
<body>
  <div class='ocr_page' id='page_1' title='image "./sanctissimidomi04xiiigoog_0095.png"; bbox 0 0 3117 4859; ppageno 0'>
   <div class='ocr_carea' id='block_1_1' title="bbox 210 372 1144 465">
    <p class='ocr_par' dir='ltr' id='par_1_1' title="bbox 210 372 1144 465">
     <span class='ocr_line' id='line_1_1' title="bbox 210 372 1144 465; baseline 0.013 -32"><span class='ocrx_word' id='word_1_1' title='bbox 210 384 263 433; x_wconf 80' lang='lat' dir='ltr'>nr.</span> <span class='ocrx_word' id='word_1_2' title='bbox 288 384 472 435; x_wconf 77' lang='lat' dir='ltr'>srarums</span> <span class='ocrx_word' id='word_1_3' title='bbox 498 384 654 437; x_wconf 79' lang='lat' dir='ltr'>consoc.</span> <span class='ocrx_word' id='word_1_4' title='bbox 684 389 709 438; x_wconf 73' lang='grc' dir='ltr'>Α</span> <span class='ocrx_word' id='word_1_5' title='bbox 735 390 765 439; x_wconf 92' lang='lat' dir='ltr'>s.</span> <span class='ocrx_word' id='word_1_6' title='bbox 796 390 966 443; x_wconf 67' lang='lat' dir='ltr'>usurus.</span> <span class='ocrx_word' id='word_1_7' title='bbox 1098 372 1144 465; x_wconf 84' lang='lat'>83</span> 
     </span>
    </p>
   </div>
   <div class='ocr_carea' id='block_1_2' title="bbox 47 534 1323 1366">
    <p class='ocr_par' dir='ltr' id='par_1_2' title="bbox 48 534 1288 825">
     <span class='ocr_line' id='line_1_2' title="bbox 49 534 1265 623; baseline 0.008 -30"><span class='ocrx_word' id='word_1_8' title='bbox 49 534 266 599; x_wconf 86' lang='lat' dir='ltr'>submissionis</span> <span class='ocrx_word' id='word_1_9' title='bbox 290 536 395 599; x_wconf 86' lang='lat' dir='ltr'>animi</span> <span class='ocrx_word' id='word_1_10' title='bbox 427 534 663 619; x_wconf 78' lang='lat' dir='ltr'>perfectaeque</span> <span class='ocrx_word' id='word_1_11' title='bbox 688 536 765 602; x_wconf 87' lang='lat' dir='ltr'>fidei</span> <span class='ocrx_word' id='word_1_12' title='bbox 792 540 923 622; x_wconf 84' lang='lat' dir='ltr'>insigne</span> <span class='ocrx_word' id='word_1_13' title='bbox 954 542 1146 623; x_wconf 88' lang='lat' dir='ltr'>specimen:</span> <span class='ocrx_word' id='word_1_14' title='bbox 1234 570 1265 617; x_wconf 66' lang='grc' dir='ltr'><em>η</em></span> 
     </span>
     <span class='ocr_line' id='line_1_3' title="bbox 48 616 1288 734; baseline 0.01 -36"><span class='ocrx_word' id='word_1_15' title='bbox 48 634 97 699; x_wconf 89' lang='lat' dir='ltr'>filii</span> <span class='ocrx_word' id='word_1_16' title='bbox 109 658 185 701; x_wconf 82' lang='lat' dir='ltr'>vero</span> <span class='ocrx_word' id='word_1_17' title='bbox 200 639 346 703; x_wconf 78' lang='lat' dir='ltr'>familias</span> <span class='ocrx_word' id='word_1_18' title='bbox 361 640 394 703; x_wconf 91' lang='lat' dir='ltr'>in</span> <span class='ocrx_word' id='word_1_19' title='bbox 409 639 494 717; x_wconf 86' lang='lat' dir='ltr'>lesu,</span> <span class='ocrx_word' id='word_1_20' title='bbox 509 642 566 722; x_wconf 92' lang='lat' dir='ltr'>qui</span> <span class='ocrx_word' id='word_1_21' title='bbox 582 649 657 703; x_wconf 83' lang='lat' dir='ltr'>erat</span> <span class='ocrx_word' id='word_1_22' title='bbox 668 640 822 707; x_wconf 84' lang='lat' dir='ltr'>subditus</span> <span class='ocrx_word' id='word_1_23' title='bbox 833 643 909 721; x_wconf 81' lang='lat' dir='ltr'>illis,</span> <span class='ocrx_word' id='word_1_24' title='bbox 919 644 1046 710; x_wconf 86' lang='lat' dir='ltr'>habent</span> <span class='ocrx_word' id='word_1_25' title='bbox 1062 646 1145 710; x_wconf 91' lang='lat' dir='ltr'>divi·</span> <span class='ocrx_word' id='word_1_26' title='bbox 1193 616 1288 734; x_wconf 50' lang='lat' dir='ltr'>yffi</span> 
     </span>
     <span class='ocr_line' id='line_1_4' title="bbox 49 740 1144 825; baseline 0.011 -26"><span class='ocrx_word' id='word_1_27' title='bbox 49 758 117 801; x_wconf 88' lang='lat' dir='ltr'>num</span> <span class='ocrx_word' id='word_1_28' title='bbox 132 740 344 805; x_wconf 88' lang='lat' dir='ltr'>obedientiae</span> <span class='ocrx_word' id='word_1_29' title='bbox 359 741 534 825; x_wconf 87' lang='lat' dir='ltr'>exemplar</span> <span class='ocrx_word' id='word_1_30' title='bbox 545 742 636 821; x_wconf 89' lang='lat' dir='ltr'>quod</span> <span class='ocrx_word' id='word_1_31' title='bbox 648 742 866 821; x_wconf 82' lang='lat' dir='ltr'>admirentur,</span> <span class='ocrx_word' id='word_1_32' title='bbox 878 744 1001 823; x_wconf 82' lang='lat' dir='ltr'>colant,</span> <span class='ocrx_word' id='word_1_33' title='bbox 1013 747 1144 811; x_wconf 87' lang='lat' dir='ltr'>imiten-</span> 
     </span>
    </p>

    <p class='ocr_par' dir='ltr' id='par_1_3' title="bbox 48 835 1292 1032">
     <span class='ocr_line' id='line_1_5' title="bbox 48 835 1292 931; baseline 0.008 -27"><span class='ocrx_word' id='word_1_34' title='bbox 48 853 100 906; x_wconf 91' lang='lat' dir='ltr'>tur.</span> <span class='ocrx_word' id='word_1_35' title='bbox 115 843 180 928; x_wconf 78' lang='lat' dir='ltr'>Qui</span> <span class='ocrx_word' id='word_1_36' title='bbox 195 845 326 910; x_wconf 90' lang='lat' dir='ltr'>nobiles</span> <span class='ocrx_word' id='word_1_37' title='bbox 342 848 414 911; x_wconf 88' lang='lat' dir='ltr'>nati</span> <span class='ocrx_word' id='word_1_38' title='bbox 430 855 519 924; x_wconf 86' lang='lat' dir='ltr'>sunt,</span> <span class='ocrx_word' id='word_1_39' title='bbox 533 846 664 909; x_wconf 83' lang='lat' dir='ltr'>discent</span> <span class='ocrx_word' id='word_1_40' title='bbox 679 866 699 909; x_wconf 93' lang='lat' dir='ltr'>a</span> <span class='ocrx_word' id='word_1_41' title='bbox 716 844 859 910; x_wconf 85' lang='lat' dir='ltr'>Familia</span> <span class='ocrx_word' id='word_1_42' title='bbox 872 848 953 931; x_wconf 90' lang='lat' dir='ltr'>regii</span> <span class='ocrx_word' id='word_1_43' title='bbox 971 850 1144 931; x_wconf 84' lang='lat' dir='ltr'>sanguinis</span> <span class='ocrx_word' id='word_1_44' title='bbox 1169 835 1292 886; x_wconf 69' lang='lat' dir='ltr'>divitibus</span> 
     </span>
     <span class='ocr_line' id='line_1_6' title="bbox 48 949 1144 1032; baseline 0.005 -22"><span class='ocrx_word' id='word_1_45' title='bbox 48 950 205 1028; x_wconf 88' lang='lat' dir='ltr'>quomodo</span> <span class='ocrx_word' id='word_1_46' title='bbox 214 961 249 1015; x_wconf 93' lang='lat' dir='ltr'>et</span> <span class='ocrx_word' id='word_1_47' title='bbox 264 950 298 1013; x_wconf 91' lang='lat' dir='ltr'>in</span> <span class='ocrx_word' id='word_1_48' title='bbox 311 951 404 1015; x_wconf 90' lang='lat' dir='ltr'>edita</span> <span class='ocrx_word' id='word_1_49' title='bbox 432 949 566 1014; x_wconf 90' lang='lat' dir='ltr'>fortuna</span> <span class='ocrx_word' id='word_1_50' title='bbox 581 969 618 1012; x_wconf 91' lang='lat' dir='ltr'>se</span> <span class='ocrx_word' id='word_1_51' title='bbox 633 958 831 1032; x_wconf 84' lang='lat' dir='ltr'>temperent,</span> <span class='ocrx_word' id='word_1_52' title='bbox 852 962 886 1015; x_wconf 91' lang='lat' dir='ltr'>et</span> <span class='ocrx_word' id='word_1_53' title='bbox 902 952 935 1013; x_wconf 93' lang='lat' dir='ltr'>in</span> <span class='ocrx_word' id='word_1_54' title='bbox 953 950 1078 1016; x_wconf 86' lang='lat' dir='ltr'>afflicta</span> <span class='ocrx_word' id='word_1_55' title='bbox 1095 973 1144 1016; x_wconf 90' lang='lat' dir='ltr'>re·</span> 
     </span>
    </p>

    <p class='ocr_par' dir='ltr' id='par_1_4' title="bbox 47 1053 1323 1366">
     <span class='ocr_line' id='line_1_7' title="bbox 47 1053 1144 1138; baseline 0.007 -26"><span class='ocrx_word' id='word_1_56' title='bbox 47 1053 162 1117; x_wconf 89' lang='lat' dir='ltr'>tineaut</span> <span class='ocrx_word' id='word_1_57' title='bbox 184 1054 388 1136; x_wconf 88' lang='lat' dir='ltr'>dignitatem</span> <span class='ocrx_word' id='word_1_58' title='bbox 405 1054 484 1138; x_wconf 92' lang='lat' dir='ltr'>:qui</span> <span class='ocrx_word' id='word_1_59' title='bbox 501 1053 597 1129; x_wconf 89' lang='lat' dir='ltr'>dites,</span> <span class='ocrx_word' id='word_1_60' title='bbox 614 1063 754 1118; x_wconf 90' lang='lat' dir='ltr'>noscent</span> <span class='ocrx_word' id='word_1_61' title='bbox 769 1056 814 1118; x_wconf 93' lang='lat' dir='ltr'>ab</span> <span class='ocrx_word' id='word_1_62' title='bbox 830 1074 868 1117; x_wconf 91' lang='lat' dir='ltr'>ea</span> <span class='ocrx_word' id='word_1_63' title='bbox 890 1065 1054 1137; x_wconf 90' lang='lat' dir='ltr'>quantum</span> <span class='ocrx_word' id='word_1_64' title='bbox 1076 1056 1144 1120; x_wconf 90' lang='lat' dir='ltr'>sint</span> 
     </span>
     <span class='ocr_line' id='line_1_8' title="bbox 47 1152 1322 1247; baseline 0.002 -28"><span class='ocrx_word' id='word_1_65' title='bbox 47 1155 209 1222; x_wconf 86' lang='lat' dir='ltr'>virtutibus</span> <span class='ocrx_word' id='word_1_66' title='bbox 220 1157 475 1241; x_wconf 88' lang='lat' dir='ltr'>posthabendae</span> <span class='ocrx_word' id='word_1_67' title='bbox 487 1155 634 1220; x_wconf 85' lang='lat' dir='ltr'>diuitiae.</span> <span class='ocrx_word' id='word_1_68' title='bbox 644 1152 798 1235; x_wconf 88' lang='lat' dir='ltr'>Operarii</span> <span class='ocrx_word' id='word_1_69' title='bbox 811 1162 924 1218; x_wconf 88' lang='lat' dir='ltr'>autem</span> <span class='ocrx_word' id='word_1_70' title='bbox 936 1164 969 1219; x_wconf 92' lang='lat' dir='ltr'>et</span> <span class='ocrx_word' id='word_1_71' title='bbox 982 1156 1003 1217; x_wconf 93' lang='lat' dir='ltr'>ii</span> <span class='ocrx_word' id='word_1_72' title='bbox 1016 1175 1144 1232; x_wconf 89' lang='lat' dir='ltr'>omnes,</span> <span class='ocrx_word' id='word_1_73' title='bbox 1169 1175 1244 1247; x_wconf 54' lang='lat' dir='ltr'>arqgu</span> <span class='ocrx_word' id='word_1_74' title='bbox 1256 1177 1322 1237; x_wconf 76' lang='lat' dir='ltr'>pau·</span> 
     </span>
     <span class='ocr_line' id='line_1_9' title="bbox 48 1237 1323 1366; baseline 0.004 -46"><span class='ocrx_word' id='word_1_75' title='bbox 48 1260 103 1340; x_wconf 91' lang='lat' dir='ltr'>qui,</span> <span class='ocrx_word' id='word_1_76' title='bbox 115 1262 235 1325; x_wconf 85' lang='lat' dir='ltr'>nostris</span> <span class='ocrx_word' id='word_1_77' title='bbox 251 1263 446 1345; x_wconf 89' lang='lat' dir='ltr'>praesertim</span> <span class='ocrx_word' id='word_1_78' title='bbox 462 1259 680 1343; x_wconf 87' lang='lat' dir='ltr'>temporibus,</span> <span class='ocrx_word' id='word_1_79' title='bbox 695 1258 896 1323; x_wconf 75' lang='lat' dir='ltr'>familiarum</span> <span class='ocrx_word' id='word_1_80' title='bbox 913 1280 1021 1323; x_wconf 88' lang='lat' dir='ltr'>rerum</span> <span class='ocrx_word' id='word_1_81' title='bbox 1039 1280 1142 1343; x_wconf 85' lang='lat' dir='ltr'>angu·</span> <span class='ocrx_word' id='word_1_82' title='bbox 1164 1237 1323 1366; x_wconf 48' lang='lat' dir='ltr'>mma</span> 
     </span>
    </p>
   </div>
   <div class='ocr_carea' id='block_1_3' title="bbox 46 1362 1322 1441">
    <p class='ocr_par' dir='ltr' id='par_1_5' title="bbox 46 1362 1322 1441">
     <span class='ocr_line' id='line_1_10' title="bbox 46 1362 1322 1441; baseline 0.005 -18"><span class='ocrx_word' id='word_1_83' title='bbox 46 1363 107 1426; x_wconf 89' lang='lat' dir='ltr'>stiis</span> <span class='ocrx_word' id='word_1_84' title='bbox 128 1386 167 1429; x_wconf 91' lang='lat' dir='ltr'>ac</span> <span class='ocrx_word' id='word_1_85' title='bbox 190 1368 345 1431; x_wconf 88' lang='lat' dir='ltr'>tenuiore</span> <span class='ocrx_word' id='word_1_86' title='bbox 368 1366 562 1431; x_wconf 90' lang='lat' dir='ltr'>conditione</span> <span class='ocrx_word' id='word_1_87' title='bbox 592 1373 662 1426; x_wconf 89' lang='lat' dir='ltr'>tam</span> <span class='ocrx_word' id='word_1_88' title='bbox 693 1362 813 1426; x_wconf 85' lang='lat' dir='ltr'>acriter</span> <span class='ocrx_word' id='word_1_89' title='bbox 840 1362 1020 1441; x_wconf 87' lang='lat' dir='ltr'>irritantur,</span> <span class='ocrx_word' id='word_1_90' title='bbox 1046 1366 1073 1428; x_wconf 90' lang='lat' dir='ltr'>si</span> <span class='ocrx_word' id='word_1_91' title='bbox 1099 1366 1142 1429; x_wconf 94' lang='lat' dir='ltr'>ad</span> <span class='ocrx_word' id='word_1_92' title='bbox 1169 1368 1256 1416; x_wconf 70' lang='lat' dir='ltr'>⁸0l⁰²f0</span> <span class='ocrx_word' id='word_1_93' title='bbox 1273 1384 1322 1417; x_wconf 71' lang='lat' dir='ltr'>em</span> 
     </span>
    </p>
   </div>
   <div class='ocr_carea' id='block_1_4' title="bbox 47 1430 1324 1552">
    <p class='ocr_par' dir='ltr' id='par_1_6' title="bbox 47 1430 1324 1552">
     <span class='ocr_line' id='line_1_11' title="bbox 47 1430 1324 1552; baseline 0.007 -25"><span class='ocrx_word' id='word_1_94' title='bbox 47 1468 260 1533; x_wconf 88' lang='lat' dir='ltr'>sanctissimos</span> <span class='ocrx_word' id='word_1_95' title='bbox 287 1470 376 1535; x_wconf 91' lang='lat' dir='ltr'>illius</span> <span class='ocrx_word' id='word_1_96' title='bbox 405 1468 611 1534; x_wconf 86' lang='lat' dir='ltr'>domesticae</span> <span class='ocrx_word' id='word_1_97' title='bbox 637 1466 807 1529; x_wconf 89' lang='lat' dir='ltr'>societatis</span> <span class='ocrx_word' id='word_1_98' title='bbox 834 1478 1005 1531; x_wconf 87' lang='lat' dir='ltr'>consortes</span> <span class='ocrx_word' id='word_1_99' title='bbox 1032 1488 1141 1552; x_wconf 90' lang='lat' dir='ltr'>respe-</span> <span class='ocrx_word' id='word_1_100' title='bbox 1168 1430 1324 1549; x_wconf 47' lang='lat' dir='ltr'>‘miza‘</span> 
     </span>
    </p>
   </div>
   <div class='ocr_carea' id='block_1_5' title="bbox 45 1569 1325 1968">
    <p class='ocr_par' dir='ltr' id='par_1_7' title="bbox 45 1569 1325 1968">
     <span class='ocr_line' id='line_1_12' title="bbox 45 1569 1301 1681; baseline 0.005 -49"><span class='ocrx_word' id='word_1_101' title='bbox 45 1579 132 1650; x_wconf 82' lang='lat' dir='ltr'>trent,</span> <span class='ocrx_word' id='word_1_102' title='bbox 142 1592 210 1637; x_wconf 88' lang='lat' dir='ltr'>non</span> <span class='ocrx_word' id='word_1_103' title='bbox 222 1573 328 1637; x_wconf 89' lang='lat' dir='ltr'>deerit</span> <span class='ocrx_word' id='word_1_104' title='bbox 340 1575 388 1637; x_wconf 89' lang='lat' dir='ltr'>eis</span> <span class='ocrx_word' id='word_1_105' title='bbox 398 1593 516 1637; x_wconf 90' lang='lat' dir='ltr'>caussa</span> <span class='ocrx_word' id='word_1_106' title='bbox 528 1571 741 1651; x_wconf 89' lang='lat' dir='ltr'>curloco,qui</span> <span class='ocrx_word' id='word_1_107' title='bbox 752 1570 815 1633; x_wconf 90' lang='lat' dir='ltr'>sibi</span> <span class='ocrx_word' id='word_1_108' title='bbox 828 1571 959 1653; x_wconf 85' lang='lat' dir='ltr'>obtigit,</span> <span class='ocrx_word' id='word_1_109' title='bbox 974 1572 1141 1637; x_wconf 87' lang='lat' dir='ltr'>delecten·</span> <span class='ocrx_word' id='word_1_110' title='bbox 1165 1569 1301 1681; x_wconf 56' lang='lat' dir='ltr'>{fmf</span> 
     </span>
     <span class='ocr_line' id='line_1_13' title="bbox 47 1674 1281 1760; baseline 0.008 -26"><span class='ocrx_word' id='word_1_111' title='bbox 47 1683 92 1735; x_wconf 84' lang='lat' dir='ltr'>tur</span> <span class='ocrx_word' id='word_1_112' title='bbox 105 1678 213 1757; x_wconf 87' lang='lat' dir='ltr'>potius</span> <span class='ocrx_word' id='word_1_113' title='bbox 229 1677 491 1760; x_wconf 88' lang='lat' dir='ltr'>quamdoleant.</span> <span class='ocrx_word' id='word_1_114' title='bbox 503 1676 709 1741; x_wconf 91' lang='lat' dir='ltr'>Communes</span> <span class='ocrx_word' id='word_1_115' title='bbox 719 1674 808 1737; x_wconf 92' lang='lat' dir='ltr'>enim</span> <span class='ocrx_word' id='word_1_116' title='bbox 825 1694 902 1739; x_wconf 90' lang='lat' dir='ltr'>cum</span> <span class='ocrx_word' id='word_1_117' title='bbox 919 1696 1013 1740; x_wconf 91' lang='lat' dir='ltr'>sacra</span> <span class='ocrx_word' id='word_1_118' title='bbox 1031 1676 1142 1740; x_wconf 88' lang='lat' dir='ltr'>Fami·</span> <span class='ocrx_word' id='word_1_119' title='bbox 1167 1695 1281 1759; x_wconf 63' lang='lat' dir='ltr'>comitio,</span> 
     </span>
     <span class='ocr_line' id='line_1_14' title="bbox 47 1766 1325 1879; baseline 0.005 -41"><span class='ocrx_word' id='word_1_120' title='bbox 47 1776 83 1841; x_wconf 89' lang='lat' dir='ltr'>lia</span> <span class='ocrx_word' id='word_1_121' title='bbox 95 1790 167 1844; x_wconf 87' lang='lat' dir='ltr'>sunt</span> <span class='ocrx_word' id='word_1_122' title='bbox 181 1781 249 1844; x_wconf 91' lang='lat' dir='ltr'>illis</span> <span class='ocrx_word' id='word_1_123' title='bbox 276 1781 406 1845; x_wconf 90' lang='lat' dir='ltr'>labores</span> <span class='ocrx_word' id='word_1_124' title='bbox 426 1802 434 1858; x_wconf 92' lang='lat'><strong>;</strong></span> <span class='ocrx_word' id='word_1_125' title='bbox 448 1799 644 1844; x_wconf 90' lang='lat' dir='ltr'>communes</span> <span class='ocrx_word' id='word_1_126' title='bbox 660 1797 759 1841; x_wconf 86' lang='lat' dir='ltr'>curae</span> <span class='ocrx_word' id='word_1_127' title='bbox 774 1780 817 1843; x_wconf 91' lang='lat' dir='ltr'>de</span> <span class='ocrx_word' id='word_1_128' title='bbox 833 1779 902 1842; x_wconf 91' lang='lat' dir='ltr'>vita</span> <span class='ocrx_word' id='word_1_129' title='bbox 917 1780 1115 1861; x_wconf 89' lang='lat' dir='ltr'>quotidiana</span> <span class='ocrx_word' id='word_1_130' title='bbox 1133 1802 1141 1857; x_wconf 89' lang='lat'>;</span> <span class='ocrx_word' id='word_1_131' title='bbox 1166 1766 1325 1879; x_wconf 50' lang='lat' dir='ltr'><strong><em>mmmm:</em></strong></span> 
     </span>
     <span class='ocr_line' id='line_1_15' title="bbox 46 1881 1258 1968; baseline 0.005 -26"><span class='ocrx_word' id='word_1_132' title='bbox 46 1882 145 1948; x_wconf 86' lang='lat' dir='ltr'>debuit</span> <span class='ocrx_word' id='word_1_133' title='bbox 156 1894 189 1949; x_wconf 90' lang='lat' dir='ltr'>et</span> <span class='ocrx_word' id='word_1_134' title='bbox 202 1884 330 1968; x_wconf 88' lang='lat' dir='ltr'>Ioseph</span> <span class='ocrx_word' id='word_1_135' title='bbox 345 1886 388 1949; x_wconf 90' lang='lat' dir='ltr'>de</span> <span class='ocrx_word' id='word_1_136' title='bbox 401 1884 555 1948; x_wconf 89' lang='lat' dir='ltr'>mercede</span> <span class='ocrx_word' id='word_1_137' title='bbox 570 1902 630 1946; x_wconf 92' lang='lat' dir='ltr'>sua</span> <span class='ocrx_word' id='word_1_138' title='bbox 641 1881 728 1945; x_wconf 91' lang='lat' dir='ltr'>vitae</span> <span class='ocrx_word' id='word_1_139' title='bbox 745 1884 930 1947; x_wconf 89' lang='lat' dir='ltr'>rationibus</span> <span class='ocrx_word' id='word_1_140' title='bbox 948 1884 1119 1948; x_wconf 87' lang='lat' dir='ltr'>consulere</span> <span class='ocrx_word' id='word_1_141' title='bbox 1133 1905 1141 1961; x_wconf 77' lang='lat'><em>3</em></span> <span class='ocrx_word' id='word_1_142' title='bbox 1167 1892 1258 1941; x_wconf 78' lang='lat' dir='ltr'>divites</span> 
     </span>
    </p>
   </div>
   <div class='ocr_carea' id='block_1_6' title="bbox 45 1958 1324 2799">
    <p class='ocr_par' dir='ltr' id='par_1_8' title="bbox 46 1958 1324 2177">
     <span class='ocr_line' id='line_1_16' title="bbox 46 1958 1324 2089; baseline 0.004 -44"><span class='ocrx_word' id='word_1_143' title='bbox 46 1985 104 2050; x_wconf 90' lang='lat' dir='ltr'>imo</span> <span class='ocrx_word' id='word_1_144' title='bbox 117 1988 206 2071; x_wconf 84' lang='lat' dir='ltr'>ipsae</span> <span class='ocrx_word' id='word_1_145' title='bbox 224 1990 358 2054; x_wconf 83' lang='lat' dir='ltr'>divinae</span> <span class='ocrx_word' id='word_1_146' title='bbox 375 2009 496 2054; x_wconf 90' lang='lat' dir='ltr'>manus</span> <span class='ocrx_word' id='word_1_147' title='bbox 507 2009 544 2052; x_wconf 91' lang='lat' dir='ltr'>se</span> <span class='ocrx_word' id='word_1_148' title='bbox 553 1986 728 2051; x_wconf 89' lang='lat' dir='ltr'>fabrilibus</span> <span class='ocrx_word' id='word_1_149' title='bbox 743 1999 974 2052; x_wconf 86' lang='lat' dir='ltr'>exercuerunt.</span> <span class='ocrx_word' id='word_1_150' title='bbox 991 1988 1063 2051; x_wconf 89' lang='lat' dir='ltr'>Nec</span> <span class='ocrx_word' id='word_1_151' title='bbox 1081 1990 1140 2050; x_wconf 90' lang='lat' dir='ltr'>mi·</span> <span class='ocrx_word' id='word_1_152' title='bbox 1167 1958 1324 2089; x_wconf 48' lang='lat' dir='ltr'>Zssfflmffm</span> 
     </span>
     <span class='ocr_line' id='line_1_17' title="bbox 46 2090 1141 2177; baseline 0.001 -24"><span class='ocrx_word' id='word_1_153' title='bbox 46 2108 107 2155; x_wconf 87' lang='lat' dir='ltr'>rum</span> <span class='ocrx_word' id='word_1_154' title='bbox 121 2112 198 2157; x_wconf 87' lang='lat' dir='ltr'>sane</span> <span class='ocrx_word' id='word_1_155' title='bbox 208 2102 262 2157; x_wconf 90' lang='lat' dir='ltr'>est</span> <span class='ocrx_word' id='word_1_156' title='bbox 273 2094 301 2157; x_wconf 91' lang='lat' dir='ltr'>si</span> <span class='ocrx_word' id='word_1_157' title='bbox 317 2094 555 2177; x_wconf 88' lang='lat' dir='ltr'>sapientissimi</span> <span class='ocrx_word' id='word_1_158' title='bbox 571 2091 726 2155; x_wconf 88' lang='lat' dir='ltr'>homines</span> <span class='ocrx_word' id='word_1_159' title='bbox 741 2090 868 2154; x_wconf 90' lang='lat' dir='ltr'>divitiis</span> <span class='ocrx_word' id='word_1_160' title='bbox 884 2090 1068 2169; x_wconf 82' lang='lat' dir='ltr'>affluentes,</span> <span class='ocrx_word' id='word_1_161' title='bbox 1084 2112 1141 2155; x_wconf 89' lang='lat' dir='ltr'>eas</span> 
     </span>
    </p>

    <p class='ocr_par' dir='ltr' id='par_1_9' title="bbox 47 2194 1167 2278">
     <span class='ocr_line' id='line_1_18' title="bbox 47 2194 1167 2278; baseline 0.004 -23"><span class='ocrx_word' id='word_1_162' title='bbox 47 2194 172 2261; x_wconf 84' lang='lat' dir='ltr'>abiicere</span> <span class='ocrx_word' id='word_1_163' title='bbox 185 2198 364 2276; x_wconf 87' lang='lat' dir='ltr'>voluerint,</span> <span class='ocrx_word' id='word_1_164' title='bbox 376 2198 571 2278; x_wconf 86' lang='lat' dir='ltr'>sociamque</span> <span class='ocrx_word' id='word_1_165' title='bbox 580 2215 658 2259; x_wconf 90' lang='lat' dir='ltr'>curn</span> <span class='ocrx_word' id='word_1_166' title='bbox 671 2195 756 2273; x_wconf 91' lang='lat' dir='ltr'>lesu,</span> <span class='ocrx_word' id='word_1_167' title='bbox 770 2194 878 2258; x_wconf 88' lang='lat' dir='ltr'>Maria</span> <span class='ocrx_word' id='word_1_168' title='bbox 888 2205 921 2259; x_wconf 90' lang='lat' dir='ltr'>et</span> <span class='ocrx_word' id='word_1_169' title='bbox 940 2194 1062 2277; x_wconf 89' lang='lat' dir='ltr'>Ioseph</span> <span class='ocrx_word' id='word_1_170' title='bbox 1079 2196 1141 2261; x_wconf 88' lang='lat' dir='ltr'>sibi</span> <span class='ocrx_word' id='word_1_171' title='bbox 1166 2222 1167 2225; x_wconf 41' lang='lat'>¹</span> 
     </span>
    </p>

    <p class='ocr_par' dir='ltr' id='par_1_10' title="bbox 45 2294 1317 2799">
     <span class='ocr_line' id='line_1_19' title="bbox 48 2294 1141 2384; baseline 0.005 -26"><span class='ocrx_word' id='word_1_172' title='bbox 48 2294 154 2379; x_wconf 83' lang='lat' dir='ltr'>eligere</span> <span class='ocrx_word' id='word_1_173' title='bbox 178 2311 425 2384; x_wconf 88' lang='lat' dir='ltr'>paupertatem.</span> <span class='ocrx_word' id='word_1_174' title='bbox 441 2300 607 2384; x_wconf 85' lang='lat' dir='ltr'>Quibuse</span> <span class='ocrx_word' id='word_1_175' title='bbox 634 2298 731 2363; x_wconf 88' lang='lat' dir='ltr'>rebus</span> <span class='ocrx_word' id='word_1_176' title='bbox 751 2302 821 2363; x_wconf 90' lang='lat' dir='ltr'>iure</span> <span class='ocrx_word' id='word_1_177' title='bbox 849 2300 1034 2382; x_wconf 91' lang='lat' dir='ltr'>meritoque</span> <span class='ocrx_word' id='word_1_178' title='bbox 1050 2301 1141 2381; x_wconf 89' lang='lat' dir='ltr'>apud</span> 
     </span>
     <span class='ocr_line' id='line_1_20' title="bbox 47 2391 1295 2507; baseline 0.003 -44"><span class='ocrx_word' id='word_1_179' title='bbox 47 2403 212 2469; x_wconf 85' lang='lat' dir='ltr'>catholicos</span> <span class='ocrx_word' id='word_1_180' title='bbox 227 2425 345 2471; x_wconf 86' lang='lat' dir='ltr'>sacrae</span> <span class='ocrx_word' id='word_1_181' title='bbox 361 2404 526 2469; x_wconf 85' lang='lat' dir='ltr'>Familiae</span> <span class='ocrx_word' id='word_1_182' title='bbox 540 2403 649 2467; x_wconf 91' lang='lat' dir='ltr'>cultus</span> <span class='ocrx_word' id='word_1_183' title='bbox 660 2412 791 2466; x_wconf 88' lang='lat' dir='ltr'>mature</span> <span class='ocrx_word' id='word_1_184' title='bbox 807 2402 967 2482; x_wconf 89' lang='lat' dir='ltr'>invectus,</span> <span class='ocrx_word' id='word_1_185' title='bbox 985 2406 1091 2467; x_wconf 89' lang='lat' dir='ltr'>maius</span> <span class='ocrx_word' id='word_1_186' title='bbox 1107 2405 1140 2467; x_wconf 95' lang='lat' dir='ltr'>in</span> <span class='ocrx_word' id='word_1_187' title='bbox 1168 2391 1295 2507; x_wconf 56' lang='lat' dir='ltr'>Falsafliz</span> 
     </span>
     <span class='ocr_line' id='line_1_21' title="bbox 46 2504 1317 2591; baseline 0.005 -26"><span class='ocrx_word' id='word_1_188' title='bbox 46 2504 105 2569; x_wconf 90' lang='lat' dir='ltr'>dies</span> <span class='ocrx_word' id='word_1_189' title='bbox 118 2508 268 2591; x_wconf 87' lang='lat' dir='ltr'>singulos</span> <span class='ocrx_word' id='word_1_190' title='bbox 295 2511 539 2573; x_wconf 91' lang='lat' dir='ltr'>incrementum</span> <span class='ocrx_word' id='word_1_191' title='bbox 566 2508 665 2590; x_wconf 91' lang='lat' dir='ltr'>capit.</span> <span class='ocrx_word' id='word_1_192' title='bbox 693 2506 733 2570; x_wconf 93' lang='lat' dir='ltr'>ld</span> <span class='ocrx_word' id='word_1_193' title='bbox 751 2508 889 2591; x_wconf 91' lang='lat' dir='ltr'>quidem</span> <span class='ocrx_word' id='word_1_194' title='bbox 907 2508 1052 2589; x_wconf 90' lang='lat' dir='ltr'>probant</span> <span class='ocrx_word' id='word_1_195' title='bbox 1068 2518 1140 2573; x_wconf 90' lang='lat' dir='ltr'>tum</span> <span class='ocrx_word' id='word_1_196' title='bbox 1167 2524 1317 2573; x_wconf 68' lang='lat' dir='ltr'>carlumma-</span> 
     </span>
     <span class='ocr_line' id='line_1_22' title="bbox 46 2589 1306 2702; baseline 0.008 -34"><span class='ocrx_word' id='word_1_197' title='bbox 46 2607 285 2677; x_wconf 85' lang='lat' dir='ltr'>christianorum</span> <span class='ocrx_word' id='word_1_198' title='bbox 301 2612 500 2678; x_wconf 88' lang='lat' dir='ltr'>sodalitates</span> <span class='ocrx_word' id='word_1_199' title='bbox 526 2613 590 2676; x_wconf 91' lang='lat' dir='ltr'>sub</span> <span class='ocrx_word' id='word_1_200' title='bbox 606 2611 819 2675; x_wconf 87' lang='lat' dir='ltr'>invocatione</span> <span class='ocrx_word' id='word_1_201' title='bbox 836 2611 960 2677; x_wconf 87' lang='lat' dir='ltr'>Sacrae</span> <span class='ocrx_word' id='word_1_202' title='bbox 977 2612 1140 2677; x_wconf 88' lang='lat' dir='ltr'>Familiae</span> <span class='ocrx_word' id='word_1_203' title='bbox 1166 2589 1306 2702; x_wconf 50' lang='lat' dir='ltr'>malpel?</span> 
     </span>
     <span class='ocr_line' id='line_1_23' title="bbox 45 2710 1301 2799; baseline 0.006 -28"><span class='ocrx_word' id='word_1_204' title='bbox 45 2710 215 2793; x_wconf 83' lang='lat' dir='ltr'>institutae,¹</span> <span class='ocrx_word' id='word_1_205' title='bbox 237 2727 311 2781; x_wconf 92' lang='lat' dir='ltr'>turn</span> <span class='ocrx_word' id='word_1_206' title='bbox 329 2716 523 2799; x_wconf 72' lang='lat' dir='ltr'>‘singulares</span> <span class='ocrx_word' id='word_1_207' title='bbox 538 2716 683 2779; x_wconf 89' lang='lat' dir='ltr'>honores</span> <span class='ocrx_word' id='word_1_208' title='bbox 698 2715 729 2777; x_wconf 90' lang='lat' dir='ltr'>ei</span> <span class='ocrx_word' id='word_1_209' title='bbox 752 2716 883 2793; x_wconf 91' lang='lat' dir='ltr'>redditi,</span> <span class='ocrx_word' id='word_1_210' title='bbox 909 2726 981 2779; x_wconf 89' lang='lat' dir='ltr'>tum</span> <span class='ocrx_word' id='word_1_211' title='bbox 1009 2716 1140 2799; x_wconf 87' lang='lat' dir='ltr'>potissi·</span> <span class='ocrx_word' id='word_1_212' title='bbox 1167 2721 1301 2779; x_wconf 73' lang='lat' dir='ltr'>invectum,</span> 
     </span>
    </p>
   </div>
   <div class='ocr_carea' id='block_1_7' title="bbox 44 2785 1317 4360">
    <p class='ocr_par' dir='ltr' id='par_1_11' title="bbox 44 2785 1308 3321">
     <span class='ocr_line' id='line_1_24' title="bbox 46 2785 1285 2915; baseline 0.007 -38"><span class='ocrx_word' id='word_1_213' title='bbox 46 2835 123 2881; x_wconf 91' lang='lat' dir='ltr'>mum</span> <span class='ocrx_word' id='word_1_214' title='bbox 139 2840 158 2883; x_wconf 86' lang='lat' dir='ltr'>a</span> <span class='ocrx_word' id='word_1_215' title='bbox 172 2820 407 2885; x_wconf 85' lang='lat' dir='ltr'>decessoribus</span> <span class='ocrx_word' id='word_1_216' title='bbox 432 2819 565 2884; x_wconf 89' lang='lat' dir='ltr'>Nostris</span> <span class='ocrx_word' id='word_1_217' title='bbox 581 2820 624 2882; x_wconf 87' lang='lat' dir='ltr'>ad</span> <span class='ocrx_word' id='word_1_218' title='bbox 635 2820 860 2906; x_wconf 77' lang='lat' dir='ltr'>excitandum</span> <span class='ocrx_word' id='word_1_219' title='bbox 878 2840 957 2903; x_wconf 88' lang='lat' dir='ltr'>erga</span> <span class='ocrx_word' id='word_1_220' title='bbox 980 2840 1053 2885; x_wconf 86' lang='lat' dir='ltr'>eam</span> <span class='ocrx_word' id='word_1_221' title='bbox 1071 2822 1138 2903; x_wconf 90' lang='lat' dir='ltr'>pie·</span> <span class='ocrx_word' id='word_1_222' title='bbox 1162 2785 1285 2915; x_wconf 38' lang='lat' dir='ltr'>mque·</span> 
     </span>
     <span class='ocr_line' id='line_1_25' title="bbox 44 2916 1308 3027; baseline 0.007 -47"><span class='ocrx_word' id='word_1_223' title='bbox 44 2922 111 2984; x_wconf 85' lang='lat' dir='ltr'>tatis</span> <span class='ocrx_word' id='word_1_224' title='bbox 137 2926 288 2989; x_wconf 88' lang='lat' dir='ltr'>studium</span> <span class='ocrx_word' id='word_1_225' title='bbox 318 2925 489 3008; x_wconf 88' lang='lat' dir='ltr'>impertita</span> <span class='ocrx_word' id='word_1_226' title='bbox 515 2924 690 3008; x_wconf 89' lang='lat' dir='ltr'>privilegia</span> <span class='ocrx_word' id='word_1_227' title='bbox 714 2933 748 2988; x_wconf 92' lang='lat' dir='ltr'>et</span> <span class='ocrx_word' id='word_1_228' title='bbox 773 2926 911 3007; x_wconf 87' lang='lat' dir='ltr'>gratiae.</span> <span class='ocrx_word' id='word_1_229' title='bbox 934 2926 1138 2989; x_wconf 90' lang='lat' dir='ltr'>Huiusmodi</span> <span class='ocrx_word' id='word_1_230' title='bbox 1166 2924 1221 2964; x_wconf 74' lang='lat'>‘&#39;⁴¹&#39;‘</span> <span class='ocrx_word' id='word_1_231' title='bbox 1255 2916 1308 3027; x_wconf 65' lang='lat'>{⁸³³</span> 
     </span>
     <span class='ocr_line' id='line_1_26' title="bbox 45 2988 1294 3112; baseline 0.008 -28"><span class='ocrx_word' id='word_1_232' title='bbox 45 3024 138 3089; x_wconf 88' lang='lat' dir='ltr'>cultus</span> <span class='ocrx_word' id='word_1_233' title='bbox 159 3048 287 3112; x_wconf 91' lang='lat' dir='ltr'>magno</span> <span class='ocrx_word' id='word_1_234' title='bbox 310 3028 343 3092; x_wconf 94' lang='lat' dir='ltr'>in</span> <span class='ocrx_word' id='word_1_235' title='bbox 374 3028 502 3094; x_wconf 90' lang='lat' dir='ltr'>honore</span> <span class='ocrx_word' id='word_1_236' title='bbox 528 3027 664 3091; x_wconf 89' lang='lat' dir='ltr'>habitus</span> <span class='ocrx_word' id='word_1_237' title='bbox 689 3036 740 3091; x_wconf 91' lang='lat' dir='ltr'>est</span> <span class='ocrx_word' id='word_1_238' title='bbox 766 3029 833 3092; x_wconf 89' lang='lat' dir='ltr'>iam</span> <span class='ocrx_word' id='word_1_239' title='bbox 860 3030 938 3092; x_wconf 90' lang='lat' dir='ltr'>inde</span> <span class='ocrx_word' id='word_1_240' title='bbox 963 3050 982 3093; x_wconf 91' lang='lat' dir='ltr'>a</span> <span class='ocrx_word' id='word_1_241' title='bbox 1008 3031 1142 3093; x_wconf 88' lang='lat' dir='ltr'>saeculo</span> <span class='ocrx_word' id='word_1_242' title='bbox 1167 2988 1294 3109; x_wconf 50' lang='lat' dir='ltr'>mlle.</span> 
     </span>
     <span class='ocr_line' id='line_1_27' title="bbox 45 3128 1139 3217; baseline 0.006 -26"><span class='ocrx_word' id='word_1_243' title='bbox 45 3128 162 3196; x_wconf 88' lang='lat' dir='ltr'>decimo</span> <span class='ocrx_word' id='word_1_244' title='bbox 182 3133 341 3217; x_wconf 90' lang='lat' dir='ltr'>septimo,</span> <span class='ocrx_word' id='word_1_245' title='bbox 361 3132 495 3217; x_wconf 90' lang='lat' dir='ltr'>lateque</span> <span class='ocrx_word' id='word_1_246' title='bbox 517 3152 576 3215; x_wconf 90' lang='lat' dir='ltr'>per</span> <span class='ocrx_word' id='word_1_247' title='bbox 594 3131 738 3213; x_wconf 84' lang='lat' dir='ltr'>ltaliam,</span> <span class='ocrx_word' id='word_1_248' title='bbox 755 3131 900 3198; x_wconf 88' lang='lat' dir='ltr'>Galliam</span> <span class='ocrx_word' id='word_1_249' title='bbox 928 3143 961 3198; x_wconf 93' lang='lat' dir='ltr'>et</span> <span class='ocrx_word' id='word_1_250' title='bbox 987 3134 1139 3216; x_wconf 88' lang='lat' dir='ltr'>Belgium</span> 
     </span>
     <span class='ocr_line' id='line_1_28' title="bbox 44 3236 1140 3321; baseline -0.001 -22"><span class='ocrx_word' id='word_1_251' title='bbox 44 3249 245 3320; x_wconf 84' lang='lat' dir='ltr'>propagatus,</span> <span class='ocrx_word' id='word_1_252' title='bbox 260 3248 369 3304; x_wconf 89' lang='lat' dir='ltr'>totam</span> <span class='ocrx_word' id='word_1_253' title='bbox 385 3237 454 3303; x_wconf 91' lang='lat' dir='ltr'>fere</span> <span class='ocrx_word' id='word_1_254' title='bbox 469 3236 641 3319; x_wconf 88' lang='lat' dir='ltr'>Europam</span> <span class='ocrx_word' id='word_1_255' title='bbox 667 3237 814 3321; x_wconf 90' lang='lat' dir='ltr'>pervasit</span> <span class='ocrx_word' id='word_1_256' title='bbox 833 3236 977 3300; x_wconf 90' lang='lat' dir='ltr'>:deinde</span> <span class='ocrx_word' id='word_1_257' title='bbox 994 3244 1140 3317; x_wconf 90' lang='lat' dir='ltr'>praeter·</span> 
     </span>
    </p>

    <p class='ocr_par' dir='ltr' id='par_1_12' title="bbox 44 3340 1139 3529">
     <span class='ocr_line' id='line_1_29' title="bbox 44 3340 1138 3422; baseline 0.004 -22"><span class='ocrx_word' id='word_1_258' title='bbox 44 3355 158 3414; x_wconf 81' lang='lat' dir='ltr'>gressus</span> <span class='ocrx_word' id='word_1_259' title='bbox 170 3352 287 3407; x_wconf 87' lang='lat' dir='ltr'>vastos</span> <span class='ocrx_word' id='word_1_260' title='bbox 303 3343 432 3410; x_wconf 91' lang='lat' dir='ltr'>Oceani</span> <span class='ocrx_word' id='word_1_261' title='bbox 448 3350 584 3419; x_wconf 89' lang='lat' dir='ltr'>tractus,</span> <span class='ocrx_word' id='word_1_262' title='bbox 600 3342 633 3405; x_wconf 92' lang='lat' dir='ltr'>in</span> <span class='ocrx_word' id='word_1_263' title='bbox 650 3341 809 3405; x_wconf 91' lang='lat' dir='ltr'>America</span> <span class='ocrx_word' id='word_1_264' title='bbox 832 3360 891 3422; x_wconf 89' lang='lat' dir='ltr'>per</span> <span class='ocrx_word' id='word_1_265' title='bbox 907 3340 1138 3405; x_wconf 85' lang='lat' dir='ltr'>Canadensem</span> 
     </span>
     <span class='ocr_line' id='line_1_30' title="bbox 45 3442 1139 3529; baseline 0.005 -29"><span class='ocrx_word' id='word_1_266' title='bbox 45 3442 210 3523; x_wconf 86' lang='lat' dir='ltr'>regionem,</span> <span class='ocrx_word' id='word_1_267' title='bbox 236 3466 314 3510; x_wconf 89' lang='lat' dir='ltr'>cura</span> <span class='ocrx_word' id='word_1_268' title='bbox 342 3446 537 3529; x_wconf 86' lang='lat' dir='ltr'>praesertim</span> <span class='ocrx_word' id='word_1_269' title='bbox 563 3455 666 3527; x_wconf 90' lang='lat' dir='ltr'>atque</span> <span class='ocrx_word' id='word_1_270' title='bbox 681 3464 784 3527; x_wconf 91' lang='lat' dir='ltr'>opera</span> <span class='ocrx_word' id='word_1_271' title='bbox 810 3444 1023 3508; x_wconf 90' lang='lat' dir='ltr'>Venerabilis</span> <span class='ocrx_word' id='word_1_272' title='bbox 1046 3443 1139 3509; x_wconf 90' lang='lat' dir='ltr'>Servi</span> 
     </span>
    </p>

    <p class='ocr_par' dir='ltr' id='par_1_13' title="bbox 45 3540 1141 3735">
     <span class='ocr_line' id='line_1_31' title="bbox 45 3540 1141 3631; baseline 0.006 -27"><span class='ocrx_word' id='word_1_273' title='bbox 45 3540 107 3621; x_wconf 90' lang='lat' dir='ltr'>Dei,</span> <span class='ocrx_word' id='word_1_274' title='bbox 121 3547 290 3612; x_wconf 87' lang='lat' dir='ltr'>Francisci</span> <span class='ocrx_word' id='word_1_275' title='bbox 313 3550 357 3613; x_wconf 89' lang='lat' dir='ltr'>de</span> <span class='ocrx_word' id='word_1_276' title='bbox 387 3547 772 3631; x_wconf 87' lang='lat' dir='ltr'>Montmorency·Laval</span> <span class='ocrx_word' id='word_1_277' title='bbox 798 3548 896 3630; x_wconf 91' lang='lat' dir='ltr'>primi</span> <span class='ocrx_word' id='word_1_278' title='bbox 914 3546 1141 3631; x_wconf 85' lang='lat' dir='ltr'>Quebecensis</span> 
     </span>
     <span class='ocr_line' id='line_1_32' title="bbox 46 3645 1141 3735; baseline 0.007 -28"><span class='ocrx_word' id='word_1_279' title='bbox 46 3645 200 3734; x_wconf 82' lang='lat' dir='ltr'>Episcopi,</span> <span class='ocrx_word' id='word_1_280' title='bbox 215 3661 251 3717; x_wconf 89' lang='lat' dir='ltr'>et</span> <span class='ocrx_word' id='word_1_281' title='bbox 265 3652 478 3717; x_wconf 90' lang='lat' dir='ltr'>Venerabilis</span> <span class='ocrx_word' id='word_1_282' title='bbox 495 3652 619 3717; x_wconf 87' lang='lat' dir='ltr'>Servae</span> <span class='ocrx_word' id='word_1_283' title='bbox 635 3652 699 3717; x_wconf 89' lang='lat' dir='ltr'>Dei</span> <span class='ocrx_word' id='word_1_284' title='bbox 723 3652 928 3734; x_wconf 88' lang='lat' dir='ltr'>Margaritae</span> <span class='ocrx_word' id='word_1_285' title='bbox 948 3652 1141 3735; x_wconf 90' lang='lat' dir='ltr'>Bourgeois,</span> 
     </span>
    </p>

    <p class='ocr_par' dir='ltr' id='par_1_14' title="bbox 46 3754 1317 4360">
     <span class='ocr_line' id='line_1_33' title="bbox 46 3754 1141 3839; baseline 0.004 -24"><span class='ocrx_word' id='word_1_286' title='bbox 46 3768 104 3815; x_wconf 83' lang='lat' dir='ltr'>sese</span> <span class='ocrx_word' id='word_1_287' title='bbox 117 3757 281 3834; x_wconf 86' lang='lat' dir='ltr'>extendit,</span> <span class='ocrx_word' id='word_1_288' title='bbox 295 3754 482 3839; x_wconf 76' lang='lat' dir='ltr'>faustisque</span> <span class='ocrx_word' id='word_1_289' title='bbox 498 3755 642 3821; x_wconf 88' lang='lat' dir='ltr'>effloruit</span> <span class='ocrx_word' id='word_1_290' title='bbox 661 3757 827 3838; x_wconf 90' lang='lat' dir='ltr'>auspiciis.</span> <span class='ocrx_word' id='word_1_291' title='bbox 845 3756 1026 3821; x_wconf 91' lang='lat' dir='ltr'>Postremis</span> <span class='ocrx_word' id='word_1_292' title='bbox 1050 3756 1141 3819; x_wconf 90' lang='lat' dir='ltr'>hisce</span> 
     </span>
     <span class='ocr_line' id='line_1_34' title="bbox 46 3858 1304 3965; baseline 0.004 -46"><span class='ocrx_word' id='word_1_293' title='bbox 46 3858 238 3939; x_wconf 84' lang='lat' dir='ltr'>temporibus</span> <span class='ocrx_word' id='word_1_294' title='bbox 266 3860 409 3925; x_wconf 90' lang='lat' dir='ltr'>dilectus</span> <span class='ocrx_word' id='word_1_295' title='bbox 441 3858 528 3924; x_wconf 88' lang='lat' dir='ltr'>filius</span> <span class='ocrx_word' id='word_1_296' title='bbox 557 3860 755 3925; x_wconf 91' lang='lat' dir='ltr'>Franciscus</span> <span class='ocrx_word' id='word_1_297' title='bbox 783 3860 958 3943; x_wconf 90' lang='lat' dir='ltr'>Philippus</span> <span class='ocrx_word' id='word_1_298' title='bbox 990 3860 1139 3924; x_wconf 89' lang='lat' dir='ltr'>Francoz</span> <span class='ocrx_word' id='word_1_299' title='bbox 1201 3916 1304 3965; x_wconf 75' lang='lat' dir='ltr'>Laudat</span> 
     </span>
     <span class='ocr_line' id='line_1_35' title="bbox 48 3954 1317 4049; baseline 0.006 -26"><span class='ocrx_word' id='word_1_300' title='bbox 48 3954 208 4030; x_wconf 85' lang='lat' dir='ltr'>Societatis</span> <span class='ocrx_word' id='word_1_301' title='bbox 227 3964 302 4029; x_wconf 88' lang='lat' dir='ltr'>lesu</span> <span class='ocrx_word' id='word_1_302' title='bbox 318 3966 409 4048; x_wconf 88' lang='lat' dir='ltr'>piam</span> <span class='ocrx_word' id='word_1_303' title='bbox 422 3964 718 4031; x_wconf 78' lang='lat' dir='ltr'>consociationem</span> <span class='ocrx_word' id='word_1_304' title='bbox 734 3965 868 4030; x_wconf 89' lang='lat' dir='ltr'>aSacra</span> <span class='ocrx_word' id='word_1_305' title='bbox 886 3966 1027 4049; x_wconf 82' lang='lat' dir='ltr'>Familia</span> <span class='ocrx_word' id='word_1_306' title='bbox 1050 3964 1140 4047; x_wconf 89' lang='lat' dir='ltr'>Lug·</span> <span class='ocrx_word' id='word_1_307' title='bbox 1169 3982 1317 4032; x_wconf 66' lang='lat' dir='ltr'>cmuciatu·-</span> 
     </span>
     <span class='ocr_line' id='line_1_36' title="bbox 47 4048 1298 4162; baseline 0.006 -38"><span class='ocrx_word' id='word_1_308' title='bbox 47 4061 113 4127; x_wconf 92' lang='lat' dir='ltr'>duni</span> <span class='ocrx_word' id='word_1_309' title='bbox 124 4066 286 4147; x_wconf 87' lang='lat' dir='ltr'>fundavit,</span> <span class='ocrx_word' id='word_1_310' title='bbox 296 4087 383 4152; x_wconf 90' lang='lat' dir='ltr'>quae</span> <span class='ocrx_word' id='word_1_311' title='bbox 396 4068 521 4133; x_wconf 89' lang='lat' dir='ltr'>fructus</span> <span class='ocrx_word' id='word_1_312' title='bbox 531 4068 638 4133; x_wconf 88' lang='lat' dir='ltr'>laetos</span> <span class='ocrx_word' id='word_1_313' title='bbox 651 4078 753 4153; x_wconf 89' lang='lat' dir='ltr'>atque</span> <span class='ocrx_word' id='word_1_314' title='bbox 764 4069 892 4145; x_wconf 88' lang='lat' dir='ltr'>uberes,</span> <span class='ocrx_word' id='word_1_315' title='bbox 905 4068 980 4131; x_wconf 90' lang='lat' dir='ltr'>Deo</span> <span class='ocrx_word' id='word_1_316' title='bbox 997 4068 1140 4144; x_wconf 90' lang='lat' dir='ltr'>iuvante,</span> <span class='ocrx_word' id='word_1_317' title='bbox 1165 4048 1298 4162; x_wconf 47' lang='lat' dir='ltr'>mg}</span> 
     </span>
     <span class='ocr_line' id='line_1_37' title="bbox 48 4162 1317 4256; baseline -0.006 -21"><span class='ocrx_word' id='word_1_318' title='bbox 48 4162 82 4227; x_wconf 76' lang='lat' dir='ltr'>de</span> <span class='ocrx_word' id='word_1_319' title='bbox 93 4186 124 4231; x_wconf 85' lang='lat' dir='ltr'>se</span> <span class='ocrx_word' id='word_1_320' title='bbox 137 4172 320 4253; x_wconf 88' lang='lat' dir='ltr'>pollicetur.</span> <span class='ocrx_word' id='word_1_321' title='bbox 337 4170 588 4238; x_wconf 81' lang='lat' dir='ltr'>consociationi</span> <span class='ocrx_word' id='word_1_322' title='bbox 604 4181 674 4237; x_wconf 91' lang='lat' dir='ltr'>tarn</span> <span class='ocrx_word' id='word_1_323' title='bbox 688 4174 863 4256; x_wconf 85' lang='lat' dir='ltr'>auspicato</span> <span class='ocrx_word' id='word_1_324' title='bbox 878 4172 1035 4236; x_wconf 90' lang='lat' dir='ltr'>conditae</span> <span class='ocrx_word' id='word_1_325' title='bbox 1058 4169 1139 4233; x_wconf 90' lang='lat' dir='ltr'>illud</span> <span class='ocrx_word' id='word_1_326' title='bbox 1167 4177 1317 4241; x_wconf 56' lang='lat' dir='ltr'>inmunia</span> 
     </span>
     <span class='ocr_line' id='line_1_38' title="bbox 50 4244 1314 4360; baseline -0.002 -29"><span class='ocrx_word' id='word_1_327' title='bbox 50 4278 90 4332; x_wconf 84' lang='lat' dir='ltr'>est</span> <span class='ocrx_word' id='word_1_328' title='bbox 98 4272 237 4339; x_wconf 89' lang='lat' dir='ltr'>salutare</span> <span class='ocrx_word' id='word_1_329' title='bbox 245 4275 466 4359; x_wconf 90' lang='lat' dir='ltr'>propositum:</span> <span class='ocrx_word' id='word_1_330' title='bbox 476 4276 634 4341; x_wconf 91' lang='lat' dir='ltr'>nimirum</span> <span class='ocrx_word' id='word_1_331' title='bbox 648 4275 791 4341; x_wconf 87' lang='lat' dir='ltr'>familias</span> <span class='ocrx_word' id='word_1_332' title='bbox 801 4272 998 4337; x_wconf 89' lang='lat' dir='ltr'>christianas</span> <span class='ocrx_word' id='word_1_333' title='bbox 1009 4267 1140 4333; x_wconf 89' lang='lat' dir='ltr'>arctiori</span> <span class='ocrx_word' id='word_1_334' title='bbox 1167 4244 1279 4357; x_wconf 53' lang='lat' dir='ltr'><strong><em>§;assm</em></strong></span> <span class='ocrx_word' id='word_1_335' title='bbox 1288 4308 1314 4360; x_wconf 86' lang='lat' dir='ltr'>S.</span> 
     </span>
    </p>
   </div>
   <div class='ocr_carea' id='block_1_8' title="bbox 52 4369 1284 4457">
    <p class='ocr_par' dir='ltr' id='par_1_15' title="bbox 52 4369 1284 4457">
     <span class='ocr_line' id='line_1_39' title="bbox 52 4369 1284 4457; baseline -0.012 -10"><span class='ocrx_word' id='word_1_336' title='bbox 52 4369 166 4447; x_wconf 70' lang='lat' dir='ltr'>Pietatis</span> <span class='ocrx_word' id='word_1_337' title='bbox 180 4398 273 4443; x_wconf 87' lang='lat' dir='ltr'>nexu</span> <span class='ocrx_word' id='word_1_338' title='bbox 290 4378 413 4445; x_wconf 86' lang='lat' dir='ltr'>Sacrae</span> <span class='ocrx_word' id='word_1_339' title='bbox 429 4378 591 4443; x_wconf 88' lang='lat' dir='ltr'>Familiae</span> <span class='ocrx_word' id='word_1_340' title='bbox 614 4379 792 4455; x_wconf 88' lang='lat' dir='ltr'>devincire,</span> <span class='ocrx_word' id='word_1_341' title='bbox 806 4375 857 4439; x_wconf 87' lang='lat' dir='ltr'>vel</span> <span class='ocrx_word' id='word_1_342' title='bbox 874 4374 987 4457; x_wconf 91' lang='lat' dir='ltr'>potius</span> <span class='ocrx_word' id='word_1_343' title='bbox 1002 4371 1142 4436; x_wconf 90' lang='lat' dir='ltr'>omnino</span> <span class='ocrx_word' id='word_1_344' title='bbox 1159 4374 1191 4439; x_wconf 91' lang='lat' dir='ltr'>J.</span> <span class='ocrx_word' id='word_1_345' title='bbox 1202 4374 1284 4421; x_wconf 73' lang='lat' dir='ltr'>cordi·</span> 
     </span>
    </p>
   </div>
   <div class='ocr_carea' id='block_1_9' title="bbox 0 0 1564 4859">
    <p class='ocr_par' dir='ltr' id='par_1_16' title="bbox 0 0 1564 4859">
     <span class='ocr_line' id='line_1_40' title="bbox 0 0 1564 4859; baseline 0 0"><span class='ocrx_word' id='word_1_346' title='bbox 0 0 1564 4859; x_wconf 95' lang='lat' dir='ltr'> </span> 
     </span>
    </p>
   </div>
  </div>
 </body>
</html>
