3117 4859
364 344 433 415 312
464 339 698 395 susrxucmo
713 328 733 359 ‘⁶
745 340 888 406 Qussus
901 342 1107 393 nunninus
1118 318 1137 347 '¹
1152 342 1181 393 s.
1197 339 1229 389 c.
1247 338 1304 389 es.
1320 338 1370 390 as
1384 340 1468 390 xeo.

361 486 548 563 tinentiam,
563 486 834 549 emendationem
851 496 886 549 et
901 485 1112 568 punitionem
1125 482 1398 567 praescribuntur
1413 500 1471 557 με

360 588 564 653 subditomm
575 588 732 671 neglectae
741 588 977 653 emendationis
986 587 1053 672 ἐρεῖ
1058 588 1245 672 conregnas,
1255 588 1325 652 Deo
1337 581 1471 659 vindici

182 700 337 805 scam:
356 704 477 775 poenas
486 694 676 775 persolvant
689 692 743 775 (¹).
767 692 911 757 Nullum
934 694 1033 770 erim,
1059 703 1146 758 teste
1170 692 1337 775 Gregorio
1352 691 1410 765 Mn
1429 686 1471 751 “b

178 824 266 879 asom
280 820 336 865 ore·
361 798 441 862 aliis
455 798 565 861 maius
570 797 824 879 proeriedr'eium,
837 818 939 881 quam
952 820 976 862 a
1000 797 1220 863 sacerdotibus
1241 798 1359 861 tolerat
1371 796 1469 870 Das,

183 892 287 995 ,xii
298 879 333 924 Μ·
361 902 491 984 otiando
506 922 565 977 eos,
579 922 658 983 quos
672 900 721 966 ad
731 902 874 967 aliorum
899 902 1122 966 correctionem
1142 901 1263 983 posuit,
1276 900 1357 965 dare
1377 898 1418 963 de
1436 918 1469 962 se

360 1006 504 1089 exempla
512 1006 826 1089 pronitatrscererit:
835 1006 965 1089 quando
981 1004 1046 1088 ipsi
1051 1016 1194 1089 peccant,
1208 1004 1269 1087 qui
1286 1017 1468 1086 compescere

361 1110 503 1173 aliorum
513 1118 641 1191 peccota
656 1108 829 1186 deberent,·
844 1108 937 1174 nulla
963 1110 1158 1174 animarum
1181 1107 1275 1173 lucra
1300 1116 1468 1191 quaerant,

360 1214 410 1278 od
419 1236 482 1279 sua
492 1214 635 1297 quotidie
644 1214 756 1279 studia
768 1222 896 1291 omont,
907 1223 1035 1278 terrena
1045 1214 1278 1297 concupescunt,
1289 1213 1467 1277 huntam

355 1319 501 1401 gloriam
527 1319 653 1383 intenta
676 1327 780 1381 mente
804 1326 945 1399 captant.

235 1450 335 1508 nero·
406 1422 446 1485 V.
464 1422 590 1487 Curent
614 1424 736 1505 pariter
761 1421 931 1487 Ordinarii
960 1431 997 1486 ut
1022 1422 1187 1501 homines,
1208 1442 1296 1505 quos
1323 1419 1468 1485 cultioris

183 1514 286 1553 ceneten
294 1516 338 1567 per

208 1569 299 1615 „m
315 1570 337 1615 ἡ.
361 1526 485 1607 ingenii
502 1526 621 1609 vulgus
637 1527 821 1602 existimat,
835 1526 957 1609 quibus
973 1527 1119 1609 alioquin
1134 1527 1226 1591 nulla
1237 1537 1277 1591 ut
1289 1527 1467 1609 plurimum

203 1628 339 1746 mm
362 1639 411 1693 est
424 1629 592 1711 religionis
603 1650 683 1694 cura
694 1630 853 1713 nullaque
862 1630 934 1693 eius
944 1650 1021 1694 vera
1030 1631 1191 1713 cognitio,
1200 1640 1260 1695 aut
1271 1632 1466 1695 concionum

231 1750 336 1793 mazeum
362 1754 436 1813 ope,
450 1742 509 1797 aut
525 1734 717 1811 diariorum,
732 1754 820 1817 quae
835 1735 1003 1816 elegantia
1018 1735 1184 1799 sermonis
1209 1743 1245 1798 et
1272 1754 1382 1798 rerum
1398 1754 1467 1817 gra·

179 1808 337 1925 {simss
363 1838 475 1913 vitate,
491 1838 781 1912 commendentur,
796 1840 959 1921 dogmata
975 1838 1052 1902 fidei
1065 1858 1104 1902 ac
1116 1840 1313 1921 praesertim
1323 1837 1467 1903 divinam

183 1928 239 1973 “⁸“
363 1941 535 2005 Ecclesiae
550 1941 826 2007 constitutionem
842 1962 902 2024 per
917 1940 1051 2007 Clerum
1079 1944 1293 2008 edoceantur.
1310 1942 1412 2026 Quod
1434 1950 1467 2004 ut

184 2018 337 2125 152?ssssss
362 2047 562 2123 obtineatur,
577 2046 761 2109 admodum
778 2046 938 2127 expediet
954 2046 982 2109 si
998 2045 1185 2111 catholicae
1200 2047 1465 2111 consociationes

187 2151 336 2243 damn
362 2149 428 2212 iam
447 2148 598 2231 pluribus
614 2150 646 2212 in
664 2148 745 2213 locis
763 2150 888 2214 utiliter
904 2150 1079 2215 institutae
1093 2150 1195 2213 latius
1210 2160 1447 2232 propagentur.

223 2290 249 2335 ⁶,
260 2232 336 2349 Q,
408 2250 641 2317 V1.Peculiari
655 2253 771 2317 itidem
790 2254 892 2317 modo
900 2264 1028 2330 curent,
1038 2262 1074 2317 ut
1085 2252 1258 2318 doctrinae
1270 2254 1465 2317 christianae

185 2350 337 2455 '‘mcteffirj
363 2356 394 2419 in
421 2356 607 2439 gymnasiis
631 2366 874 2439 praeceptores,
894 2378 1037 2441 quorum
1067 2354 1215 2421 officium
1240 2377 1323 2421 sane
1347 2356 1464 2440 gravis

200 2468 339 2528 dumque·
361 2458 484 2523 simum
500 2468 534 2523 et
553 2478 712 2542 perquam
731 2460 813 2523 utile
824 2470 885 2534 est,
896 2460 1065 2541 eligantur
1075 2461 1267 2524 sacerdotes
1280 2481 1350 2523 non
1363 2460 1465 2523 minus

198 2528 336 2633 dicim
361 2562 514 2626 doctrina
530 2582 631 2645 quam
648 2564 737 2629 vitae
753 2564 947 2647 integritate
962 2564 1144 2647 conspicui,
1154 2563 1210 2647 qui
1228 2564 1464 2628 demandatum

197 2661 335 2763 {7322}ss
361 2664 423 2727 sibi
441 2685 562 2730 munus
578 2668 756 2750 diligenter
782 2678 1006 2751 exequantur,
1021 2677 1056 2732 et
1081 2677 1255 2750 praeterea
1279 2668 1466 2732 adolescen-

183 2764 295 2810 ΜΨ·
361 2770 450 2833 tibus
466 2780 618 2835 auctores
634 2772 710 2849 sint,
726 2782 762 2835 ut
779 2772 844 2853 piis
859 2771 1187 2855 Congregationibus
1200 2772 1328 2836 Beatae
1345 2771 1467 2835 Mariae

362 2874 520 2956 Virginis,
537 2876 588 2938 vel
601 2874 838 2939 sodalitatibus
851 2874 941 2941 Ssmi
956 2876 1077 2941 Cordis
1089 2876 1178 2941 lesu
1188 2876 1242 2939 vel
1257 2871 1467 2939 sacratissimi

364 2978 494 3041 Rosarii
511 2998 634 3042 nomen
651 2980 742 3056 dent,
758 2988 792 3041 et
808 2990 1019 3043 sacramenta
1040 2981 1267 3061 poenitentiae
1289 2989 1326 3042 et
1342 2976 1467 3042 Eucha-

257 3108 335 3155 γυῖα
362 3082 474 3144 ristiae
490 3084 623 3163 saepius
638 3084 828 3165 devoteque
843 3084 1037 3165 suscipiant.
1054 3083 1171 3165 Agant
1193 3102 1330 3166 quoque
1352 3099 1467 3164 oppor-

210 3172 338 3285 Μὲἶξξίξῖζ
363 3195 442 3249 tune
460 3186 621 3271 Episcopi
637 3195 673 3250 ut
684 3186 897 3251 instructioni
909 3187 1085 3269 religiosae
1096 3187 1172 3269 plus
1184 3206 1287 3269 quam
1300 3186 1467 3266 bucusque

197 3286 334 3357 nugare
360 3308 556 3352 concessum
574 3299 624 3353 est
640 3292 801 3373 temporis
813 3291 987 3369 tribuatur,
1010 3299 1110 3373 prout
1131 3310 1183 3353 res
1208 3292 1284 3371 ipsa
1309 3288 1466 3371 gravioris

195 3350 335 3475 eumq?
361 3413 420 3474 per
435 3413 470 3455 se
487 3393 648 3456 momenti
665 3414 704 3455 ac
720 3415 818 3458 verae
841 3394 1049 3459 necessitatis
1076 3414 1155 3476 prae
1179 3393 1300 3457 ceteris
1315 3390 1466 3457 omnibus

176 3473 181 3484 ⁸
190 3466 334 3581 {iiim
360 3498 563 3577 expostulat.
581 3496 674 3560 Dent
690 3498 845 3561 similiter
860 3518 996 3580 operam
1015 3496 1100 3561 utin
1114 3497 1274 3560 omnibus
1287 3493 1465 3578 gymnasiis

360 3599 477 3662 eadem
496 3599 610 3683 lingua
627 3602 800 3665 utentibus
816 3622 901 3665 unus
916 3601 1075 3684 idemque
1097 3601 1182 3664 liber
1205 3602 1249 3663 ad
1277 3599 1464 3682 religionem

360 3702 548 3767 docendam
566 3704 772 3767 adhibeatur.
790 3704 894 3769 Cuius
910 3705 957 3767 rei
971 3705 1081 3785 gratia
1098 3703 1279 3785 Episcopis
1305 3720 1406 3765 curae
1426 3698 1465 3761 sit

361 3814 396 3869 ut
407 3807 644 3887 compendium
662 3807 864 3885 huiusmodi,
881 3808 913 3871 in
931 3828 1051 3871 manus
1073 3806 1314 3889 discipulorum
1339 3803 1465 3869 traden-

359 3909 450 3985 dum,
466 3930 485 3973 a
503 3910 574 3974 viro
599 3912 721 3974 idoneo
744 3921 977 3993 componatur,
1001 3920 1044 3987 et,
1059 3911 1103 3975 ab
1126 3910 1210 3992 ipsis
1237 3910 1464 3975 examinatum

360 4022 392 4074 et
419 4016 652 4094 approbatum,
679 4015 712 4077 in
737 4034 835 4077 usum
862 4014 1053 4078 scholarum
1079 4013 1334 4094 praescribatur.
1358 4010 1465 4091 Evigi-

360 4115 498 4180 landum
515 4136 648 4198 quoque
665 4127 701 4180 ut
711 4118 814 4179 etiam
827 4117 1044 4199 profanarum
1054 4117 1307 4200 disciplinarum
1321 4110 1465 4197 magistri

360 4228 506 4281 mentem
525 4219 696 4282 Ecclesiae
712 4220 743 4282 in
761 4220 926 4295 docendo,
944 4230 982 4283 ut
998 4240 1058 4301 par
1080 4230 1141 4294 est,
1156 4222 1383 4293 observantes,
1398 4214 1465 4280 reli·

390 4354 409 4385 a.
423 4342 486 4389 Sess.
501 4352 569 4396 xxti,
581 4358 602 4391 e.
616 4358 636 4396 ι,
649 4346 678 4389 de
687 4346 783 4401 reform.
