3117 4859
102 366 154 417 DE
165 365 385 418 CATHEDRIS
399 366 652 432 marsellum
668 367 775 419 com..
792 367 883 420 ROM.
899 369 1118 422 ERIGENDIS.
1145 371 1212 441 193

103 507 258 589 precibus
269 505 388 570 libenti
404 507 541 588 quidem
558 509 674 572 animo
692 509 885 572 censuimus
902 508 1215 577 obsecundandum.

103 609 216 694 Quare
226 629 346 674 omnes
356 618 390 674 et
402 610 564 694 singulos,
574 612 697 694 quibus
707 613 773 676 hae
786 613 932 677 Nostrae
945 613 1076 678 litterae
1088 613 1215 692 lavent,

101 735 122 778 a
138 713 312 798 quibusvis
326 716 692 780 excommunicationis
705 727 738 781 et
754 717 934 794 interdicti,
950 717 1093 801 aliisque
1109 718 1214 782 eccle-

103 818 248 882 siasticis
263 818 421 897 censuris,
436 820 613 884 sententiis
630 831 663 884 et
679 821 808 902 poenis,
824 822 851 884 si
867 841 952 904 quas
968 820 1053 886 forte
1069 822 1214 886 incurre-

103 922 182 1000 rint,
198 923 297 985 huius
313 931 446 986 tantum
463 923 510 987 rei
526 926 635 1006 gratia
651 923 867 990 absolventes
883 933 917 989 et
940 924 1114 990 absolutos
1145 925 1216 990 lore

103 1036 290 1104 censentes,
321 1028 549 1108 praesentium
572 1037 699 1106 tenore,
715 1029 921 1093 necessarias
948 1038 982 1094 et
1005 1039 1216 1112 opportunas

104 1129 284 1194 facultates
301 1130 438 1195 Rectori
456 1131 597 1213 praefati
614 1132 758 1215 Collegii
790 1133 939 1197 Romani
970 1152 1032 1215 pro
1063 1143 1216 1216 tempore

104 1233 267 1298 existenti
283 1246 483 1316 perpetuum
502 1235 535 1299 in
554 1237 693 1300 modum
716 1237 919 1301 auctoritate
943 1237 1073 1301 Nostra
1097 1257 1216 1302 conce·

105 1337 217 1401 dimus
232 1358 272 1401 ac
289 1338 459 1421 largimur,
474 1359 617 1422 quarum
647 1339 681 1404 vi
704 1341 738 1404 in
761 1342 973 1423 amplissima
1008 1339 1216 1424 Gregoriana

107 1439 337 1507 Universitate
350 1441 531 1507 Societatis
549 1445 647 1522 lusu,
659 1444 716 1508 ubi
732 1445 950 1510 laudabiliter
964 1445 1102 1528 optimis
1117 1444 1217 1508 disci·

106 1545 207 1627 plinis
237 1547 389 1611 omnium
415 1549 591 1612 nationum
622 1549 822 1612 erudiuntur
849 1549 988 1625 alumni,
1018 1568 1086 1612 non
1114 1549 1219 1612 modo

107 1650 267 1714 Facultas
285 1651 370 1716 luris
386 1651 550 1717 Canonici
575 1653 706 1717 institui
729 1653 821 1716 licite
844 1663 957 1736 queat,
973 1673 1088 1716 verum
1113 1652 1216 1716 etiam

107 1755 288 1833 auditores,
303 1757 361 1840 qui
376 1759 534 1821 eumdem
551 1778 685 1822 cursum
697 1757 993 1836 celebraverint,et
1006 1759 1067 1822 rite
1077 1757 1219 1840 diligen·

106 1867 225 1940 terque
240 1860 449 1943 perfecerint,
463 1861 491 1924 si
507 1861 600 1943 digni
617 1871 695 1944 post
711 1861 837 1926 sactum
854 1863 1013 1926 scientiae
1033 1860 1217 1944 periculum

108 1962 246 2027 iudicati
281 1963 414 2042 luerint,
449 1966 733 2043 baccalaureatus,
766 1965 922 2029 licentiae
960 1974 994 2029 et
1033 1962 1214 2030 doctoralis

109 2066 243 2132 laureae
258 2067 446 2151 insignibus
461 2068 611 2133 decorari
627 2069 729 2133 libere
741 2068 898 2152 liciteque
914 2070 1016 2134 etiam
1033 2069 1164 2152 possint
1180 2088 1220 2132 ac

109 2171 253 2236 valeant.
270 2173 498 2255 Praecipimus
514 2182 637 2251 autem,
659 2181 696 2237 ut
712 2174 746 2236 in
762 2173 815 2237 his
831 2173 992 2256 gradibus
1008 2172 1219 2238 conserendis
1245 2210 1349 2266 ,We

111 2296 151 2341 ea
166 2276 306 2340 omnino
317 2287 500 2354 serventur,
512 2297 598 2360 quae
610 2278 680 2342 sive
692 2297 737 2341 ex
749 2277 824 2360 lege
840 2278 909 2341 sive
921 2297 966 2341 ex
975 2275 1220 2342 consuetudine
1246 2269 1333 2325 ‘'fin‘'
1343 2267 1369 2312 ¹⁷¹

110 2380 144 2443 in
177 2380 357 2444 collatione
388 2381 548 2446 similium
580 2381 745 2464 graduum
778 2392 851 2446 tum
882 2380 1116 2464 philosophiae
1145 2390 1218 2446 tum
1242 2325 1394 2445 mamis

109 2484 302 2567 theologiae
326 2485 359 2548 in
387 2485 506 2549 eodem
524 2485 678 2569 Collegio
704 2487 766 2551 rite
789 2487 958 2552 observari
982 2487 1102 2564 solent,
1117 2496 1221 2569 utque
1246 2445 1369 2551 §plean-

109 2601 199 2654 sarta
224 2599 380 2672 tectaque
409 2611 543 2673 semper
579 2593 647 2656 sint
677 2599 805 2656 statuta
830 2591 881 2656 vel
913 2593 1097 2674 peculiares
1130 2591 1221 2674 leges

109 2703 237 2758 ceteras
264 2694 396 2758 scholas
421 2694 610 2776 pontificias
635 2704 669 2760 et
692 2695 835 2779 collegia
855 2696 954 2760 huius
980 2695 1091 2760 almae
1116 2696 1220 2761 Urbis

109 2797 256 2862 Nostrae
273 2799 495 2875 moderantes,
510 2800 633 2882 quibus
655 2799 718 2864 hac
734 2801 882 2882 presenti
897 2802 1114 2864 concessione
1138 2799 1219 2863 nihil

109 2901 265 2966 volumus
277 2903 718 2985 derogatumDecernentes
728 2905 789 2967 has
802 2903 833 2967 N
837 2912 944 2968 ostras
955 2904 1083 2968 litteras
1096 2902 1218 2980 firmas,

111 3005 240 3070 validas
255 3015 290 3070 et
315 3005 467 3070 efficaces
494 3007 640 3071 existere
661 3017 695 3070 et
722 2998 802 3084 ior'e,
825 3026 972 3089 suosque
995 3006 1164 3088 plenarios
1187 3015 1221 3068 et
1247 2965 1385 3067 ἕῖῗῗῖἷῖιι

110 3111 260 3194 integros
275 3110 414 3175 effectus
429 3111 538 3174 sortiri
555 3119 589 3174 et
604 3111 765 3187 obtinere,
780 3110 913 3192 illisque
929 3112 971 3174 ad
989 3131 1073 3192 quos
1091 3118 1222 3193 spectat
1247 3095 1391 3186 ζῗοξῖἷῖμῖζζ

111 3225 145 3279 et
160 3225 312 3297 spectare
327 3215 451 3298 poterit
467 3215 501 3277 in
518 3215 673 3278 omnibus
690 3225 724 3279 et
739 3235 799 3298 per
814 3216 927 3278 omnia
945 3215 1137 3296 plenissime
1155 3199 1222 3277 su'l-
1248 3201 1365 3245 ΨΜ·

111 3317 243 3402 lragari,
259 3319 374 3401 sicque
398 3319 431 3380 in
457 3318 650 3401 praemissis
674 3338 733 3400 per
759 3337 991 3400 quoscumque
1019 3317 1147 3381 iudices
1172 3337 1223 3380 or-

112 3423 259 3487 dinarios
295 3433 328 3485 et
358 3421 532 3503 delegatos
563 3422 701 3486 iudicari
732 3430 766 3485 et
797 3419 927 3484 definiri
959 3421 1092 3498 debere,
1123 3430 1224 3504 atque

111 3527 241 3590 irritum
265 3536 299 3590 et
326 3527 436 3602 inane,
471 3526 499 3588 si
524 3546 619 3590 secus
646 3546 746 3608 super
775 3525 828 3589 his
855 3545 874 3589 a
902 3545 1073 3607 quoquam
1106 3526 1224 3607 quavis

111 3630 322 3707 auctoritate,
351 3631 494 3692 scienter
523 3629 576 3692 vel
607 3631 810 3712 ignoranter,
841 3629 1020 3710 contigerit
1052 3629 1222 3693 attentari.

113 3735 191 3797 Non
209 3733 421 3796 obstantibus
445 3731 753 3796 Constitutionibus
776 3742 810 3796 et
828 3731 1108 3797 Ordinationibus
1130 3731 1225 3814 Apo-

112 3837 250 3914 stolicis,
264 3837 450 3918 ceterisque
476 3836 613 3917 speciali
633 3835 711 3899 licet
727 3844 830 3916 atque
854 3836 1028 3900 individua
1053 3835 1226 3899 mentione

113 3951 147 4004 et
173 3941 394 4023 derogatione
418 3939 532 4020 dignis
557 3941 591 4004 in
615 3939 820 4004 contrarium
849 3939 1049 4004 iacientibus
1089 3938 1227 4022 quibus·

114 4065 268 4127 cumque.

158 4150 286 4212 Datum
313 4149 446 4212 Romae
473 4148 563 4230 apud
596 4147 630 4214 S.
659 4149 794 4214 Petrum
827 4149 890 4213 sub
915 4147 1018 4211 anulo
1046 4147 1227 4211 Piscatoris

113 4253 169 4316 die
184 4267 279 4316 xxlx
296 4253 373 4317 Iulii
387 4265 610 4330 MDCcchVI,
627 4252 850 4318 Pontificatus
863 4251 979 4316 Nostri
992 4271 1082 4315 anno
1093 4252 1226 4316 decimo

113 4375 214 4421 nono.
609 4356 645 4422 C.
662 4357 778 4423 CARI).
796 4357 862 4421 DE
881 4354 1137 4422 RVGGIERO

164 4511 231 4552 Arra
241 4510 329 4552 Lsours
338 4510 406 4551 xltl.
417 4532 442 4541 -
451 4509 477 4551 T.
487 4509 526 4551 Vi.
1122 4520 1146 4556 ¹3
