3117 4859
341 380 412 449 322
699 380 820 429 lNDEX
848 378 1098 429 aethelricus,

338 529 504 585 assumendi
517 540 546 584 et
558 530 709 583 amovendi
723 530 765 582 61.
779 558 814 569 -
830 530 968 585 Doctrina
979 530 1006 583 S.
1020 530 1151 585 Thomae
1169 530 1197 583 in
1211 528 1380 585 Seminariis
1390 540 1452 585 tra·

339 620 424 674 datur
435 619 478 671 61.
492 647 524 657 -
533 618 580 671 Ab
588 616 734 686 Episcopo
747 617 809 670 solo
822 615 851 670 in
862 616 995 672 omnibns
1003 618 1127 687 pendeat
1141 617 1292 672 Seminarii
1309 618 1452 685 regimen,

338 707 376 761 ab
389 706 510 774 ipsoque
522 704 710 757 admittantur
722 702 829 758 alumni
843 702 879 757 ad
893 717 990 757 sacros
1007 704 1130 771 ordines,
1145 706 1188 757 vel
1201 714 1392 758 amoveantur
1405 702 1453 757 61.

339 823 375 834 —-
394 793 556 847 Constituat
579 792 740 861 Episcopus
761 790 881 845 vicarios
903 791 1091 858 consiliarios,
1111 808 1202 862 usque
1224 793 1292 845 durn
1315 791 1454 861 Capitulo

338 878 586 935 careat61·62.—
607 878 655 932 ad
667 877 812 947 religionis
826 888 854 931 et
867 878 1025 933 animarum
1039 879 1127 933 zelum
1143 879 1271 935 Pontifex
1286 878 1454 946 Episcopos

339 969 507 1023 adhortatur
523 966 567 1020 62.
579 994 616 1005 —
636 966 680 1019 De
696 964 827 1035 gestione
840 968 979 1020 bonorum
993 966 1202 1035 temporalium,
1215 977 1244 1022 et
1257 967 1294 1022 de
1307 964 1455 1020 canonica

337 1066 404 1111 taxa
422 1056 451 1109 in
473 1052 654 1123 expeditione
667 1052 787 1106 solemni
809 1052 978 1106 Litterarum
998 1053 1228 1120 Apostolicarum
1248 1052 1379 1107 Pontifex
1393 1060 1454 1105 sta-

339 1142 401 1210 tuit,
414 1158 505 1211 eaqne
518 1139 623 1208 omnia,
636 1140 672 1193 de
685 1138 788 1209 quibus
806 1140 884 1193 nulla
897 1138 943 1193 hic
957 1140 986 1193 tit
1000 1141 1117 1209 mentio,
1131 1152 1193 1196 rata
1211 1142 1271 1195 vult
1290 1153 1455 1207 remanere,

336 1242 422 1301 prout
436 1242 520 1283 antea
532 1248 540 1293 ;
552 1227 791 1297 difficultatesque
804 1228 826 1281 si
841 1228 1066 1298 supervenerint,
1074 1230 1111 1283 ad
1132 1230 1236 1284 Sedem
1250 1226 1453 1297 Apostolicam

340 1319 511 1375 deferendae
524 1328 589 1370 sunt
601 1317 691 1383 62·63.
705 1344 739 1355 w-
751 1317 837 1385 Juxta
852 1316 1001 1371 Ecclesiae
1013 1317 1175 1372 doctrinam
1188 1326 1216 1372 et
1231 1316 1351 1371 S.Sedis
1363 1314 1454 1370 disci-

337 1408 446 1475 plinam
459 1422 494 1459 ea
503 1415 712 1473 componantur
728 1404 764 1457 de
779 1402 883 1473 quibus
903 1404 948 1459 bic
970 1421 1026 1459 non
1051 1403 1175 1475 loquitur
1195 1403 1324 1459 Pontifex
1346 1402 1390 1471 63.
1418 1432 1455 1441 -

340 1493 484 1550 Pontificis
493 1505 537 1548 est
547 1494 683 1559 novam,si
698 1494 767 1546 utile
774 1492 1140 1562 judicaverit,Dioecesium
1154 1491 1452 1561 circumscriptionem

338 1601 473 1655 peragere
485 1582 578 1650 61-
592 1582 656 1635 Hae
677 1582 797 1649 litterae,
813 1580 912 1636 firmae
927 1599 962 1636 ac
980 1592 1061 1635 ratae
1074 1582 1233 1648 habendae,
1247 1580 1453 1634 illustrissimo

341 1674 375 1727 1).
389 1671 475 1726 Gossi
489 1670 673 1742 exequendae
685 1670 858 1723 mandantur
871 1672 887 1724 6
890 1670 961 1739 3-64.

373 1800 420 1849 13.
433 1797 643 1847 EPISTOLA
656 1799 698 1845 ad
712 1796 1038 1847 CardtnalesGallia'e
1048 1796 1089 1845 de
1098 1796 1196 1845 rebus
1204 1794 1354 1857 politicis.

338 1867 557 1921 3111111892.
1292 1877 1356 1931 pag.
1415 1860 1453 1915 66

375 2004 493 2058 Summo
506 2002 611 2071 gaudio
626 2003 793 2056 Pontificem
807 2001 959 2057 Antistites
968 2000 1082 2056 Galliae
1095 2001 1250 2057 affecerunt
1264 1998 1454 2055 assentiendo

340 2091 454 2144 Litteris
474 2090 636 2157 Encyclicis
657 2090 694 2143 de
715 2090 858 2159 praesenti
878 2090 1006 2144 Gallicae
1019 2088 1113 2157 gentis
1135 2089 1281 2157 regimine.
1303 2088 1398 2156 Magis
1422 2088 1453 2141 in

338 2176 400 2230 dies
419 2177 579 2245 profuturas
592 2178 645 2231 has
659 2177 781 2231 Litteras
794 2177 832 2230 ad
846 2178 966 2231 salutem
982 2178 1092 2232 Galliae
1116 2176 1245 2232 Pontifex
1262 2186 1367 2247 sperat,
1380 2174 1451 2233 licet

339 2281 357 2317 a
375 2264 518 2318 nonnullis
541 2263 644 2318 fuerint
666 2266 778 2318 turbato
799 2265 896 2318 animo
915 2266 1099 2335 impugnatae
1112 2266 1154 2319 66.
1169 2294 1203 2303 —-
1216 2265 1281 2319 Hoc
1300 2281 1369 2318 vero
1388 2280 1450 2318 non

338 2351 459 2405 mirum:
473 2367 529 2404 non
543 2350 621 2406 enim
633 2353 766 2405 omnibus
776 2350 874 2406 statim
888 2352 1019 2407 clarescit
1033 2351 1145 2420 veritas,
1158 2351 1186 2405 in
1200 2352 1301 2405 mediis
1316 2351 1452 2421 reipubli-

338 2455 390 2491 cae
401 2438 562 2493 turbinibus
575 2438 621 2494 66.
641 2470 676 2479 -
690 2440 833 2493 Memorat
849 2439 979 2493 Pontifex
993 2456 1024 2493 se
1043 2440 1098 2493 hoc
1111 2439 1166 2494 sibi
1180 2440 1371 2510 proposuisse,
1381 2437 1450 2493 illas

340 2526 462 2579 Litteras
482 2524 642 2593 scribendo,
663 2535 693 2578 ut
714 2526 861 2581 exstinctis
884 2526 1007 2593 politicis
1027 2526 1261 2594 dissentionibus,
1283 2524 1452 2595 viribusque

341 2613 494 2665 concordia
506 2611 606 2678 auctis,
621 2611 721 2665 Fidem
735 2611 764 2665 in
784 2612 877 2666 Gallia
891 2620 1022 2667 tueantur
1036 2629 1135 2667 omnes
1154 2612 1237 2666 simul
1251 2612 1399 2679 Catholici,
1420 2622 1451 2669 et

340 2698 449 2752 cordati
472 2700 548 2753 cives
568 2698 708 2765 1617.-
731 2700 774 2752 Ex
794 2717 828 2753 eo
847 2700 894 2753 die
913 2716 970 2771 11ο
987 2700 1110 2755 Litterae
1124 2700 1296 2769 prodierunt,
1309 2700 1450 2755 audacius

341 2785 463 2855 grassati
477 2797 543 2840 sunt
558 2785 705 2840 Ecclesiae
720 2786 826 2853 hostes,
840 2804 928 2855 quum
944 2787 1013 2840 nihil
1027 2786 1170 2857 antiquius
1183 2788 1308 2842 habeant
1318 2804 1404 2857 qnam
1419 2798 1452 2842 ut

342 2873 527 2928 christianam
547 2872 712 2941 religionem
725 2876 753 2927 in
772 2874 867 2928 Gallia
880 2885 1009 2929 evertant
1022 2877 1065 2942 67.
1079 2904 1113 2913 -
1127 2876 1235 2929 Senon
1249 2877 1376 2944 potuisse
1388 2892 1450 2931 non

341 2960 418 3030 loqui
431 2960 492 3013 fuse
509 2960 636 3013 Pontifex
650 2962 784 3028 ostendit,
798 2961 961 3015 memoratis
982 2960 1132 3030 impiorum
1146 2961 1293 3016 hominum
1306 2962 1335 3016 in
1349 2962 1452 3019 Eccle-

342 3046 414 3099 siam
424 3045 534 3099 insidiis
542 3056 570 3099 et
580 3045 791 3099 Catholicorum
802 3048 867 3100 inde
881 3046 1198 3114 angustiis,praesertim
1207 3047 1286 3101 cleri:
1296 3048 1361 3101 huic
1370 3048 1452 3103 enim

341 3134 453 3186 animus
466 3145 526 3187 erat
539 3134 686 3202 augendus
700 3150 757 3203 quo
774 3132 862 3187 libere
881 3132 996 3188 doceret
1021 3134 1134 3189 Fideles
1148 3133 1286 3204 obsequia
1304 3145 1363 3188 tum
1385 3136 1453 3191 Deo

341 3234 402 3276 tum
415 3221 590 3292 principibus
603 3222 776 3291 praestanda
797 3220 888 3287 67-68.
900 3250 936 3263 -
947 3223 998 3291 Jus
1012 3222 1065 3277 sibi
1080 3240 1098 3275 1
1112 3223 1176 3279 Deo
1197 3212 1297 3278 datum
1316 3222 1452 3295 docendi,

343 3295 484 3377 hortandi,
497 3309 633 3365 monendi
654 3310 783 3363 Pontifex
801 3309 937 3377 vindicat,
950 3310 1027 3380 quod
1049 3310 1177 3365 minuere
1197 3311 1325 3364 nonnulli
1346 3310 1454 3367 frustra

344 3399 438 3453 conati
452 3409 526 3466 sunt,
539 3398 750 3452 distinctionem
771 3398 879 3451 causati
899 3415 959 3453 rem
978 3398 1142 3467 religiosam
1162 3398 1236 3452 inter
1248 3410 1276 3453 et
1295 3397 1453 3469 politicam.

347 3487 401 3539 Pro
423 3486 482 3553 jure
502 3503 554 3541 suo
581 3485 649 3553 egit,
673 3501 726 3539 nec
752 3500 879 3554 unquam
907 3485 1001 3539 officio
1031 3484 1119 3541 deerit
1148 3500 1200 3538 suo
1224 3485 1267 3539 68.
1298 3513 1334 3523 -
1365 3486 1454 3540 Viam

344 3574 446 3628 iterum
459 3573 564 3628 indicat
577 3590 633 3643 qua
653 3572 763 3627 Galliae
774 3572 885 3641 probati
899 3572 976 3627 cives
989 3573 1173 3629 concordiam
1186 3582 1246 3627 tam
1259 3574 1454 3630 necessariam

345 3660 418 3715 inter
441 3677 473 3713 se
501 3659 626 3714 stabilire
650 3660 764 3713 debent.
796 3662 828 3713 ln
854 3660 952 3730 primis
975 3670 1154 3730 praesentem
1180 3660 1303 3716 civitatis
1328 3662 1453 3718 formam

344 3758 454 3816 oportet
467 3764 568 3801 omnes
581 3757 746 3814 agnoscant.
762 3747 904 3801 Omnibus
918 3747 995 3801 enim
1009 3748 1116 3801 bonnm
1128 3749 1272 3817 publicum
1282 3750 1367 3804 debet
1386 3768 1454 3809 esse

345 3836 455 3904 privato
467 3833 570 3903 potius.
586 3835 698 3888 Bonum
711 3850 777 3887 vero
792 3834 935 3903 publicum
949 3835 1010 3888 sine
1021 3846 1163 3903 potestate
1174 3835 1248 3889 civili
1260 3852 1324 3891 esse
1334 3837 1432 3907 nequit
1446 3856 1454 3893 ι

345 3924 380 3977 iis
398 3939 477 3989 ergo,
496 3920 543 3991 qui
564 3938 694 3975 summae
714 3938 808 3974 rerum
829 3933 974 3991 praesunt,
994 3922 1163 3992 obsequium
1183 3934 1329 3993 praestare
1351 3940 1455 3981 omnes

345 4011 449 4064 debent
470 4010 560 4076 68-69.
584 4037 616 4047 -
639 4008 777 4063 Nonnulli
800 4011 844 4063 vel
868 4008 941 4063 inter
962 4010 1126 4064 Catholicos
1147 4012 1269 4065 Litteras
1283 4010 1457 4081 Encyclicas

346 4098 421 4150 haud
439 4106 516 4149 recte
530 4094 704 4165 interpretati
725 4108 790 4149 sunt
804 4098 847 4163 69.
859 4126 893 4136 -
907 4098 1064 4151 Attendant
1084 4097 1123 4151 illi
1139 4098 1231 4166 ipsam
1244 4098 1358 4169 quidem
1373 4111 1457 4168 pote·

347 4196 450 4241 statem
464 4182 576 4238 civilem
588 4200 652 4238 esse
665 4201 682 4237 a
698 4186 769 4251 Deo,
780 4201 836 4237 non
852 4203 918 4239 vero
931 4187 968 4239 ab
983 4186 1027 4238 Eo
1041 4186 1220 4255 praefinitum
1234 4184 1321 4241 fuisse
1335 4188 1457 4245 modum

348 4274 385 4325 ab
399 4288 455 4325 uno
475 4270 512 4326 ad
533 4271 620 4325 aliurn
641 4271 799 4340 principem
813 4271 961 4343 imperium
981 4272 1179 4341 transferendi,
1200 4289 1253 4327 nec
1271 4274 1459 4343 designatam

348 4363 469 4416 formam
483 4361 607 4431 aliquam
620 4360 751 4429 civitatis,
762 4371 809 4415 aut
822 4378 959 4431 personas
973 4362 1026 4432 ipsi
1041 4362 1248 4433 praeficiendas
1254 4364 1297 4432 69.
1310 4392 1344 4403 —
1360 4366 1459 4423 Muta-
