3117 4859
293 316 494 371 nonanus
522 317 824 371 uccnusrasrucrs
851 320 893 369 ru
920 318 1096 371 nanuum.
1178 300 1250 387 263

141 468 308 532 iuventuti
324 469 415 551 large
425 469 596 553 effuseque
612 472 830 553 impertiatur.
841 469 930 533 Turn
944 470 1160 553 physicarum
1173 471 1252 532 doc·
1347 496 1362 527 1

141 573 304 637 trinarum
329 575 440 638 studia
463 596 503 638 ne
535 574 770 657 negligantur;
801 594 891 651 narn,
922 572 1250 657 praeterquamquod
1314 541 1394 657 itii!

139 686 238 740 tanto
255 697 343 741 nunc
368 688 445 743 sunt
473 682 506 743 in
525 681 642 762 pretio,
667 680 746 744 inde
771 680 985 761 potissimum
1009 678 1251 742 catholicorum
1276 708 1413 771 „mm

141 780 341 863 dogmatum
357 802 471 845 osores
497 792 697 865 argumenta
722 792 844 865 petunt
862 783 904 846 ad
923 781 1057 845 illorum
1073 782 1250 845 veritatem
1275 773 1425 889 giff-

140 884 408 965 debilitandam
433 896 639 971 quapropter
665 887 854 949 cavendum
878 906 919 949 ne
947 886 980 948 in
1012 905 1108 948 sacro
1134 886 1250 948 ordine
1320 856 1428 955 lindin-

141 987 373 1053 desiderentur
394 991 462 1072 qui,
477 991 519 1053 ad
545 989 737 1053 huiusmodi
769 989 894 1052 bellum
916 989 1109 1071 prudentes,
1125 989 1250 1051 eisdem
1275 971 1426 1100 {ami

142 1092 288 1173 ipsorum
306 1094 407 1157 armis
432 1095 639 1157 adversarios
654 1094 810 1157 homines
826 1103 989 1170 evertant,
1005 1113 1133 1157 errores
1157 1091 1251 1157 relel-
1276 1116 1326 1177 que,
1346 1118 1427 1180 quum

141 1198 220 1259 lant.
249 1197 395 1261 Demum
428 1219 515 1281 quae
541 1218 647 1281 nuper
672 1199 713 1262 de
740 1198 872 1262 biblicis
899 1198 1022 1262 studiis
1055 1198 1252 1261 excolendis
1277 1174 1428 1296 mm

140 1300 310 1367 ediximus
341 1300 494 1383 religiose
524 1302 765 1367 custodiantur.
799 1303 896 1366 Haec
920 1302 947 1364 si
976 1303 1201 1384 praestabitis,
1217 1310 1250 1365 et
1275 1298 1424 1411 “lganff

140 1404 248 1467 clerus
264 1404 395 1468 florebit
421 1405 547 1469 honore
570 1427 631 1470 suo
654 1417 687 1470 et
705 1406 875 1469 Ecclesiae
892 1405 964 1469 laus
989 1405 1149 1482 manebit,
1164 1424 1251 1487 quae
1275 1369 1428 1493 mmai}

140 1527 273 1587 semper
287 1510 493 1589 optimorum
517 1510 705 1573 studiorum
722 1510 850 1573 fautrix
872 1518 906 1572 et
931 1509 1033 1572 altrix
1061 1519 1112 1573 est
1134 1508 1251 1571 habita
1274 1493 1411 1607 miss*

139 1632 281 1695 vereque
293 1614 450 1679 habenda
461 1626 528 1680 est:
541 1617 635 1680 vobis
645 1627 817 1698 praeterea
829 1615 942 1679 idonei
953 1616 1107 1679 homines
1117 1624 1250 1697 praesto
1276 1624 1395 1700 Parrasia

140 1729 246 1795 erunt,
261 1723 327 1801 qui,
347 1720 457 1784 vocati
474 1722 507 1785 in
524 1730 654 1803 partem
683 1722 858 1785 ministerii
875 1721 987 1797 vestri,
1011 1740 1136 1802 magno
1154 1719 1250 1783 vobis
1274 1689 1364 1738 (Μ’

139 1826 331 1889 erudiendis
354 1827 488 1909 populis
509 1827 693 1911 pietatique
717 1825 881 1890 fovendae
899 1828 974 1891 usui
999 1825 1101 1889 futuri
1125 1826 1192 1888 sint
1215 1832 1250 1888 et

138 1929 346 1995 adiumento

185 2033 258 2095 Iarn
274 2034 426 2112 alterum,
440 2036 529 2118 quod
546 2036 642 2099 vobis
658 2034 776 2098 intime
792 2034 947 2099 volumus
963 2032 1249 2109 commendatum,
1320 2061 1348 2105 ,ο
1358 2058 1426 2119 opu.

140 2136 222 2199 iliud
240 2146 290 2202 est
306 2148 343 2202 ut
359 2139 512 2202 curiones
527 2139 690 2221 paroeciis
707 2138 867 2221 regundis
894 2137 1246 2220 praeficianturquam
1270 2121 1409 2252 ἕὲῒβὲᾗ

138 2240 197 2321 qui
214 2241 342 2321 optimi.
359 2242 495 2306 Etenim
518 2244 575 2325 qui
603 2244 645 2306 ad
674 2241 737 2305 hoc
763 2261 894 2320 munus,
909 2241 1037 2305 honore
1061 2240 1196 2322 quidem
1214 2246 1248 2302 et
1273 2254 1426 2317 scoptcura-

138 2344 338 2407 auctoritate
349 2343 485 2427 plenum
498 2357 533 2409 at
544 2346 682 2409 salebris
694 2346 849 2427 curisque
859 2344 999 2427 plenius,
1011 2343 1248 2426 provehuntur,
1274 2326 1426 2448 &W

138 2448 160 2508 ii
184 2458 273 2524 sunt,
288 2468 373 2530 quos
399 2450 462 2514 sibi
488 2449 649 2534 Episcopi
672 2449 849 2532 pastolaris
876 2448 1111 2513 sollicitudinis
1138 2448 1247 2512 socios
1273 2451 1379 2528 caudas,

137 2553 336 2634 adiungunt,
362 2554 550 2643 quibusque
580 2555 767 2637 praecipuis
800 2564 941 2618 utuntur
966 2555 1177 2619 adiutoribus
1203 2553 1253 2617 ad
1273 2523 1424 2643 itm?

138 2654 404 2735 informationem
428 2678 539 2721 aarum
565 2659 625 2740 qui
641 2658 770 2723 Christo
793 2657 930 2721 credunt
952 2657 988 2719 in
1015 2658 1120 2720 uitam
1145 2665 1246 2720 aeter·
1271 2648 1409 2761 mg?

138 2779 217 2821 uam
233 2760 287 2843 (¹).
303 2760 466 2825 Curiones
483 2782 629 2843 namque
645 2762 708 2826 sibi
726 2761 880 2827 Christus
895 2761 1036 2825 assumit
1060 2770 1096 2825 ut
1117 2761 1247 2842 vigilias
1272 2764 1392 2841 reumque

138 2861 253 2925 fideles
269 2864 407 2944 agitent,
420 2884 461 2927 ne
477 2865 621 2947 populus
634 2864 699 2927 Dei
715 2873 851 2928 sanctus
867 2863 1086 2946 impressione
1097 2865 1245 2928 hostium
1273 2847 1422 2900 onomat,

138 2966 343 3049 periclitetur
359 2987 397 3030 ac
413 2969 652 3032 detrimentum
668 2968 788 3050 capiat.
800 2967 1002 3031 Animarum
1015 2967 1119 3032 veluti
1136 2978 1248 3049 patres

138 3072 396 3145 constituuntur,
427 3092 513 3151 quae
543 3072 586 3134 ad
617 3074 799 3152 imaginem
833 3071 1029 3136 Conditoris
1060 3071 1169 3134 sactae
1196 3070 1249 3153 (²),

137 3188 261 3259 emptae
274 3188 354 3241 sunt
364 3178 433 3241 Deo
447 3188 478 3241 at
490 3180 520 3241 Α
520 3200 587 3261 gno
600 3200 662 3241 roan
676 3179 941 3259 corruptibilibus
952 3200 1034 3242 auro
1044 3179 1100 3241 val
1107 3187 1249 3261 argento,
1324 3234 1335 3243 .

137 3282 342 3363 sedpratioso
357 3284 517 3364 sanguine
532 3284 631 3365 quasi
642 3283 725 3365 agni
746 3283 952 3345 immaculati
968 3280 1096 3348 Christi
1109 3281 1167 3364 (3);
1192 3301 1248 3343 eas

139 3387 241 3467 igitur
257 3387 377 3450 iterum
386 3388 585 3469 parturiant
599 3397 741 3469 oportet,
756 3388 1032 3473 donccsormetur
1047 3385 1198 3451 Christus
1213 3384 1248 3449 in

140 3488 209 3554 illis
224 3490 274 3572 (⁴).
296 3490 451 3554 Pastores
466 3501 553 3567 sunt,
568 3491 635 3573 qui,
651 3492 715 3555 nisi
731 3492 764 3554 in
791 3491 1003 3555 mercenariis
1028 3491 1154 3552 censeri
1178 3509 1247 3552 ma·

139 3596 211 3685 lint,
227 3595 352 3659 debent
367 3615 447 3658 oves
464 3614 540 3658 suas
561 3615 752 3677 agnoscere,
767 3596 860 3659 verbi
877 3595 942 3659 Dei
968 3594 1093 3675 pabulo
1115 3596 1248 3674 nutrire,

139 3709 425 3763 sacramentorum
451 3700 619 3783 praesidio
651 3701 837 3778 instruere;
867 3698 1015 3781 laetique
1046 3699 1108 3782 ipsi
1140 3698 1248 3762 forma

137 3805 260 3887 gregis,
274 3804 426 3869 habentes
441 3804 631 3886 mysterium
656 3805 747 3870 verbi
770 3806 806 3868 in
827 3804 1119 3886 conscientiapuro
1135 3804 1186 3887 (5),
1202 3806 1249 3868 sic

139 3910 273 3992 plebem
290 3910 454 3974 creditam
483 3910 706 3988 moderentur,
722 3919 759 3973 ut
775 3909 935 3992 Apostoli
963 3909 1064 3973 verba
1090 3929 1249 3991 usurpare

138 4014 291 4097 possint:
308 4012 495 4076 [miratores
510 4012 575 4075 mei
588 4022 691 4089 astate,
706 4013 792 4076 sicut
805 4020 837 4075 et
850 4033 906 4094 rgo
924 4010 1105 4093 Christro).
1120 4012 1250 4076 Postre-

141 4136 234 4181 mum
263 4117 459 4199 angelorum
488 4116 563 4180 loco
589 4116 756 4179 habentur
784 4117 912 4192 merito,
928 4136 1012 4197 quos
1036 4116 1140 4178 mittit
1157 4116 1249 4178 Deus

306 4237 430 4244 ..fl-m..-

173 4284 193 4317 1.
206 4272 222 4317 I
235 4272 432 4323 Tim.,t.16.—
448 4285 469 4316 2.
483 4271 566 4327 Apta,
580 4280 635 4321 xlv.
648 4284 669 4326 4.
685 4294 715 4303 -
730 4270 990 4327 3.lPetr.,1‚18.—
1007 4284 1029 4325 4.
1045 4270 1112 4322 Gal„
1125 4278 1159 4320 lv.
1174 4282 1208 4326 19.
1221 4292 1251 4302 -

141 4350 163 4397 5.
177 4339 191 4382 Ι
206 4340 280 4391 Tim,
292 4348 330 4390 111,
343 4354 364 4395 9.
378 4363 407 4371 —
423 4340 443 4383 6.
460 4338 548 4388 [Cor.¹
562 4346 616 4388 xlv.
632 4339 666 4383 16.
