3117 4859
115 950 147 999 1.
158 921 399 999 anaocurro
411 948 455 999 aa
468 946 593 997 caman
606 946 747 1007 opinare
758 969 794 980 -
810 942 847 995 ru
860 944 944 1005 sepa
961 943 1046 995 1891.
1059 956 1124 1009 pag.
1181 953 1196 1007 3

116 1070 233 1128 Galliae
244 1070 362 1139 opifices
374 1071 460 1126 tertio
468 1070 529 1140 jam
543 1071 654 1126 Romae
666 1069 705 1125 ad
718 1068 817 1124 sedern
831 1068 1021 1139 apostolicam
1035 1084 1195 1139 congrega·

80 1175 136 1231 tos,
149 1170 321 1230 gratumque
340 1167 506 1230 promentes
523 1160 651 1213 animum
664 1159 701 1213 ob
722 1158 833 1214 litteras
855 1157 1017 1225 encyclicas
1038 1156 1076 1212 de
1097 1156 1197 1213 condi·

79 1250 163 1304 tione
172 1247 308 1318 opificum
319 1247 679 1318 nuperasepromulgatas
699 1247 830 1303 Pontifex
840 1246 947 1315 laudat,
954 1256 1041 1317 atque
1057 1256 1198 1301 memorat

79 1355 112 1394 se
124 1336 176 1392 his
188 1336 289 1392 litteris
307 1333 385 1389 viam
405 1335 506 1391 salutis
528 1346 706 1391 monstrasse
727 1335 756 1388 in
775 1334 920 1405 praesenti
935 1350 1028 1389 rerum
1050 1334 1197 1404 perturba·

79 1428 164 1482 tione
180 1444 189 1491 ;
209 1425 310 1478 nonin
328 1422 399 1479 solis
420 1423 532 1493 legibus
545 1421 685 1489 civilibus,
699 1422 751 1478 sed
771 1423 801 1476 in
824 1423 879 1477 hoc
896 1421 1049 1493 praecipue
1072 1422 1196 1477 salutem

79 1514 280 1587 quaerendam
293 1528 357 1567 esse
369 1512 492 1567 affirmat
509 1521 540 1567 ut
548 1510 677 1582 justitiae
689 1527 789 1567 amore
807 1522 894 1581 atque
906 1510 1047 1566 charitate
1059 1511 1193 1577 fraterna,

78 1612 198 1659 mentes
218 1600 368 1655 hominum
389 1600 566 1665 imbuantur,
591 1600 712 1669 Deoque
733 1600 932 1669 obsequantur
951 1608 980 1653 et
1002 1598 1153 1655 Ecclesiae
1171 1616 1196 1665 4.

78 1718 114 1729 -
128 1686 317 1744 Salutiferam
331 1688 360 1741 S.
378 1686 462 1741 Sedis
479 1686 516 1742 de
527 1685 664 1758 opificum
676 1684 844 1741 conditione
856 1684 1018 1741 doctrinam
1032 1697 1092 1740 tum
1103 1686 1195 1755 priva-

78 1791 125 1834 tos
138 1789 204 1832 tum
216 1775 361 1847 principes
373 1776 532 1831 attendisse
547 1776 653 1846 gaudet
667 1775 811 1841 Pontifex,
825 1763 975 1845 ipsamque
994 1790 1025 1829 re
1036 1791 1195 1845 exsequen-

79 1868 151 1921 dam
163 1863 298 1918 omnibus
318 1861 401 1918 enixe
421 1863 606 1919 commendat
621 1877 643 1933 5.
662 1892 697 1902 -
711 1861 840 1933 Opifices
854 1862 989 1915 admonet
1003 1861 1099 1915 Deum
1112 1878 1195 1918 sacra

79 1953 137 2021 ipsi
156 1950 215 2012 die,
227 1950 275 2019 pie
293 1950 399 2017 colant,
410 1959 527 2004 strenue
544 1949 684 2015 laborent,
697 1948 823 2004 dominis
836 1947 894 2002 sint
906 1944 1023 2014 subditi,
1042 1963 1196 2016 pravorum

79 2037 292 2095 consuetudine
308 2035 472 2092 abstineant
485 2038 534 2108 qui
554 2036 765 2092 socialistarum
784 2035 902 2091 nornine
920 2034 1108 2105 pessumdant
1122 2050 1195 2089 rem·

80 2126 238 2198 publicam,
250 2126 344 2181 bonos
362 2142 431 2181 vero
444 2135 597 2193 sectentur,
609 2126 738 2197 ipsorum
757 2124 857 2179 salutis
875 2122 1115 2191 studiosissimos,
1125 2122 1194 2178 libe·

80 2233 128 2270 ros
141 2213 309 2292 christianis
322 2214 450 2268 moribus
461 2213 635 2269 imbuendos
654 2222 755 2268 curent
769 2214 822 2282 5-6.
837 2240 870 2251 —
884 2210 1083 2266 Tenerrimum
1102 2226 1195 2275 suum,

82 2300 191 2357 Christi
210 2299 355 2369 exemplo,
373 2299 501 2355 animum
520 2299 626 2371 promit
645 2298 777 2355 Pontifex
796 2299 825 2353 in
847 2298 969 2353 humiles
988 2313 1023 2353 ac
1043 2313 1193 2370 pauperes.

81 2386 236 2442 Benedicit
248 2388 274 2441 6.

115 2528 148 2579 2.
172 2526 382 2580 narsrora
408 2528 654 2581 nucrcarca
679 2528 720 2580 ue
745 2530 886 2580 nosarro
907 2529 1050 2579 marran.
1072 2552 1107 2564 -

79 2616 377 2680 aaseparam...
1059 2628 1123 2683 pag.
1180 2625 1196 2676 7

118 2752 270 2807 Publicam
278 2751 470 2809 sacratissimi
482 2753 594 2807 Rosarii
603 2753 900 2825 recitationem,quam
909 2750 1103 2823 superioribus
1113 2749 1197 2805 annis

82 2838 167 2898 enixe
179 2840 312 2895 Pontifex
331 2839 551 2909 commendavit,
564 2841 620 2895 hoc
632 2857 709 2897 anno
721 2840 906 2897 commendat
925 2836 1087 2905 instantius,
1104 2836 1197 2907 ingra-

81 2927 268 2983 vescentibus
285 2927 496 2983 calamitatibus
514 2928 672 2997 Ecclesiae,
697 2929 743 2984 cui
764 2927 882 2997 quidem
902 2929 983 2983 labor
1004 2941 1057 2995 pro
1075 2925 1197 2979 veritate

82 3016 162 3071 omni
182 3017 299 3072 saeculo
310 3016 445 3088 frequens
463 3017 515 3072 luit
536 3027 623 3088 atque
635 3015 858 3087 gloriosissimus
872 3030 896 3081 7.
911 3044 946 3054 -
958 3012 1084 3070 Assiduo
1099 3023 1196 3067 tamen

82 3106 241 3160 certamine
258 3105 364 3159 multas
389 3104 481 3176 perire
503 3120 573 3161 oves
590 3105 693 3160 Pastor
709 3104 796 3172 dolet,
818 3102 1038 3174 praesentisque
1058 3101 1197 3171 temporis

82 3192 161 3247 mals
171 3208 208 3247 ex
218 3208 256 3247 eo
269 3202 332 3247 orta
343 3208 409 3247 esse
421 3191 490 3248 dicit
502 3194 580 3264 quod
589 3193 715 3248 societas
734 3190 827 3247 civilis
845 3190 1008 3247 Ecclesiam
1021 3187 1092 3244 nihil
1106 3200 1194 3245 curat.

82 3279 207 3335 Multum
215 3279 299 3349 proin
308 3280 450 3335 orandum
459 3296 511 3351 pro
531 3280 681 3336 Ecclesiae
694 3278 828 3334 libertate
837 3289 867 3334 et
877 3279 969 3334 salute
982 3278 1111 3349 gentium
1125 3275 1150 3330 8.
1159 3302 1195 3313 -·

83 3368 251 3424 Discrimeo
275 3368 409 3438 proponit
433 3370 511 3425 viam
535 3370 611 3425 inter
635 3370 741 3425 saeculi
769 3380 798 3425 et
818 3367 989 3424 Ecclesiae:
1020 3367 1094 3422 haec
1120 3366 1193 3433 Deo,

83 3457 230 3512 saeculnm
243 3455 416 3527 sibimetipsi
430 3456 459 3512 in
472 3457 631 3513 laborando
643 3458 761 3513 confidit
772 3458 797 3513 8.
810 3487 846 3497 -
860 3453 1094 3512 Potentissimam
1108 3470 1194 3524 opem

83 3544 142 3598 Dei
149 3543 308 3615 implorare
322 3542 478 3599 Christiani
486 3561 600 3614 semper
609 3545 789 3613 studuerunt,
798 3553 897 3599 exorto
910 3542 1080 3613 praesertim
1094 3541 1193 3597 Eccle-

83 3630 144 3685 siae
164 3632 210 3685 vel
244 3630 354 3685 Summi
380 3630 508 3686 Pastoris
541 3631 677 3702 periculo.
710 3632 827 3687 Petrum
858 3639 999 3685 memorat
1029 3645 1045 3682 e
1073 3626 1194 3683 vinculis

82 3718 121 3773 ab
139 3720 261 3790 Angelo,
283 3718 431 3773 orantibus
451 3719 607 3786 Fidelibus,
631 3720 793 3788 liberatum,
812 3718 1032 3790 exemplumque
1060 3717 1194 3788 proponit

83 3804 241 3863 salvatoris
254 3805 393 3876 prolixius
405 3808 434 3860 in
450 3807 637 3863 Gethsernani
650 3809 733 3863 horto
747 3806 857 3862 orantis
876 3821 902 3875 9.
911 3834 947 3847 -
960 3805 1007 3861 Ad
1021 3806 1054 3860 B.
1069 3804 1193 3861 Mariam

82 3890 221 3960 virginem
229 3910 282 3963 per
294 3910 394 3964 preces
407 3894 610 3950 recurrendum
622 3893 734 3963 suadet,
746 3893 891 3967 siquidem
911 3894 1001 3961 Deus,
1017 3909 1119 3948 omnes
1131 3909 1194 3962 gra·

85 3976 142 4032 tias
164 3981 250 4035 nobis
270 3996 322 4052 per
347 3982 427 4036 illam
452 3981 594 4050 concedit,
618 3980 776 4037 infirmitati
799 3981 955 4037 consulens
975 3990 1101 4047 nostrae,
1126 3980 1195 4033 dum

86 4066 162 4135 apud
169 4067 279 4136 justum
288 4068 418 4138 judicem
434 4069 605 4133 advocatam
617 4069 702 4123 uobis
715 4069 841 4139 providit
850 4086 908 4124 non
921 4066 1024 4123 minori
1038 4066 1193 4139 pollentem

85 4153 177 4221 gratia
198 4158 275 4224 apud
297 4156 406 4226 Ipsum,
418 4172 506 4226 quam
528 4156 557 4211 in
579 4172 671 4226 genus
690 4156 850 4212 humanum
863 4156 1061 4212 misericordia
1074 4170 1146 4223 9·10.
1159 4182 1194 4193 -

88 4242 185 4311 Ipsam
204 4241 260 4299 Dei
271 4245 478 4315 hominumque
497 4246 621 4301 Matrem
633 4246 774 4316 Apostoli,
790 4244 938 4301 Ecclesiae
949 4246 1058 4313 Patres,
1071 4243 1196 4312 indeque

120 4390 140 4422 1.
158 4378 232 4426 Index
239 4384 393 4429 materiarum
404 4383 575 4440 alphabeticus
584 4394 654 4429 sexto
664 4385 779 4429 volumini
791 4385 937 4429 subiicietur.
