3117 4859
262 379 313 428 DE
339 377 528 430 COLLEGIO
555 376 763 429 HISPANICO
791 379 833 429 IN
860 379 971 431 URBE.
1108 377 1177 451 197

631 484 671 490 ——
971 486 1177 497 ...Ἦ-ψ.-

72 540 218 613 tempore
243 529 443 613 Apostolica
475 529 591 606 Sedes,
617 530 836 614 animumque
863 532 1014 595 studiose
1044 532 1179 611 adiecit,
1265 555 1296 600 ²5

72 634 154 698 civili
169 644 339 716 potestate
365 634 605 712 consentiente,
624 634 666 697 ad
692 653 743 697 res
768 635 1012 700 ecclesiasticas
1039 656 1177 719 compo-
1242 602 1315 718 5823.

75 740 204 815 nendas,
235 760 320 823 quas
345 758 540 822 praegressa
567 746 754 821 tempestas
781 738 974 818 afflixerat;
1001 742 1177 822 potissima
1203 776 1329 820 nantem-

73 863 144 905 vero
156 844 229 905 eius
245 862 323 907 cura
340 842 403 907 suit
414 845 456 906 de
468 842 669 907 'Seminariis
693 844 912 922 dioecesanis,
926 864 1013 926 quae
1040 845 1177 926 quidem
1203 836 1267 949 ἔξω
1282 836 1354 885 “¹¹¹²

73 946 162 1027 quasi
178 945 352 1010 domicilia
369 946 505 1028 pietatis
529 956 634 1029 atque
659 947 857 1012 eruditionis
873 948 906 1010 in
923 955 1051 1011 statum
1068 948 1178 1031 pristi·
1252 939 1258 949 ¹

73 1070 146 1112 num
171 1050 313 1128 restitui,
329 1050 485 1132 privatim
515 1071 553 1115 ac
571 1050 704 1132 publice
730 1051 898 1116 intererat.
927 1051 1035 1114 Vobis
1062 1064 1176 1116 tamen

73 1154 281 1233 exploratum
308 1163 368 1229 est,
396 1173 465 1216 rem
497 1174 564 1217 non
590 1154 729 1218 omnino
756 1156 895 1218 cessisse
926 1176 971 1218 ex
1001 1155 1178 1222 sententia.

74 1256 186 1340 Neque
202 1258 292 1321 enim
309 1266 361 1321 sat
378 1257 512 1339 amplae
527 1258 754 1342 suppetebant
769 1278 872 1340 opes:
888 1278 997 1342 neque
1012 1259 1099 1323 ratio
1110 1268 1178 1324 stu·

72 1360 195 1425 diorum
213 1369 346 1444 poterat
363 1360 396 1425 in
413 1381 507 1443 spem
524 1359 650 1443 gloriae
662 1358 882 1437 reflorescere,
891 1362 971 1444 quia
987 1361 1177 1444 Lyceorum

73 1472 215 1527 veterum
229 1463 383 1527 interitus
399 1462 572 1545 penuriam
590 1464 788 1528 idoneorum
802 1468 1038 1546 magistrorum
1052 1484 1177 1549 genuc-

74 1576 184 1631 rat-
201 1566 367 1633 Convenit
382 1568 519 1651 quidem
537 1568 622 1633 inter
641 1568 725 1631 duas
740 1574 916 1651 supremas
936 1577 1132 1651 potestates,
1141 1578 1178 1634 ut

73 1670 269 1753 quibusdam
286 1670 319 1734 in
336 1671 518 1754 provinciis
535 1667 724 1733 Seminaria
750 1669 976 1732 conderentur
994 1670 1178 1751 generalia,

74 1784 236 1857 potestate
252 1774 342 1839 facta
358 1783 395 1840 ut
411 1796 455 1839 ex
472 1792 587 1839 eorum
605 1772 759 1849 alumnis,
768 1772 827 1855 qui
840 1771 972 1855 plenius
984 1772 1177 1856 theologica

72 1879 293 1961 arripuissent,
309 1881 330 1941 ii
346 1879 391 1942 ad
407 1878 532 1962 gradus
548 1876 758 1940 academicos
772 1894 865 1938 more
877 1875 1041 1939 maiomm
1054 1875 1176 1941 admit·

72 1994 221 2049 terentur.
248 1983 287 2047 ld
315 1991 429 2046 tamen
457 1982 636 2066 quominus
667 1995 784 2059 reapse
814 1975 1038 2059 perficeretur,
1070 1977 1177 2043 multa

74 2086 310 2166 impedimento
325 2085 425 2162 fuere,
440 2083 607 2166 hodieque
622 2089 709 2143 sunt.
725 2116 768 2127 —
786 2076 913 2159 Erepto
929 2077 1030 2160 igitur
1047 2076 1176 2159 Lyceo·
1207 2142 1214 2154 ,

73 2208 138 2252 rum
154 2199 305 2254 veterum
322 2188 497 2271 praesidio¹
514 2187 620 2250 multa
645 2184 878 2248 desiderantur
901 2205 946 2249 ex
972 2184 1175 2249 adiumentis
1201 2142 1354 2257 mlum·

75 2292 119 2369 iis,
146 2294 217 2356 sine
244 2292 365 2376 quibus
394 2292 437 2354 ad
471 2290 643 2372 expletam
675 2287 949 2371 cumulatamque
977 2288 1174 2352 eruditionis
1200 2272 1351 2389 2⁰2³ss

75 2396 200 2461 laudem
216 2396 362 2478 aspirare
380 2390 643 2461 Clerusdifficile
659 2400 781 2474 potest,
809 2392 857 2454 ita
880 2402 917 2457 ut
943 2411 1011 2455 una
1038 2392 1081 2455 sit
1097 2412 1174 2474 pru·
1200 2405 1242 2454 sir.

75 2500 216 2564 dentium
233 2520 302 2563 vox
318 2510 351 2562 et
368 2498 543 2575 sententia,
559 2496 717 2559 accedere
732 2496 774 2559 ad
803 2496 968 2559 rationem
985 2496 1173 2559 studiorum

74 2603 103 2667 in
119 2602 312 2669 Seminariis
328 2602 506 2686 perfectius
534 2600 696 2683 quiddam
721 2609 756 2663 et
783 2599 986 2663 cumulatius
1009 2608 1174 2681 oportere.

75 2744 112 2755 —
127 2708 232 2792 Atqui
249 2708 283 2771 id
306 2708 455 2771 maxime
469 2705 577 2768 Nobis
600 2724 698 2768 curae
716 2713 775 2781 est,
791 2704 987 2786 praesertim
1015 2703 1175 2786 exempla
1237 2699 1372 2796 emptu?

74 2811 278 2876 decessorum
304 2811 504 2875 Nostrorum
536 2809 755 2886 intuentibus,
785 2808 842 2890 qui
874 2806 1001 2870 nullum
1028 2816 1175 2889 praeter·
1202 2786 1305 2835 '‘²⁰³¹''

75 2915 186 2979 misere
216 2916 326 2979 locum
353 2915 487 2978 favendi
515 2912 636 2977 studiis
659 2912 808 2994 optimis.
839 2912 878 2974 ln
911 2931 952 2975 eo
977 2921 1090 2975 autem
1123 2911 1175 2975 vel
1202 2853 1349 2965 ffiilmm

76 3022 216 3083 maxime
232 3020 340 3083 eluxit
358 3016 559 3083 Pontificum
585 3015 755 3081 excellens
782 3014 1002 3095 providentia,
1026 3014 1116 3097 quod
1140 3014 1174 3077 in
1201 2989 1344 3098 {mm

76 3122 155 3186 hanc
182 3126 290 3207 ipsam
319 3122 459 3200 Urbem,
486 3121 671 3203 principem
699 3117 854 3181 catholici
882 3117 1038 3194 nominis,
1063 3118 1176 3181 adole·
1198 3112 1354 3226 sunum·

75 3236 197 3291 scentes
212 3226 349 3291 clericos
365 3245 503 3309 peregre
519 3243 684 3287 arcessere
699 3232 803 3304 atque
818 3222 851 3283 in
869 3220 1021 3304 Collegia
1036 3241 1176 3304 congre·
1194 3177 1289 3291 ms

75 3348 148 3409 gare
162 3331 359 3407 studuerint,
374 3330 476 3413 idque
501 3329 627 3392 maiore
651 3346 730 3391 cura
741 3326 873 3410 quoties
899 3333 957 3390 aut
980 3326 1176 3391 adiumenta
1204 3308 1284 3424 {ff
1313 3306 1335 3356 ⁸²

76 3434 254 3499 studiorum
270 3434 352 3518 ipsis
368 3434 400 3497 in
419 3432 528 3515 patria
544 3432 709 3508 deessent,
725 3439 785 3495 aut
801 3430 930 3494 sanitas
946 3429 1178 3513 institutionis,

76 3536 198 3616 publice
214 3538 390 3621 repudiata
409 3536 582 3601 Ecclesiae
606 3534 791 3616 vigilantia,
821 3533 1072 3617 periclitaretur.
1100 3534 1177 3599 Hac

78 3640 115 3701 de
128 3661 244 3705 caussa
258 3640 432 3724 complura
449 3640 580 3704 Rornae
596 3637 732 3702 condita
745 3632 918 3721 Ephebea,
929 3658 998 3722 quo
1010 3637 1178 3704 confluere

78 3743 179 3809 solent
192 3745 236 3809 ad
252 3764 347 3809 sacra
360 3742 558 3809 instituendi
575 3740 808 3805 adolescentes
823 3741 943 3819 exteri,
957 3762 1000 3806 eo
1021 3742 1179 3808 videlicet

80 3848 243 3929 proposito
255 3858 292 3913 ut
303 3866 389 3930 quas
401 3847 433 3911 in
450 3848 544 3914 Urbe
556 3843 753 3926 collegerint
766 3844 892 3929 ingenii
902 3846 1074 3931 animique
1088 3868 1181 3933 opes,

78 3967 129 4013 eas
143 3952 333 4037 aliquando,
356 3952 543 4017 sacerdotio
559 3951 690 4029 initiati,
706 3953 739 4016 in
761 3972 977 4019 communem
1003 3954 1179 4021 conferant

79 4057 281 4137 popularium
298 4076 435 4120 suorum
452 4055 643 4121 utilitatem.
661 4055 738 4141 Qua
753 4077 798 4121 ex
815 4076 942 4121 recum
964 4057 1100 4124 abunde
1127 4080 1179 4125 sa·
1239 4093 1358 4146 Nonmct·

78 4154 194 4230 lutares
219 4158 347 4223 fructus
377 4159 564 4236 extiterint,
585 4160 747 4239 existant,
772 4160 912 4225 omnino
940 4160 1180 4246 Nosmetipsos
1206 4162 1294 4240 laipsf

77 4263 350 4347 operaepretium
366 4264 589 4328 iudicavimus
621 4263 776 4343 facturos,
792 4266 820 4329 si
847 4264 1014 4330 eiusmodi
1040 4266 1179 4331 domici·
1206 4226 1327 4342 ‘'lm‘'

80 4360 192 4431 liomm
208 4386 384 4432 numerum
400 4388 622 4451 augeremus:
638 4378 882 4453 proptereaque
891 4388 989 4433 suum
1006 4370 1179 4435 Armeniis
