3117 4859
349 351 402 401 Al)
428 351 534 423 rium
562 350 765 402 UNITATEM
792 351 1050 404 COHORTATIO.
1184 348 1255 421 279

137 520 215 605 filii
238 519 307 582 Dei
319 519 371 602 (¹).
388 520 446 585 Ad
462 521 549 583 hanc
565 520 741 598 unitatem,
756 540 844 603 quae
859 522 952 584 nullo
969 532 1122 604 tempore
1140 520 1254 582 Eccle·
1316 524 1405 612 153„

149 627 218 687 siae
242 625 427 690 catholicae
451 624 566 703 defuit,
581 644 644 687 nec
659 634 772 707 potest
788 626 856 689 ulla
872 626 1001 689 ratione
1016 627 1142 701 deesse,
1158 624 1256 685 sinite
1325 622 1399 687 1894·

148 738 187 794 ut
202 749 261 793 vos
277 729 466 807 invitemus,
482 730 711 810 dextramque
723 738 939 811 peramanter
952 732 1170 811 porrigamus.
1188 726 1258 791 Vos

150 833 313 909 Ecclesia,
326 834 516 897 communis
533 854 664 915 parens,
676 834 802 897 iamdiu
817 848 950 898 revocat
961 836 1003 897 ad
1017 855 1061 912 se,
1074 854 1133 897 vos
1145 833 1259 896 catho-

149 940 203 1003 lici
213 940 356 1003 universi
368 937 515 1018 fraterno
524 939 692 1002 desiderio
703 948 897 1020 expectant,
908 948 944 1001 ut
956 948 1071 1001 sancte
1084 938 1257 1001 nobiscum

149 1041 268 1105 colatis
294 1042 415 1118 Deum,
440 1043 540 1105 unius
556 1041 742 1124 Evangelii,
763 1043 862 1105 unius
879 1040 966 1119 fidei,
980 1043 1077 1103 unius
1094 1041 1164 1123 spei
1185 1060 1258 1121 pro·

151 1144 295 1207 iussione
309 1145 344 1207 in
360 1145 502 1210 caritate
517 1145 665 1226 perlecta
680 1145 858 1208 coniuncti.

194 1248 251 1312 Ad
280 1248 416 1333 plenum
444 1249 677 1332 optatissimae
705 1250 844 1341 unitatis
867 1261 1080 1326 concentum,
1097 1249 1259 1331 reliquum
1307 1256 1439 1335 'cumli-

150 1360 204 1414 est
219 1360 257 1414 ut
268 1353 310 1415 ad
327 1372 393 1430 eos,
409 1364 576 1436 quotquot
592 1364 666 1418 toto
678 1355 759 1417 orbe
768 1364 858 1430 sunt,
869 1354 1134 1435 transgrediatur
1146 1354 1262 1430 oratio,
1282 1330 1439 1453 1(ζῇᾜῆ

153 1474 294 1536 quorum
318 1456 351 1518 in
377 1456 487 1520 salute
501 1458 559 1521 diu
576 1457 738 1539 evigilant
754 1477 853 1519 curae
868 1457 1158 1539 cogitationesque
1174 1455 1262 1519 Nos·
1289 1442 1349 1501 ‘'alis
1360 1468 1420 1501 ‘02²⁸-

151 1568 246 1622 trae:
271 1559 456 1623 catholicos
480 1560 710 1642 intelligimus,
726 1580 812 1642 quos
829 1580 988 1623 romanae
1006 1559 1168 1641 professio
1186 1557 1262 1621 tidei
1283 1526 1407 1633 {212ss

152 1662 202 1726 uti
225 1662 419 1727 obedientes
445 1664 524 1727 iacit
550 1664 771 1746 Apostolicae
799 1663 889 1741 Sedi,
906 1666 951 1726 ita
968 1673 1061 1727 tenet
1077 1680 1154 1727 cum
1174 1664 1261 1728 IESU
1290 1646 1439 1727 ΨΜ·
1475 1650 1478 1655 ¹

153 1768 324 1835 CHRIS'ro
339 1770 547 1836 coniunctos.
565 1768 643 1837 Non
660 1771 682 1832 ii
699 1771 835 1852 quidem
853 1770 895 1831 ad
913 1789 1025 1832 veram
1044 1779 1262 1851 sanctamque
1289 1730 1431 1844 crllll'llllm

151 1874 318 1937 unitatem
334 1875 542 1951 cohortandi,
553 1876 679 1956 quippe
689 1875 783 1937 cuius
796 1875 864 1936 iam
876 1883 963 1949 sunt,
976 1874 1090 1935 divina
1103 1873 1262 1957 bonitate,
1285 1915 1289 1925 -

156 1987 354 2058 compotes:
370 1978 529 2041 monendi
546 1989 659 2041 tamen
678 1998 730 2055 ne,
745 1977 1000 2059 ingravantibus
1016 1977 1163 2058 undique
1179 1977 1263 2057 peri-

155 2080 249 2154 culis,
282 2098 452 2143 summum
485 2082 550 2144 Dei
583 2081 780 2145 beneficium
812 2081 966 2143 socordia
996 2089 1098 2161 atque
1130 2081 1263 2161 ignavia

151 2194 377 2267 corrumpant.
394 2222 438 2234 -
454 2186 566 2249 Huius
583 2186 628 2249 rei
645 2188 763 2269 gratia,
779 2206 865 2268 quae
883 2186 1090 2266 Nosmetipsi
1107 2186 1263 2267 gentibus
1329 2197 1431 2245 narum}

155 2287 331 2355 'catholicis
338 2288 391 2352 vel
403 2289 565 2353 universis
575 2289 628 2352 vel
641 2290 781 2371 singulis
793 2290 875 2352 alias
886 2291 1090 2353 documenta
1101 2288 1264 2365 dedimus,
1291 2261 1424 2391 {gqssdgffi

156 2408 203 2452 ex
229 2390 269 2452 iis
296 2391 467 2473 cogitandi
494 2392 684 2475 agendique
711 2412 864 2456 normam
893 2401 1083 2473 opportune
1108 2402 1263 2455 sumant:
1292 2394 1442 2469 clarumma-

156 2492 307 2575 llludque
333 2495 497 2575 imprimis
522 2496 613 2559 velut
629 2515 796 2559 summam
813 2495 877 2559 sibi
894 2494 1002 2577 legem
1021 2505 1179 2570 statuant,
1197 2516 1264 2558 ma·
1288 2460 1443 2589 fflffm'

153 2598 292 2680 gisterio
321 2600 582 2682 auctoritatique
613 2599 785 2664 Ecclesiae
817 2621 883 2664 non
911 2610 1063 2681 anguste,
1089 2622 1155 2664 non
1181 2598 1265 2663 diffi·
1292 2590 1426 2703 ξέῗζῖω

152 2701 283 2780 denter,
309 2704 366 2766 sed
394 2712 470 2767 toto
485 2704 600 2768 animo
615 2714 650 2767 ct
666 2704 851 2785 perlibente
868 2704 1042 2768 voluntate
1059 2705 1215 2769 omnibus
1231 2704 1263 2766 in
1293 2719 1425 2769 neantEc·

154 2804 255 2867 rebus
269 2825 342 2868 esse
358 2808 553 2887 parendum.
570 2843 613 2855 -
629 2805 707 2888 Qua
723 2808 756 2870 in
773 2828 809 2871 re
820 2807 971 2870 animum
986 2808 1173 2883 advertant,
1185 2806 1265 2869 illud
1293 2786 1430 2900 {mm

154 2927 259 2990 quam
283 2910 383 2973 valde
406 2913 451 2975 sit
478 2912 600 2975 unitati
616 2912 821 2974 christianae
837 2912 1071 2991 perniciosum,
1088 2912 1177 2992 quod
1195 2930 1268 2992 ger·
1294 2915 1435 2981 quaesere-

157 3033 293 3077 manam
320 3014 463 3079 formam
491 3016 731 3097 notionemque
757 3015 928 3079 Ecclesiae
943 3016 1054 3078 varius
1070 3017 1267 3097 opinionum
1294 2978 1447 3108 fflfffla

156 3138 250 3182 error
275 3120 401 3201 passim
418 3119 619 3194 obscuravit,
633 3120 767 3183 delevit.
785 3119 837 3182 Ea
853 3121 988 3200 quippe,
1006 3120 1069 3182 Dei
1087 3120 1269 3183 conditoris
1295 3111 1437 3225 wrm

156 3222 333 3287 voluntate
358 3243 411 3286 act
425 3224 525 3300 iussu,
548 3225 691 3287 societas
706 3234 758 3287 est
773 3244 896 3307 genere
913 3243 974 3286 suo
990 3223 1136 3303 perlecta
1153 3244 1161 3300 3
1177 3224 1269 3285 cuius
1297 3256 1426 3315 mamma

156 3321 303 3387 officium
335 3344 375 3386 ac
406 3342 528 3385 munus
558 3331 610 3387 est
640 3324 790 3386 imbuere
822 3324 1009 3405 praeceptis
1042 3322 1270 3403 institutisque
1296 3304 1447 3437 quem}

158 3425 361 3506 evangelicis
386 3444 492 3506 genus
508 3425 705 3502 humanum,
721 3428 913 3509 tuendaque
930 3427 1123 3507 integritate
1140 3444 1269 3488 morum
1297 3444 1337 3485 rus
1349 3437 1399 3484 rm-

158 3540 196 3593 et
211 3527 467 3592 christianarum
486 3531 730 3594 exercitatione
746 3532 920 3607 virtutum,
936 3533 978 3593 ad
996 3550 1081 3609 eam,
1098 3550 1183 3612 quae
1200 3530 1271 3591 uni·
1297 3500 1450 3631 mmm

159 3634 282 3716 cuique
308 3633 485 3696 hominum
513 3635 686 3715 proposita
713 3636 746 3698 in
764 3634 864 3699 caelis
880 3644 940 3719 est,
957 3633 1149 3698 felicitatem
1166 3634 1271 3697 addu·
1298 3634 1422 3695 attingen-

161 3757 243 3801 cere
261 3736 499 3819 Quoniamque
515 3738 660 3801 societas
676 3751 736 3811 est,
749 3739 796 3801 uti
812 3737 971 3815 diximus,
983 3737 1139 3820 perlecta,
1149 3737 1272 3800 idcirco
1298 3701 1449 3811 macces-

161 3845 231 3908 vim
247 3843 351 3907 habet
365 3843 592 3926 virtutemque
608 3845 707 3919 vitae,
723 3863 790 3907 non
807 3844 1017 3907 extrinsecus
1033 3843 1198 3920 haustam,
1213 3842 1271 3904 sed
1325 3826 1454 3955 iffl's'g

162 3948 305 4013 consilio
331 3947 448 4009 divino
476 3955 510 4009 et
536 3958 656 4030 suapte
686 3951 806 4011 natura
832 3946 990 4012 insitam:
1019 3948 1205 4030 eademque
1231 3949 1274 4011 de
1301 3958 1413 4009 Ecclesia
1423 3957 1453 4005 in

162 4071 283 4118 caussa
309 4050 459 4113 nativam
487 4048 591 4114 habet
618 4052 729 4133 legum
757 4049 970 4115 ferendarum
998 4061 1213 4133 potestatem,
1239 4052 1274 4113 in
1318 4023 1455 4153 fimf,

163 4156 272 4235 iisque
299 4151 445 4217 ferendis
474 4164 601 4217 rectum
627 4164 678 4217 est
702 4174 778 4217 eam
805 4153 940 4217 subesse
967 4157 1112 4219 nemini:
1128 4156 1275 4239 itemque
1320 4154 1453 4219 suijuris,

165 4252 241 4318 aliis
256 4252 290 4313 in
307 4253 415 4326 rebus,
431 4272 518 4333 quae
534 4256 602 4317 sint
617 4256 698 4317 iuris
714 4256 764 4317 sui
781 4262 916 4334 oportet
933 4273 1006 4316 esse
1019 4254 1165 4317 liberam.
1179 4254 1277 4335 Quae
1333 4225 1457 4349 ffl'q‘ss-'J

199 4388 218 4420 ι.
237 4374 387 4432 Ephes.‚1v,
407 4389 441 4432 aa
