3117 4859
356 347 405 416 94
528 345 711 396 srrsroua
738 343 952 394 sucvcmca
980 329 1000 355 “
1018 341 1272 392 nmurmcssr.
1291 318 1309 342 ”

206 517 239 558 aa
247 512 276 558 B.
287 512 324 556 M.
353 494 478 554 vinitus
494 491 647 554 oblatum
670 509 722 551 est
742 508 777 550 m
801 488 919 550 Maria.
947 485 1049 568 Quod
1067 487 1215 567 quidem,
1229 489 1293 547 etsi
1311 507 1377 548 non
1394 505 1462 548 uno

172 573 327 692 pr'ssfflffl
353 594 553 676 precationis
580 593 683 656 modo
698 591 862 654 demereri
879 589 966 666 licet,
982 600 1133 652 attamen
1152 590 1310 652 instituto
1328 589 1459 652 Rosarii

195 691 329 750 ΨΜ
352 698 480 780 optime
506 697 539 760 id
559 695 628 759 fieri
657 694 893 778 uberrimeque
916 694 1126 758 arbitramur.
1154 693 1353 756 Monuimus
1369 693 1461 766 alias,

174 750 328 855 sema
352 823 419 868 non
437 803 593 866 ultimum
619 801 653 864 in
671 801 744 882 ipso
760 800 1030 864 emolumentum
1047 800 1167 876 inesse,
1183 809 1219 861 ut
1235 809 1396 881 prompta
1410 821 1460 862 ra·

205 873 326 974 iiiiii?
352 908 444 971 tione
459 915 493 970 et
506 905 595 970 sacili
608 905 732 970 habeat
742 904 944 967 christianus
959 903 1064 966 homo
1074 923 1143 986 quo
1159 901 1260 966 fidem
1277 923 1375 967 suam
1392 905 1460 966 alat

189 1003 248 1033 ''⁰'‘
259 995 325 1101 ’Ψ
349 1023 385 1076 et
400 1011 444 1074 ab
460 1010 651 1092 ignorantia
663 1008 961 1073 tuteturerrorisve
972 1007 1123 1090 periculo
1135 1030 1142 1070 :
1153 1007 1187 1070 id
1197 1009 1289 1090 quod
1303 1007 1356 1070 vel
1368 1007 1461 1092 ipsae

351 1115 483 1180 Rosarii
499 1114 644 1196 origines
662 1112 789 1176 iaciunt
809 1121 973 1194 apertum.
992 1111 1147 1174 lamvero
1162 1111 1357 1175 huiusmodi
1373 1133 1461 1195 quae

349 1229 526 1282 exercetur
538 1217 630 1293 fides,
641 1216 710 1280 sive
723 1216 878 1298 precibus
887 1236 969 1278 voce
981 1214 1150 1290 iterandis,
1161 1215 1232 1278 sive
1244 1207 1460 1296 potissimum

349 1321 621 1403 contemplandis
637 1328 751 1384 mente
768 1319 946 1402 mysteriis,
960 1319 1074 1401 palam
1098 1333 1151 1382 est
1175 1338 1277 1401 quam
1295 1339 1402 1402 prope
1416 1323 1460 1383 ad

350 1425 494 1489 Mariam
511 1425 681 1487 reseratur.
707 1423 797 1486 Nam
813 1424 947 1505 quoties
972 1431 1051 1485 ante
1068 1422 1162 1485 illam
1179 1422 1350 1504 supplices
1365 1444 1461 1488 coro·

350 1549 427 1594 nam
445 1546 573 1591 sacram
591 1528 651 1590 rite
675 1545 857 1602 versamus,
880 1525 928 1590 sic
952 1535 1087 1589 nostrae
1113 1526 1234 1588 salutis
1257 1526 1461 1590 admirabile

348 1653 433 1716 opus
448 1631 749 1695 commemorando
765 1631 960 1712 repetimus,
975 1638 1022 1706 ut,
1037 1630 1133 1712 quasi
1160 1629 1332 1712 praesenti
1360 1651 1405 1708 re,
1419 1651 1460 1693 ea

348 1735 520 1822 explicata
550 1745 779 1810 contueamur,
806 1753 949 1816 quorum
975 1734 1062 1797 serie
1077 1744 1112 1797 et
1128 1732 1249 1798 effectu
1267 1735 1386 1798 extitit
1401 1733 1458 1798 illa

348 1841 448 1908 simui
463 1839 576 1904 Mater
593 1837 668 1916 Dei,
679 1838 778 1900 simul
795 1847 903 1901 mater
918 1849 1039 1900 nostra
1060 1835 1243 1920 Utriusque
1254 1840 1457 1920 magnitudo

348 1943 533 2028 dignitatis,
549 1944 723 2026 utriusque
733 1941 910 2004 ministerii
927 1939 1054 2004 fructus
1066 1940 1144 2004 vivo
1159 1942 1193 2004 in
1210 1942 1339 2005 lumine
1353 1962 1458 2025 appa-

348 2057 432 2124 rent,
458 2049 485 2109 si
512 2049 588 2129 quis
615 2046 759 2109 Mariam
776 2045 930 2128 religiose
945 2044 1136 2108 consideret
1153 2047 1315 2127 mysteria
1331 2047 1456 2128 gaudii,

346 2151 481 2226 doloris,
496 2149 623 2233 gloriae
643 2167 719 2214 cum
737 2147 825 2212 Filio
839 2149 1035 2212 sociantem.
1057 2148 1143 2212 Inde
1168 2147 1322 2231 prolecto
1338 2170 1455 2213 conse-

345 2256 459 2338 quitur
470 2265 508 2317 ut
522 2254 609 2336 grati
625 2253 786 2316 adversus
816 2251 909 2315 illam
936 2253 1060 2316 amoris
1075 2272 1176 2317 sensu
1197 2253 1335 2317 animus
1359 2272 1455 2316 exar-

343 2361 469 2436 descat,
484 2370 587 2440 atque
603 2359 734 2421 caduca
749 2357 866 2420 omnia
892 2354 977 2419 inira
1002 2376 1039 2419 se
1062 2357 1202 2434 habens,
1218 2357 1296 2420 sorti
1315 2369 1454 2421 conetur

342 2465 517 2547 proposito
527 2463 668 2544 dignum
686 2480 721 2523 se
736 2471 843 2524 matre
857 2469 954 2524 tanta
969 2459 1206 2543 beneficiisque
1219 2462 1292 2524 eius
1302 2462 1454 2543 probare
1474 2502 1480 2513 ·

344 2565 420 2630 Hac
436 2576 548 2629 autem
565 2568 639 2648 ipsa
655 2563 890 2645 mysteriorum
906 2563 1023 2627 crebra
1046 2563 1203 2647 fidelique
1221 2566 1455 2630 recordatione

341 2690 446 2754 quum
461 2689 502 2733 ea
518 2687 584 2732 non
599 2667 704 2750 possit
721 2686 789 2730 non
801 2668 1041 2730 iucundissime
1057 2667 1153 2744 allici,
1167 2677 1204 2731 et
1222 2670 1452 2734 misericordia

340 2777 373 2839 in
398 2775 562 2849 homines,
587 2773 686 2853 longe
712 2772 864 2834 omnium
881 2781 1026 2835 matrum
1042 2775 1181 2853 optima,
1197 2793 1264 2838 non
1300 2794 1449 2838 commo·

342 2879 421 2955 veri,
436 2877 560 2941 idcirco
583 2877 734 2940 diximus
760 2875 893 2939 Rosarii
920 2895 1053 2958 precem
1068 2887 1365 2960 peropportunam
1383 2878 1451 2942 lore

344 2994 381 3048 ut
400 2982 539 3046 fratrum
555 2999 708 3044 caussam
725 2980 961 3044 dissidentium
983 2981 1074 3062 apud
1101 2981 1212 3066 ipsam
1226 3002 1376 3047 oremus.
1391 2983 1446 3047 Ad

343 3085 526 3170 spiritualis
542 3084 767 3149 maternitatis
781 3083 855 3147 eius
864 3082 1009 3148 officium
1025 3085 1204 3167 proprieid
1215 3087 1351 3152 attinet.
1364 3085 1448 3149 Nam

344 3195 404 3278 qui
419 3192 544 3259 Christi
560 3199 649 3268 sunt,
664 3209 727 3262 eos,
738 3189 847 3252 Maria
863 3208 930 3251 uon
947 3190 1077 3272 peperit
1094 3209 1155 3253 nec
1172 3209 1291 3273 parere
1309 3200 1448 3274 poterat,

346 3299 409 3364 nisi
424 3298 459 3360 in
484 3315 550 3360 una
565 3293 632 3358 fide
657 3312 790 3376 unoque
805 3311 920 3357 amore
938 3294 1123 3376 :numquid
1139 3297 1230 3357 enirn
1245 3293 1381 3359 divisus
1404 3305 1449 3358 est

347 3402 499 3472 Chn'stus
514 3398 557 3481 (1)
572 3403 585 3460 t
600 3397 830 3478 debemusque
846 3399 913 3460 una
927 3416 1047 3462 omnes
1068 3399 1171 3463 vitam
1189 3399 1315 3464 Christi
1332 3402 1447 3474 vivere,

344 3508 431 3575 utin
443 3524 511 3569 uno
523 3505 711 3584 eodemque
722 3521 861 3583 corpore
862 3501 1107 3585 fructificemus
1117 3501 1188 3566 Deo
1199 3501 1253 3586 (t).
1270 3502 1447 3589 Quotquot

344 3619 445 3701 igitur
460 3613 504 3677 ab
519 3614 583 3676 ista
595 3611 723 3675 unitate
734 3610 911 3674 calamitas
926 3630 1036 3674 rerum
1051 3612 1183 3675 funesta
1198 3613 1358 3691 abduxit,
1374 3615 1447 3678 illos

343 3728 477 3803 oportet
494 3727 530 3780 ut
546 3716 665 3779 eadem
676 3723 888 3796 mater,quae
904 3722 1065 3796 perpetua
1074 3725 1210 3779 sanctae
1222 3716 1327 3796 prolis
1339 3716 1449 3782 fecun-

343 3826 449 3890 ditate
465 3842 485 3886 a
502 3821 577 3885 Deo
592 3827 692 3882 aucta
703 3829 764 3896 est,
776 3837 888 3881 rursus
904 3819 1041 3884 Christo
1057 3821 1317 3903 quodammodo
1331 3825 1448 3906 pariat.

345 3929 422 3993 Hoc
438 3926 538 4008 plane
554 3933 605 3988 est
624 3923 714 4005 quod
730 3923 804 4005 ipsa
818 3933 989 4003 praestare
1013 3923 1231 3988 vehementer
1247 3935 1348 4007 optat
1361 3949 1370 4003 ;
1381 3947 1445 3990 ser-

341 4037 453 4116 tisque
473 4032 600 4093 donata
625 4048 645 4091 a
661 4026 757 4090 nobis
785 4028 1041 4109 acceptissimae
1056 4029 1175 4111 precis,
1191 4029 1322 4093 auxilia
1338 4030 1445 4114 vivifi·

340 4134 448 4201 cantis
475 4130 626 4214 Spiritus
649 4131 784 4194 abunde
799 4130 864 4194 illis
880 4132 1083 4213 impetrabit.
1109 4131 1178 4214 Qui
1196 4135 1327 4198 utinam
1349 4137 1445 4200 mise·

341 4239 445 4301 rentis
458 4237 573 4298 matris
586 4234 751 4298 voluntati
763 4235 993 4299 obsecundare
1005 4255 1047 4300 ne
1060 4247 1360 4322 renuant,suaeque
1370 4258 1446 4302 con·

374 4381 393 4412 r.
407 4365 522 4414 ICor.,1,
538 4377 573 4420 ¹3·
585 4387 614 4396 —
629 4377 650 4408 2.
664 4363 743 4416 Rom..
758 4374 804 4416 vn,
815 4379 849 4422 ¹³·
