3117 4859
373 362 446 431 304
501 360 688 411 cirratas
715 360 973 413 nrosrocrcaa
1001 350 1021 377 ⁸‘
1040 360 1319 415 onreurnmun.
1342 342 1358 367 '¹

371 460 484 471 t—-—

370 532 436 595 que
447 532 563 577 sumus
573 514 733 597 deinceps
745 516 938 579 occasiones
952 514 1041 579 nacti
1052 522 1211 581 actuosae
1223 514 1475 580 benevolentiae

369 614 572 679 testandae:
599 617 657 679 sed
683 615 765 679 nihii
792 617 942 699 prolecto
969 616 1140 700 antiquius
1167 616 1382 701 sanctiusque
1414 616 1475 681 iuit

370 738 479 803 neque
505 728 565 798 est,
582 739 684 802 quam
700 724 822 787 animis
847 743 924 789 cum
953 722 1043 789 Sede
1069 722 1270 805 Apostolica
1296 722 1475 799 obstrictis,

368 826 454 887 adeo
480 825 514 887 in
541 825 589 888 eis
613 827 768 891 ardorem
796 828 948 893 excitare
970 836 1004 891 et
1020 827 1261 892 secunditatem
1280 826 1368 905 fidei,
1379 836 1417 891 ut
1432 830 1474 891 ad

368 929 533 992 maiorum
544 928 782 994 excellentiam
799 942 833 997 et
850 932 983 997 laudem
1001 933 1166 1014 exemplis
1179 934 1346 997 renovatis
1364 934 1472 996 nitan-

367 1041 429 1095 tur.

223 1177 344 1218 numerat
412 1136 486 1201 iam
511 1134 605 1199 licuit
631 1136 762 1219 aliquot
790 1138 986 1204 adiumenta
1012 1138 1171 1203 Ecclesiis
1194 1140 1260 1204 iilis
1286 1138 1413 1204 aii'erre.
1434 1178 1475 1189 -—

216 1236 346 1349 nm
367 1238 557 1321 Collegium
574 1239 637 1303 hac
653 1240 726 1322 ipsa
742 1241 776 1305 in
795 1242 891 1307 Urbe
906 1242 1034 1307 clericis
1050 1242 1223 1307 Armeniis
1240 1253 1274 1307 et
1292 1242 1470 1307 Maronitis

218 1364 341 1429 ruptim
366 1342 590 1419 instituendis,
600 1344 749 1427 itemque
767 1346 994 1429 Philippopoii
1007 1358 1041 1411 et
1061 1346 1309 1429 Hadrianopoii
1321 1368 1382 1429 pro
1396 1346 1472 1411 Bul-

184 1430 341 1559 {ffiegigffl
365 1447 464 1529 garis,
478 1446 691 1511 condidimus
707 1470 715 1527 ;
731 1449 877 1515 Athenis
894 1450 1105 1517 Leonianum
1122 1451 1337 1516 condendum
1362 1451 1472 1515 decre-

239 1575 241 1586 ·
364 1553 473 1617 vimus
486 1552 606 1629 ;etiam
618 1551 798 1618 seminario
808 1564 944 1619 sanctae
954 1555 1087 1633 Annae,
1097 1556 1188 1639 quod
1202 1554 1472 1639 Hirrosolymae

362 1656 441 1721 cieri
452 1655 571 1721 Graeci
583 1656 765 1722 Melchitae
776 1659 941 1723 educendi
952 1671 1238 1743 caussa,coeptum
1250 1662 1470 1737 est,maiorem

362 1762 395 1824 in
414 1759 552 1824 modum
569 1760 730 1826 favemus.
748 1761 788 1825 In
805 1780 846 1825 eo
857 1772 1029 1844 praeterea
1046 1783 1161 1828 sumus
1178 1775 1215 1829 ut
1233 1762 1400 1846 Syrorum
1412 1783 1469 1826 nu-

363 1884 492 1929 merum
510 1865 543 1928 in
570 1864 717 1929 alumnis
745 1864 887 1949 Collegii
912 1868 1101 1934 Urbaniani
1132 1888 1340 1951 augeamus;
1366 1877 1470 1951 utque

362 1969 636 2033 Athanasianum
654 1968 860 2035 Graecorum
877 1974 919 2035 ad
938 1974 1116 2055 pristinum
1142 1973 1358 2038 restituamus
1376 1972 1468 2037 insti·

360 2084 482 2151 tutum,
498 2074 589 2156 quod
617 2073 799 2156 Gregorius
827 2072 929 2151 XIII,
947 2071 1122 2137 munificus
1150 2082 1275 2149 auctor,
1298 2072 1469 2155 sapienter

245 2190 333 2239 errtas-
360 2173 475 2250 voluit,
498 2175 587 2239 unde
613 2174 674 2239 viri
695 2176 882 2239 extiterunt
908 2174 1092 2241 clarissimi.
1111 2176 1210 2239 Plura
1236 2177 1374 2240 veroin
1405 2176 1466 2239 hoc

182 2258 335 2371 lgm?
359 2278 526 2361 similique
541 2298 664 2361 genere
679 2279 824 2362 experiri
843 2273 915 2338 Nos
930 2284 1032 2359 atque
1048 2272 1178 2339 efficere
1195 2294 1303 2357 posse,
1317 2295 1359 2338 eo
1375 2294 1463 2339 nunc

193 2387 332 2464 ranqui·
359 2382 607 2445 vehementiore
634 2382 808 2447 voluntate
835 2391 1048 2461 exoptamus,
1073 2388 1264 2461 postquam,
1290 2378 1461 2461 aspirante

179 2452 332 2582 άῗέζζξῗξζ
358 2484 443 2562 Deo,
457 2485 634 2549 consillum
661 2485 787 2551 iamdiu
816 2484 1013 2549 meditatum
1039 2482 1240 2565 perfecimus
1266 2479 1459 2565 appellandi

229 2583 331 2696 proptu
357 2588 516 2671 singulari
532 2589 675 2671 epistola
690 2590 858 2671 principes
873 2598 908 2654 et
924 2586 1068 2670 populos
1084 2586 1258 2651 universos
1270 2588 1314 2650 ad
1330 2585 1461 2651 felicem

186 2656 332 2763 mm
358 2692 436 2757 fidei
451 2693 584 2757 divinae
602 2694 775 2757 unitatem.
789 2692 921 2775 Nempe
931 2693 1018 2756 inter
1029 2690 1229 2757 christianas
1241 2701 1360 2775 gentes
1373 2692 1460 2755 cala-

178 2780 333 2894 “Z'Wm
358 2798 479 2861 mitose
505 2796 662 2873 divulsas,
689 2799 800 2879 primo
825 2797 900 2861 ioco
917 2795 1108 2863 Orientales
1124 2814 1254 2873 vocare,
1279 2795 1459 2873 adhortari,

354 2900 529 2964 obsecrare
545 2901 791 2979 contendimus,
807 2911 935 2984 quanta
953 2900 1105 2964 maxima
1129 2900 1303 2982 potuimus
1326 2910 1461 2981 aposto·

354 3002 418 3065 lica
434 3009 467 3065 et
484 3011 624 3083 paterna
640 3003 789 3067 caritate.
818 3003 1018 3066 inchoatam
1047 3021 1142 3084 spem
1159 3000 1326 3084 {quotidie
1357 3001 1463 3083 magis

353 3106 456 3170 ioveri
473 3106 716 3188 periucundum
729 3107 854 3170 accidit
865 3106 983 3184 Nobis,
995 3116 1194 3190 certumque
1210 3114 1270 3181 est,
1286 3125 1373 3188 opus
1394 3117 1461 3169 tam

352 3212 497 3274 salutare
508 3210 641 3273 enixius
652 3210 820 3289 insistere,
836 3221 882 3288 ut,
894 3210 1059 3293 quidquid
1073 3230 1117 3274 ex
1131 3209 1353 3292 Apostolicae
1364 3208 1461 3274 Sedis

351 3317 563 3399 providentia
585 3318 759 3398 expectari
776 3318 893 3399 possit,
907 3318 1094 3382 admodum
1122 3316 1335 3400 expleamus,
1356 3334 1459 3399 quum

350 3420 590 3483 submovendis
606 3420 787 3482 simultatis
798 3420 850 3483 vei
867 3419 1067 3502 suspicionis
1080 3420 1217 3494 caussis,
1229 3427 1301 3483 tum
1319 3417 1457 3501 optimis

184 3552 325 3615 prospicere
350 3523 538 3605 quibusque
554 3522 833 3586 reconciliationis
851 3522 1024 3605 praesidiis
1052 3522 1283 3587 admovendis.
1300 3558 1345 3570 —
1356 3519 1458 3583 Prae·

197 3620 257 3684 jam
268 3620 325 3694 Μ
348 3625 593 3689 stantissimum
609 3626 643 3689 id
660 3646 733 3689 esse
750 3626 997 3704 existimamus,
1012 3627 1055 3691 ad
1072 3626 1341 3690 Incolumitatem
1359 3622 1453 3688 disci·

205 3691 325 3747 propinas
389 3728 395 3741 ,
539 3728 547 3742 ,
643 3730 652 3743 ‚
841 3730 849 3744 ,
961 3730 969 3744 ‚
1304 3728 1311 3741 ,
1364 3728 1372 3741 ,

212 3750 323 3813 ipsorum
350 3726 462 3808 pirnae
487 3725 711 3793 Onentalrum
735 3748 900 3811 propriae,
916 3750 969 3793 cur
986 3730 1084 3793 vaide
1111 3748 1243 3811 semper
1269 3728 1456 3803 tribuimus,

174 3814 323 3929 discerptum
350 3832 499 3895 animum
524 3852 688 3916 curasque
710 3835 864 3899 adiicere.
887 3834 964 3918 Qua
979 3835 1013 3898 in
1031 3855 1065 3897 re
1081 3835 1148 3898 iam
1171 3833 1245 3899 Nos
1261 3831 1454 3896 clericorum

169 3946 314 4005 serrnndae,
348 3934 508 4015 ephebeis
520 3956 634 4001 earum
647 3938 801 4020 gentium
815 3940 971 4020 proxime
990 3938 1136 4003 conditis
1149 3938 1235 4003 hanc
1246 3937 1349 4001 etiarn
1364 3934 1453 3999 dedi-

349 4056 423 4100 mus
462 4041 770 4121 praescriptionem,
806 4042 964 4107 dabImus
1000 4043 1157 4107 eamdam
1192 4040 1388 4117 condendis,
1419 4048 1454 4101 ut

240 4175 321 4223 quum
347 4142 499 4207 maxima
516 4143 678 4226 religi0ne
697 4144 780 4209 ritus
806 4146 920 4211 colant
935 4156 970 4211 et
991 4147 1171 4211 observent
1186 4166 1275 4225 suos,
1290 4146 1324 4209 in
1342 4145 1452 4225 eisque

191 4226 320 4341 ‘222⁸ssss
346 4246 575 4328 cognitionem
593 4267 758 4333 usumque
775 4247 903 4313 alumni
920 4251 1065 4333 capiant.
1082 4248 1260 4333 Siquidem
1278 4251 1311 4313 in
1330 4248 1449 4315 rituum

168 4359 320 4409 conservatio
344 4351 556 4417 orientalium
573 4351 828 4417 conservatione
845 4354 919 4435 pius
936 4354 1023 4418 inest
1035 4373 1138 4436 quam
1154 4354 1243 4419 credi
1261 4352 1368 4437 possit
1381 4368 1448 4414 mo
