3117 4859
400 364 452 417 DE
480 362 645 416 ROSARIO
671 365 845 418 MARIALI.
1112 371 1174 421 111

81 462 228 471 ——-

81 538 177 593 terna.
189 564 232 576 —
243 526 338 590 Haec
353 544 463 590 rerum
476 524 577 608 plane
592 524 840 592 admirabilium
855 538 1018 592 contexta
1029 529 1129 593 series
1145 530 1178 591 in
1243 530 1319 625 sair.

80 629 218 694 fidelium
236 638 366 693 mentes
382 626 574 712 frequenter
593 628 793 713 assidueque
810 641 991 708 revocatur,
1007 640 1041 696 et
1063 630 1130 697 iere
1146 632 1178 695 in
1244 634 1318 698 1892

80 741 252 817 conspectu
264 731 435 815 explicata
451 731 649 815 proponitur
665 754 673 795 :
689 732 723 795 id
748 734 840 815 quod
862 732 1041 798 Rosarium
1063 743 1180 800 sancte
1205 733 1333 848 Ffflz

80 836 257 902 colentibus
266 837 415 921 aspergit
423 837 555 901 animos
565 856 653 901 nova
662 856 795 921 semper
804 838 951 919 quadam
963 839 1179 921 pietatisdul·
1204 863 1241 913 sic
1263 864 1293 912 5„
1312 864 1356 913 Fi-

80 941 196 1018 cedine,
210 940 349 1023 perinde
364 939 513 1005 afficiens
527 948 561 1005 et
572 960 712 1005 movens
723 942 819 1025 quasi
833 962 951 1006 vocem
965 943 1073 1025 ipsam
1088 945 1178 1007 exci-
1204 928 1356 1054 {amn

78 1054 187 1128 pereat
201 1043 514 1128 indulgentissimae
531 1044 661 1121 Matris,
684 1047 803 1109 eadem
825 1046 1004 1129 aperientis
1021 1049 1179 1129 mysteria
1204 1061 1331 1109 mortum

80 1149 242 1232 multaque
257 1149 448 1213 salutariter
457 1147 721 1232 alloquentis.—
733 1148 846 1232 Quare
858 1168 923 1215 non
938 1149 970 1213 id
984 1151 1084 1216 nimis
1094 1150 1179 1216 affir·
1204 1132 1332 1175 ‘mmm'

80 1262 198 1318 matum
209 1253 388 1328 videbitur,
396 1252 518 1338 quibus
528 1261 563 1317 et
574 1253 656 1318 locis
666 1262 700 1318 et
711 1254 846 1318 familiis
857 1264 890 1320 et
900 1256 1058 1339 gentibus
1073 1254 1179 1322 hono·

78 1374 141 1421 rem
155 1357 331 1439 pristinum
348 1356 495 1423 marialis
512 1357 645 1422 Rosarii
662 1359 872 1423 consuetudo
888 1360 1038 1438 retineat,
1052 1359 1177 1425 nullam

78 1457 120 1522 ihi
133 1459 292 1525 iacturam
304 1460 383 1527 fidei
404 1461 449 1527 ab
464 1460 654 1544 ignorantia
677 1460 912 1547 pestiferisque
928 1465 1093 1529 erroribus
1111 1484 1179 1530 me·

79 1566 238 1631 tuendam.
1232 1576 1349 1639 Ecclesia,

117 1666 181 1733 Sed
196 1669 262 1734 alia
285 1688 352 1734 non
380 1670 492 1735 minus
514 1679 672 1753 praestat,
695 1690 797 1754 quam
831 1670 982 1737 Ecclesia
1007 1670 1083 1736 filiis
1110 1675 1178 1738 suis
1202 1642 1357 1761 mm

78 1790 306 1856 magnoperea
334 1772 478 1839 Rosario
492 1775 632 1858 quaerit,
647 1774 775 1838 utilitas
795 1795 803 1853 ;
824 1794 863 1838 ea
880 1784 940 1851 est,
969 1784 1006 1839 ut
1031 1775 1074 1839 ad
1100 1774 1177 1841 fidei
1203 1775 1354 1853 srcrrssrra-

77 1887 202 1942 sanctae
228 1896 381 1941 normam
398 1886 432 1941 et
447 1876 652 1960 praescripta
675 1877 779 1941 vitam
798 1895 975 1961 moresque
1002 1897 1081 1942 suos
1104 1877 1178 1942 dili·
1202 1847 1351 1957 affl„

77 1978 200 2058 gentius
214 1987 429 2061 componant.
445 1976 482 2043 Si
499 1978 600 2056 enim,
611 1988 648 2041 ut
663 1997 782 2041 omnes
798 1988 915 2043 tenent
927 1977 1078 2042 divinum
1097 1977 1178 2043 effa·
1243 1996 1339 2073 'Fica

77 2089 160 2147 tum:
174 2081 275 2146 Fides
292 2081 364 2147 sine
378 2081 525 2165 operibus
538 2092 670 2146 mortua
684 2092 733 2147 cst
746 2082 799 2165 (¹),
822 2102 862 2145 eo
878 2082 958 2165 quia
973 2080 1057 2146 fides
1071 2080 1176 2145 vitam
1203 2075 1339 2189 mr?

77 2183 160 2249 dutit
174 2206 195 2250 a
209 2186 358 2265 caritate,
373 2186 495 2250 caritas
511 2196 623 2250 autem
637 2186 671 2248 in
688 2186 876 2251 ubertatem
894 2186 967 2250 exit
985 2194 1177 2250 sanctarum
1204 2190 1319 2241 nihilad

127 2289 135 2304 .
298 2291 307 2304 .
334 2289 343 2303 .
743 2290 751 2303 .
897 2296 900 2305 .
1039 2289 1047 2304 .
1083 2288 1093 2303 .
1203 2257 1311 2305 salutern

78 2298 237 2354 achonum
252 2290 356 2377 ;mhrl
371 2287 751 2374 prolectoemolumentr
767 2290 811 2353 ad
825 2298 962 2353 aeterna
978 2289 1177 2353 christianus
1200 2322 1310 2386 mssa-4

77 2390 170 2457 homo
183 2402 401 2477 percepturus
415 2393 478 2457 erit
487 2413 532 2458 ex
544 2390 610 2456 fide
624 2411 695 2469 sua,
705 2392 768 2454 nisi
781 2392 945 2456 rationem
958 2390 1048 2455 vitae
1060 2410 1177 2455 secun·
1203 2403 1355 2505 :maqu-

79 2494 149 2561 dum
165 2516 239 2562 eam
255 2498 418 2562 direxerit
432 2517 440 2562 τ
455 2495 550 2576 Quid
554 2495 712 2578 proderit,
719 2496 852 2576 fratres
868 2496 940 2573 mei,
948 2495 982 2559 si
985 2494 1092 2579 fidem
1103 2516 1178 2579 qurs
1203 2519 1275 2569 ducet

79 2596 159 2662 dicat
167 2620 201 2663 se
209 2598 334 2678 habere,
342 2611 440 2683 opera
450 2609 559 2664 autem
569 2621 632 2664 non
641 2598 1088 2683 lrabeatPnumquidpnterit
1089 2598 1179 2683 fides
1202 2584 1355 2714 ξέιῗὲζζ

77 2699 285 2767 calcaneum
301 2702 345 2787 (2)
360 2709 374 2767 i
398 2703 493 2769 Istud
511 2704 615 2767 immo
636 2702 812 2767 hominum
828 2722 935 2783 genus
951 2705 1177 2785 reprehensio·
1203 2714 1354 2767 nunonem.

78 2821 146 2869 nem
170 2806 293 2873 Christi
323 2807 443 2873 iudicis
467 2806 574 2873 multo
598 2808 786 2891 graviorem
818 2807 973 2883 incurret,¹
994 2825 1096 2891 quam
1121 2808 1177 2890 qui

78 2906 267 2976 christianae
282 2910 360 2976 fidei
376 2910 641 2994 disciplinaeque
656 2912 724 2975 sint
740 2910 861 2975 misere
877 2911 984 2993 ignari
1003 2934 1010 2975 ι
1026 2912 1083 2994 qui
1100 2930 1178 2989 non,

78 3019 111 3075 nt
124 3012 167 3076 illi
192 3032 378 3099 perperam,
398 3012 498 3079 aliter
520 3014 661 3079 credunt
684 3014 781 3078 aliter
805 3015 932 3091 vivunt,
956 3034 1070 3077 verum
1097 3015 1177 3098 quia

79 3126 181 3181 carent
197 3117 373 3201 Evangelii
389 3116 525 3197 lumine,
541 3117 667 3182 habent
684 3118 761 3182 ideo
776 3117 960 3201 quamdam
987 3116 1179 3181 excusatio·
1237 3170 1341 3219 Adm'r·

80 3234 146 3283 nem
169 3230 228 3285 aut
255 3220 383 3286 minore
413 3229 492 3287 sunt
515 3230 605 3285 certe
620 3222 654 3286 in
684 3240 784 3286 noxa.
801 3219 939 3304 -Quo
970 3220 1071 3304 igitur
1096 3219 1179 3284 fides
1205 3238 1334 3285 memin-

80 3338 168 3402 (ΨΜ
185 3322 381 3406 profitemur
396 3328 622 3391 consentanea
637 3324 806 3391 fructuum
830 3325 958 3390 laetitia
981 3323 1102 3388 melius
1117 3322 1177 3388 flo-
1196 3299 1357 3417 &mig

82 3439 184 3505 rescat,
199 3430 299 3495 simul
312 3451 357 3496 ex
369 3434 535 3516 mysteriis
547 3433 628 3516 ipsis
642 3453 728 3516 quae
745 3452 840 3497 mens
849 3430 1094 3497 considerando
1104 3451 1178 3514 per·
1205 3432 1331 3495 mysterio·

81 3534 225 3614 sequitur,
241 3537 284 3599 ad
308 3536 470 3602 virtutum
495 3537 669 3620 proposita
685 3535 768 3600 mire
784 3536 916 3600 animus
941 3534 1177 3599 inflammatur.
1204 3499 1356 3613 mowe-

83 3631 166 3716 Opus
181 3657 304 3722 nempe
318 3639 525 3705 salutiferum
543 3638 668 3705 Christi
679 3637 933 3721 Domini,quale
946 3636 1043 3702 nobis
1053 3636 1178 3701 eminet
1198 3629 1320 3759 {im
1320 3696 1356 3745 al·

83 3756 114 3801 ac
128 3743 208 3806 nitet
234 3744 268 3807 in
294 3762 415 3809 omnes
428 3752 542 3828 partes
565 3742 783 3825 exemplum!
801 3742 948 3825 Magnus
964 3741 1180 3823 omnipotens
1204 3767 1259 3810 nra
1270 3760 1340 3811 exhi-

82 3836 173 3923 Deus,
188 3856 328 3931 urgente
343 3845 378 3911 in
394 3867 456 3912 nos
473 3847 578 3911 nimia
592 3846 744 3925 caritate,
758 3846 803 3909 ad
816 3843 921 3909 infimi
939 3844 1085 3910 hominis
1100 3865 1180 3911 con·
1206 3826 1357 3941 mmm

84 3944 230 4016 ditionem
246 3970 321 4016 sese
335 3960 500 4017 extenuat
514 3951 711 4033 ;nobiscum
727 3949 819 4014 velut
832 3968 918 4013 unus
929 3948 973 4013 de
983 3948 1097 4014 multis
1109 3970 1180 4013 ver·
1209 3957 1316 4035 cinisii,

84 4058 171 4131 satur,
185 4054 291 4121 amice
306 4056 517 4140 colloquitur,
529 4055 679 4139 singulos
695 4063 729 4119 et
745 4054 878 4119 turbam
895 4053 938 4116 ad
955 4071 1091 4116 omnem
1108 4073 1180 4118 eru·
1206 4028 1339 4153 yffi&
1388 4059 1393 4074 ·

84 4150 126 4216 dit
138 4153 299 4241 docetque
326 4158 501 4238 iustitiam,
516 4157 687 4223 excellens
702 4176 858 4222 sermone
882 4154 1051 4237 magister,
1066 4163 1180 4219 aucto·
1206 4152 1335 4232 lgnaficfn·

84 4253 170 4321 ritate
184 4260 285 4325 Deus.
302 4261 471 4328 Omnibus
486 4264 626 4356 omnino
651 4282 687 4324 se
703 4264 761 4325 dat
776 4257 964 4326 beneficum
985 4278 992 4334 ;
1015 4278 1034 4321 e
1055 4257 1179 4322 morbis
1205 4226 1309 4334 m}

110 4380 285 4436 r.!ac.,1r‚ao.
298 4408 328 4418 -
343 4398 364 4431 2.
379 4386 422 4438 lh,
437 4399 472 4444 ¹4·
