3117 4859
367 363 437 411 222
493 362 590 415 mr.
612 364 770 415 suenci.
795 354 816 381 “
835 365 1211 417 raovrocnrrssrxus
1229 366 1339 417 neus.
1361 342 1378 369 ”

363 524 400 577 ut
415 534 455 579 ea
470 518 584 581 omnia
611 536 718 599 caque
745 520 816 581 sola
843 538 929 601 quae
945 519 1017 600 ipsc
1042 518 1179 595 iuberet,
1201 528 1235 583 et
1252 533 1340 584 recte
1356 533 1460 585 mente

362 621 586 702 conciperent,
615 633 648 685 et
673 620 815 684 fideliter
841 622 1050 684 conscribere
1066 621 1199 699 vellent,
1214 634 1249 687 et
1263 634 1343 705 apte
1372 625 1459 687 inlal·

363 723 445 786 libili
470 725 610 789 veritate
641 726 888 805 exprimerent:
913 744 1018 803 secus,
1043 744 1110 788 non
1142 725 1214 809 ipse
1236 737 1325 792 esset
1352 739 1462 792 auctor

205 834 336 909 illustrare
363 848 476 891 sacrae
500 827 692 911 Scripturae
722 830 903 893 universae.
929 828 1006 893 Hoc
1035 840 1143 893 ratum
1167 850 1300 914 semper
1323 833 1461 897 habuere

183 960 211 1014 ς,
226 898 337 1027 AJK&
363 930 423 997 SS.
442 933 568 999 Patres:
585 947 603 1000 t
627 935 756 1016 Itaque,
779 936 827 1005 ait
844 935 1066 1017 Augustinus,
1082 955 1183 1017 quum
1202 936 1248 998 illi
1265 938 1462 1019 scripserunt

361 1056 449 1119 quae
485 1036 540 1101 ille
579 1040 727 1101 ostendit
758 1049 792 1101 et
818 1039 917 1116 dixit,
948 1058 1161 1120 nequaquam
1196 1040 1377 1103 dicendum
1405 1050 1461 1116 est,

361 1142 452 1220 quod
484 1142 556 1223 ipse
587 1160 653 1203 non
685 1141 879 1221 scripserit:
907 1141 1182 1222 quandoquidem
1214 1142 1367 1205 membra
1394 1142 1460 1205 eius

360 1245 394 1308 id
410 1256 549 1328 operata
575 1257 661 1321 sunt,
689 1247 777 1326 quod
805 1244 954 1325 dictante
979 1245 1089 1325 capite
1105 1259 1337 1328 cognoverunt
1354 1246 1397 1328 (¹)
1419 1262 1460 1315 t:

193 1350 255 1426 ⁶¹55
272 1348 331 1399 Gra·
360 1351 627 1433 pronunciatque
652 1348 685 1415 S.
711 1348 892 1431 Gregorius
920 1350 993 1413 tt:
1023 1362 1041 1416 t
1066 1347 1152 1431 Quis
1183 1351 1265 1414 haec
1290 1351 1460 1432 scripserit,

179 1430 256 1479 gor-n,
359 1454 457 1518 vaide
488 1476 732 1535 supervacanee
760 1455 938 1536 quaeritur,
968 1473 1071 1535 quum
1103 1464 1218 1518 tamen
1249 1456 1458 1521 auctor-libri

361 1560 505 1645 Spiritus
523 1559 667 1625 Sanctus
678 1558 820 1623 fideliter
835 1560 998 1623 credatur.
1014 1559 1091 1640 Ipse
1107 1559 1209 1641 igitur
1223 1561 1307 1625 haec
1323 1561 1458 1645 scripsit,

359 1666 417 1749 qui
433 1665 608 1729 scribenda
636 1664 774 1727 dictavit
789 1688 796 1726 :
813 1665 885 1747 ipse
911 1663 1043 1744 scripsit
1058 1665 1115 1745 qui
1142 1675 1177 1727 et
1201 1664 1234 1727 in
1252 1664 1342 1728 illius
1366 1686 1459 1748 opere

202 1784 332 1848 quasque·-
360 1769 539 1853 inspirator
554 1768 667 1833 extitit
684 1767 736 1849 (²).
754 1782 772 1836 l
790 1766 1026 1849 Consequitur,
1042 1778 1078 1831 ut
1105 1768 1162 1849 qui
1178 1768 1213 1831 in
1229 1768 1311 1831 locis
1327 1773 1462 1835 authen-

207 1849 332 1898 ‘²‘''¹''“''
359 1874 433 1939 ticis
461 1874 639 1938 Librorum
665 1892 833 1935 sacrorum
862 1872 1038 1953 quidpiam
1067 1870 1140 1935 salsi
1172 1872 1337 1935 contineri
1370 1894 1460 1956 posse

203 1914 257 1962 lum
269 1916 334 1963 sinit

207 1981 236 2027 in
248 1981 331 2045 Scrip·
358 1980 564 2057 existiment,
579 1978 601 2042 ii
619 1977 768 2061 proiecto
785 1986 843 2039 aut
869 1976 1070 2041 catholicam
1087 1978 1221 2042 divinae
1236 1978 1458 2059 inspirationis

178 2052 332 2161 “1221an
359 2086 530 2149 notionem
548 2092 749 2165 pervertant,
765 2090 824 2143 aut
841 2079 953 2143 Deum
980 2080 1091 2161 ipsum
1118 2081 1237 2143 erroris
1265 2080 1392 2147 iaciant
1407 2104 1460 2147 au-

255 2202 332 2251 lianc
357 2199 492 2253 ctorem.
527 2187 643 2269 Atque
682 2187 768 2247 adeo
806 2185 958 2247 Patribus
997 2184 1154 2246 omnibus
1186 2193 1221 2248 et
1259 2184 1459 2251 Doctoribus

179 2267 329 2380 suss'hosc'r‘ss:
356 2289 645 2373 persuasissimum
663 2287 734 2361 fuit,
749 2287 881 2350 divinas
910 2286 1066 2364 Litteras,
1082 2284 1198 2367 quales
1215 2285 1258 2349 ab
1285 2285 1458 2371 hagiogra-

179 2469 189 2509 Ι
208 2398 328 2511 naplsa-
357 2394 431 2474 phis
448 2392 558 2455 editae
568 2402 654 2467 sunt,
669 2389 713 2453 ab
729 2388 821 2452 omni
845 2389 985 2452 omnino
1011 2407 1121 2450 errore
1137 2407 1210 2451 csse
1227 2390 1403 2469 immunes,
1425 2401 1458 2455 ut

190 2478 251 2511 rese
294 2480 328 2512 OC·

178 2527 330 2591 toressactis
355 2506 533 2580 propterea
549 2515 616 2559 non
634 2516 740 2577 pauca
756 2494 822 2571 illa,
837 2514 924 2575 quae
950 2493 1107 2555 contrarii
1133 2492 1260 2575 aliquid
1284 2496 1336 2558 vel
1365 2497 1455 2560 dissi·

222 2594 328 2671 ΜΨ·
356 2602 433 2665 mile
449 2602 642 2665 viderentur
668 2598 785 2661 afferre
810 2597 1010 2679 (eademque
1028 2596 1096 2659 scre
1120 2606 1198 2659 sunt
1214 2616 1299 2679 quae
1325 2600 1457 2663 nornine

206 2666 329 2789 rime
356 2726 462 2770 novae
478 2704 636 2769 scientiae
652 2724 740 2766 nunc
756 2702 943 2782 obiiciunt),
958 2720 1026 2763 non
1051 2699 1218 2764 subtiliter
1233 2700 1344 2765 minus
1360 2723 1456 2786 quarn

178 2796 331 2919 amm}
355 2810 508 2892 religiose
523 2828 725 2891 componere
741 2809 828 2869 inter
851 2826 886 2867 se
901 2818 936 2868 et
960 2804 1139 2867 conciliare
1153 2804 1343 2870 studuerint
1361 2828 1370 2885 ;
1387 2828 1456 2889 pro·

177 2920 204 2969 S.
218 2920 332 2999 Augen
354 2914 432 2977 sessi
449 2913 632 2989 unanimes,
649 2912 769 2976 Libros
785 2930 844 2973 eos
859 2919 893 2972 et
904 2911 1054 2990 integros
1069 2918 1103 2970 et
1120 2928 1178 2989 per
1193 2918 1336 2989 partesa
1347 2911 1456 2975 divino

176 2986 325 3103 mmm
355 3038 460 3101 aeque
485 3038 557 3082 esse
583 3016 709 3091 afflatu,
738 3015 917 3095 Deumque
943 3014 1053 3095 ipsum
1085 3032 1146 3094 per
1170 3031 1282 3075 sacros
1305 3024 1455 3084 auctores

353 3125 523 3188 elocutum
549 3122 630 3185 nihil
662 3122 848 3185 admodum
864 3137 885 3180 a
907 3118 1048 3180 veritate
1074 3116 1221 3179 alienum
1248 3134 1373 3197 ponere
1401 3138 1455 3201 po·

353 3231 465 3293 tuisse.
503 3229 554 3292 Ea
585 3226 718 3290 valeant
751 3225 902 3287 universe
933 3242 1019 3303 quae
1050 3221 1138 3306 idem
1170 3220 1385 3303 Augustinus
1415 3222 1454 3286 ad

355 3334 601 3416 Hieronymum
632 3330 784 3411 scripsit:
821 3342 839 3396 t
867 3328 943 3410 Ego
969 3328 1057 3390 enim
1088 3325 1196 3388 fateor
1218 3326 1349 3389 caritati
1373 3338 1455 3400 tuae,

352 3440 431 3503 solis
448 3440 496 3501 eis
513 3436 761 3519 Scripturarum
779 3435 871 3497 libris
898 3432 955 3514 qui
983 3430 1048 3491 iam
1066 3430 1219 3491 canonici
1234 3430 1453 3511 appellantur,

350 3543 452 3606 didici
469 3543 558 3606 hunc
575 3543 728 3605 timorem
746 3539 976 3615 honoremque
990 3532 1128 3609 deferre,
1145 3543 1180 3595 ut
1196 3533 1325 3596 nullum
1342 3553 1453 3597 eorum

352 3655 526 3710 auctorum
543 3644 719 3708 scribendo
743 3640 870 3723 aliquid
889 3656 1017 3699 errasse
1033 3634 1222 3698 firmissime
1237 3636 1380 3701 credam.
1404 3637 1454 3700 Ac

352 3752 378 3814 si
395 3750 522 3833 aliquid
540 3750 571 3811 in
589 3749 636 3811 eis
652 3746 824 3811 offendero
840 3742 960 3806 litteris
976 3741 1065 3823 quod
1085 3740 1237 3803 videatur
1252 3744 1451 3805 contrarium

351 3855 493 3932 veritati,
509 3852 590 3916 nihil
607 3852 698 3915 aliud
715 3870 816 3933 quam
833 3847 885 3910 vel
913 3848 1113 3909 mendosum
1134 3860 1207 3907 esse
1221 3846 1381 3923 codicem,
1404 3843 1452 3908 vel

351 3958 567 4040 interpretem
585 3973 651 4017 non
680 3962 870 4015 assecutum
887 3968 960 4011 esse
977 3948 1066 4029 quod
1096 3946 1224 4009 dictum
1251 3957 1312 4024 est,
1327 3948 1377 4010 vel
1402 3966 1451 4009 me

351 4065 489 4128 minime
506 4060 715 4124 intellexisse
730 4078 795 4119 non
813 4055 984 4135 ambigam
1001 4051 1053 4134 (3).
1070 4066 1088 4119 l

169 4125 324 4253 ,rursm
362 4154 365 4163 ¹
394 4165 444 4228 At
469 4185 549 4227 vero
576 4164 667 4226 omni
693 4162 883 4244 graviorum
910 4157 1032 4220 artium
1058 4156 1282 4218 instrumento
1297 4177 1357 4238 pro
1380 4176 1451 4219 san·

381 4322 401 4355 r.
415 4310 453 4355 De
462 4322 575 4353 consensu
587 4307 714 4367 Enarrgel.¹
728 4306 742 4350 l.
752 4316 768 4357 ι,
783 4319 803 4349 c.
817 4316 887 4362 35-
897 4316 918 4347 a
930 4300 1013 4360 Praes.
1027 4300 1055 4344 in
1066 4298 1113 4351 rot.
1126 4312 1149 4344 n.
1163 4311 1184 4345 2.
1196 4312 1257 4357 -3
1271 4300 1316 4357 Ep,
1330 4308 1430 4349 mitti.
1441 4312 1452 4343 1

351 4386 375 4425 et
385 4377 491 4423 crebrius
501 4376 566 4421 alibi.
