3117 4859
174 558 305 608 mnam.

174 1336 325 1444 Aqqreer'sad·
400 1369 407 1383 .

174 2112 325 2162 etieudicit.

354 373 401 460 76
547 391 733 444 eersroun
761 381 783 409 ‘¹
801 391 1096 445 nnurreurrsus
1122 371 1289 447 uoa1s.'’

351 534 486 617 linguae
501 545 535 600 et
557 535 717 599 historiae
741 536 870 618 patriae
896 536 1085 600 eruditione
1111 536 1291 619 impertita
1307 533 1458 620 Quorum

351 659 430 704 vero
446 638 577 703 indoles
600 649 632 702 et
656 637 813 703 voluntas
828 659 923 722 spem
940 641 1064 704 bonam
1081 637 1200 704 afferat
1217 640 1259 704 ad
1276 639 1460 703 ministeria

351 762 531 820 sacrorum,
547 743 569 806 ii
584 742 780 826 diligentiae
796 754 927 807 vestrae
942 744 1107 825 potiorem
1123 743 1297 808 habebunt
1320 753 1460 825 partem,

352 857 389 912 ut
413 847 601 911 accuratius
631 848 673 910 ad
702 847 874 929 pietatem,
899 847 942 911 ad
970 847 1169 926 doctrinam,
1193 850 1237 912 ad
1268 847 1353 912 ritus
1383 865 1460 910 suos

351 949 594 1016 informentur:
609 950 691 1015 illud
710 971 857 1033 namque
881 952 924 1016 ad
949 953 1124 1036 proposita
1139 953 1352 1035 assequenda
1368 969 1458 1035 prae-

352 1056 475 1121 sidium
491 1064 543 1119 est
559 1055 609 1118 vel
628 1055 828 1131 maximum,
842 1055 968 1119 clerum
985 1055 1179 1136 indigenam
1196 1056 1259 1119 rite
1274 1056 1384 1119 educi.

397 1158 522 1225 Omnia
552 1159 839 1242 quemadmodum
871 1158 1024 1242 legitimo
1054 1159 1125 1222 iure
1154 1160 1406 1223 constituantur
1428 1165 1460 1220 et

353 1273 425 1328 rata
448 1264 524 1340 sint,
547 1283 567 1326 a
595 1261 702 1328 Nobis
730 1263 797 1326 iam
825 1273 876 1326 est
903 1263 1083 1344 provisum.
1097 1261 1171 1326 Vos
1196 1263 1325 1326 interea
1339 1264 1461 1326 sumite

352 1387 484 1431 animos
508 1387 553 1430 ex
574 1366 809 1431 benevolentia
835 1376 870 1430 et
887 1364 1008 1430 fiducia
1025 1365 1160 1444 Nostra,
1175 1387 1263 1449 quae
1277 1365 1459 1430 voluntatis

352 1471 486 1534 divinae
511 1480 563 1535 est
584 1471 788 1534 declaratio:
812 1470 1045 1552 eximiumque
1072 1471 1104 1533 in
1121 1469 1209 1533 hanc
1225 1470 1458 1552 Apostolicam

354 1575 477 1640 Sedem
505 1574 704 1658 obsequium
730 1575 820 1656 quod
848 1575 959 1639 adhuc
984 1574 1161 1656 probastis,
1178 1575 1320 1657 probare
1335 1575 1460 1638 alacres

353 1679 483 1762 pergite
499 1690 601 1762 atque
617 1681 649 1742 in
673 1680 745 1742 dies
761 1690 892 1760 augete.
910 1677 1106 1742 Hacvobis
1122 1688 1235 1743 mente
1261 1679 1326 1743 hoc
1348 1679 1460 1743 studio

352 1784 592 1860 laborantibus,
616 1784 723 1847 aderit
747 1795 837 1846 certe
868 1782 962 1845 Deus
994 1780 1152 1864 frugifera
1180 1801 1246 1864 ope
1277 1784 1459 1866 propitius:

353 1909 462 1971 neque
473 1889 624 1964 deerunt,
634 1907 676 1951 eo
688 1888 869 1970 aspirante,
879 1887 936 1967 qui
949 1885 1102 1949 uberiora
1112 1887 1279 1968 praesidia
1287 1888 1331 1950 ad
1342 1895 1460 1968 coepta

353 1993 427 2074 ipsa
439 1992 655 2075 provehenda
667 1993 712 2074 pii
726 1991 869 2055 libentes
879 1990 1089 2054 submittant.
1100 1989 1267 2055 Votorum
1278 1992 1323 2054 sit
1333 2009 1461 2072 auspex

354 2096 554 2179 Apostolica
579 2095 780 2172 benedictio,
802 2114 903 2178 quarn
925 2094 996 2170 tibi,
1012 2095 1133 2158 dilecte
1150 2092 1206 2172 fili,
1221 2096 1460 2178 universaeque

355 2199 536 2266 Sodalitati
552 2197 693 2264 effusam
710 2200 743 2262 in
762 2199 914 2263 Domino
929 2199 1149 2279 impertimus.

398 2303 527 2368 Datum
555 2303 686 2368 Romae
713 2305 802 2385 apud
830 2302 864 2367 S.
881 2302 1017 2365 Petrum
1044 2303 1098 2366 die
1115 2316 1143 2366 11
1163 2303 1237 2367 lulii
1254 2317 1460 2381 MDCccxcv,

358 2405 577 2471 Pontificatus
594 2407 709 2472 Nostri
726 2427 816 2470 anno
831 2406 965 2470 decimo
979 2416 1111 2472 octavo.

1067 2577 1163 2645 LEO
1190 2580 1251 2644 PP.
1275 2579 1379 2645 Xlll.
