3117 4859
177 379 228 428 nn
257 373 463 428 rusrmuro
492 364 512 390 ‘¹
531 379 555 425 A
584 375 875 428 euoencarroua
904 378 1017 429 noer.
1039 354 1058 380 '⁹
1158 379 1180 444 9

1128 482 1181 489 .--

77 534 244 617 religionis
261 533 382 596 notitia
399 533 512 614 possit.
531 533 600 595 Ista
625 541 658 594 et
682 531 804 594 similia
819 530 949 596 efficere
975 542 1122 614 quantae
1138 532 1181 594 sit
1270 557 1300 600 24

4 655 5 664 ¹
76 641 248 722 impensae
264 637 421 714 futurum,
437 646 568 700 vosmet
592 635 688 699 iacile
712 636 899 718 intelligitis
914 636 1042 716 ;'simul
1059 635 1181 700 intelli·
1247 603 1323 719 582ss.

74 744 161 828 gitis,
176 753 247 808 tarn
266 741 380 806 multis
396 742 494 805 rebus
507 750 541 804 et
558 740 689 820 magnis
714 759 780 802 non
798 760 897 822 posse
913 740 1104 806 Orientales
1117 739 1180 804 Ec-

74 849 192 912 clesias
209 847 349 912 omnino
365 866 423 928 per
439 865 474 908 se
490 846 580 928 ipsas
603 863 785 922 occurrere,
814 865 873 908 nec
898 863 997 927 posse
1022 853 1136 907 tamen
1160 863 1180 907 a

74 952 190 1030 Nobis,
204 952 256 1015 his
268 969 377 1015 rerum
389 949 561 1032 angustiis,
574 969 674 1032 quam
688 949 850 1014 vellemus
865 970 964 1031 opem
977 949 1128 1013 conferri.
1138 985 1181 998 -

75 1058 193 1121 Restat
211 1066 248 1120 ut
264 1066 344 1139 apta
361 1055 510 1123 subsidia
526 1056 705 1136 praecipue
720 1065 977 1138 opportuneque
993 1075 1037 1118 ex
1059 1075 1099 1117 eo
1124 1073 1178 1135 pe·
1237 1073 1357 1124 Subrium

73 1170 195 1238 tantur,
224 1160 313 1244 quod
341 1160 442 1224 modo
468 1159 689 1236 laudavimus,
717 1159 898 1236 instituto;
926 1160 1019 1223 cuius
1043 1159 1178 1242 quidem
1206 1141 1336 1255 mm

73 1266 282 1346 propositum
299 1283 375 1327 cum
400 1261 457 1324 illo
474 1261 573 1344 plane
588 1262 746 1325 cohaeret
762 1264 851 1344 quod
871 1261 941 1344 ipsi
962 1282 1051 1327 nunc
1067 1261 1181 1325 animo
1204 1272 1356 1347 pereepturo-

72 1369 290 1434 destinamus.
308 1367 356 1430 At
373 1365 472 1430 simul
489 1387 578 1444 vero,
594 1386 636 1428 ne
659 1366 865 1448 apostolicae
883 1367 1071 1444 Missiones,
1094 1368 1180 1430 deri·
1206 1345 1345 1402 querpsum

72 1473 155 1535 vatis
184 1470 366 1556 partimin
393 1469 538 1534 alienum
567 1490 663 1534 usum
689 1470 812 1552 quibus
839 1469 974 1534 aluntur
997 1471 1181 1553 praesidiis,
1208 1469 1343 1520 caruerat

74 1577 258 1659 quidquam
269 1583 466 1657 accepturae
478 1575 544 1637 sint
555 1575 757 1651 detrimenti,
771 1594 975 1657 magnopere
987 1573 1180 1640 instandum

76 1689 130 1757 est,
140 1691 177 1745 ut
189 1701 233 1744 eo
249 1679 371 1762 largius
387 1678 628 1743 catholicorum
643 1680 675 1742 in
688 1680 797 1760 ipsum
811 1679 929 1743 influat
939 1679 1128 1744 liberalitas.
1142 1717 1181 1728 -
1207 1749 1300 1784 m
1311 1735 1356 1784 ln-

77 1781 227 1848 Similem
246 1794 359 1848 autem
376 1784 565 1847 cautionem
584 1792 710 1847 rectum
724 1792 775 1846 est
786 1783 1044 1866 adhiberi,quod
1059 1784 1180 1847 attinet
1206 1802 1325 1852 stitutum
1341 1818 1357 1851 a

76 1887 114 1950 ad
139 1889 242 1952 affine
269 1899 302 1952 et
327 1889 467 1972 perutile
495 1887 690 1951 lnstitutum
718 1909 739 1951 a
767 1886 895 1952 Scholia
920 1887 1076 1966 Orientis,
1097 1887 1181 1951 alias
1206 1866 1319 1982 ῧξξξέξς

75 2004 210 2058 auctum
228 1993 523 2058 commendatione
549 1993 674 2057 Nostra
689 2013 697 2071 ;
722 1993 918 2074 praesertim
935 2013 1049 2075 quum,
1066 1993 1179 2058 mode·
1205 1999 1279 2062 larga
1295 1999 1358 2062 serpo

78 2099 244 2162 ratoribus
268 2098 339 2161 eius
366 2107 480 2180 aperte
507 2096 675 2181 pollicitis,
701 2105 856 2179 paratum
879 2096 1032 2161 similiter
1058 2098 1111 2176 sit,
1137 2098 1180 2161 de
1205 2070 1348 2180 maram

76 2202 160 2286 stipe
176 2225 196 2267 a
213 2223 250 2266 se
275 2203 438 2284 cogenda,
464 2202 580 2282 Nobis,
602 2197 766 2284 quantum
791 2201 959 2284 copiosius
984 2202 1122 2280 licuerit,
1145 2204 1178 2266 in

76 2305 161 2372 idem
179 2305 444 2372 subministrare.

116 2411 155 2477 Id
173 2422 227 2478 est
244 2412 353 2494 igitur,
368 2411 586 2478 Venerabiles
602 2411 746 2490 Fratres,
773 2413 805 2474 in
822 2431 890 2494 quo
907 2421 1016 2476 vestra
1031 2411 1178 2494 singula·
1228 2443 1234 2449 ·
1253 2451 1355 2515 Em,

75 2514 150 2580 riter
176 2515 288 2580 officia
309 2517 545 2599 exposcimus:
570 2536 679 2598 neque
705 2515 901 2581 dubitamus
923 2517 1003 2598 quin
1027 2537 1096 2593 vos,
1122 2517 1179 2598 qui
1200 2517 1340 2580 posnam·

75 2617 259 2686 Nobiscum
270 2620 440 2702 religionis
450 2630 484 2684 et
497 2621 662 2684 Ecclesiae
677 2641 830 2684 caussam
843 2622 1006 2685 sustinere
1016 2630 1050 2685 et
1063 2641 1177 2704 prove·
1204 2583 1355 2697 :mian

74 2722 149 2790 here
165 2727 276 2790 modis
293 2717 449 2789 omnibus
465 2725 597 2788 assidue
616 2726 769 2802 studetis,
794 2727 963 2807 egregiam
982 2725 1090 2789 Nobis
1106 2726 1178 2789 sitis
1205 2714 1355 2829 mags?

74 2847 210 2910 operam
225 2831 386 2893 navaturi.
405 2827 535 2892 Efficite
548 2829 665 2892 sedulo
678 2839 714 2893 ut
727 2830 760 2892 in
774 2827 927 2893 fidelibus
939 2849 1039 2894 curae
1050 2839 1178 2895 vestrae
1205 2844 1235 2895 Fi
1254 2845 1277 2894 ei
1288 2861 1329 2894 cu·

75 2934 261 2998 commissis
277 2933 350 3016 ipsa
377 2954 398 2996 a
425 2933 666 3015 Propagatione
688 2931 787 2995 Fidei
806 2931 1029 3008 Consociatio,
1051 2942 1178 3015 quanta
1204 2913 1354 3026 {252³ss

76 3039 225 3102 maxima
242 3039 358 3119 possit,
369 3039 480 3121 capiat
493 3038 705 3100 incrementa.
723 3037 787 3100 Pro
803 3046 895 3100 certo
910 3038 999 3100 enim
1017 3037 1178 3100 habemus
1203 3042 1356 3109 tr'ssr'nudr‘f·

75 3137 150 3218 lore,
169 3149 207 3204 ut
225 3139 332 3203 multo
349 3140 459 3224 plures
480 3140 562 3204 dent
578 3141 607 3203 ei
625 3140 766 3203 libenter
782 3160 905 3204 nomen
922 3151 955 3204 et
972 3141 1099 3223 largam
1117 3160 1179 3223 pro
1196 3107 1355 3238 ma„

77 3242 234 3311 facultate
257 3245 428 3308 conserant
445 3246 577 3328 stipem,
600 3245 627 3308 si
655 3265 713 3327 per
738 3266 797 3310 vos
821 3245 920 3327 plane
946 3247 1178 3328 perspexerint
1203 3240 1329 3354 {flaum-

77 3367 158 3430 quae
173 3349 219 3413 sit
242 3349 391 3413 eiusdem
420 3351 625 3432 praestantia
650 3360 683 3414 et
708 3369 810 3432 quam
837 3348 930 3413 dives
955 3349 1177 3433 spiritualium
1203 3313 1354 3420 affirm.

76 3451 238 3518 bonorum
255 3453 362 3536 copia,
378 3463 571 3536 quantaque
587 3453 664 3517 inde
678 3455 723 3516 rei
735 3454 935 3518 christianae
950 3455 1178 3519 emolumenta
1346 3465 1354 3475 '

76 3555 189 3622 sintin
216 3577 375 3640 praesens
403 3558 534 3641 optimo
560 3559 629 3622 iure
653 3561 829 3642 speranda.
858 3560 897 3624 Id
920 3570 1009 3624 certe
1024 3559 1178 3624 homines
1284 3539 1290 3552 ⁵

76 3665 257 3730 catholicos
284 3663 386 3729 debet
408 3675 540 3728 movere
565 3665 707 3745 penitus,
734 3685 838 3748 quum
864 3667 1018 3730 noverint
1045 3665 1126 3729 nihil
1144 3687 1178 3730 se

77 3782 172 3844 posse
198 3767 307 3831 Nobis
334 3767 442 3831 lacere
467 3778 536 3831 tam
565 3778 708 3850 gratum,
725 3787 833 3852 neque
848 3769 912 3833 sibi
941 3769 1179 3854 Ecclesiaeque

78 3877 142 3936 tarn
159 3875 316 3951 salutare,
331 3893 433 3957 quam
454 3873 501 3936 sic
527 3875 615 3939 votis
640 3875 871 3939 obsecundare
890 3875 1034 3952 Nostris,
1057 3876 1104 3940 uti
1122 3876 1177 3940 tri-

77 3971 174 4042 buere
200 3978 351 4041 studiose
375 3987 503 4042 certent
531 3979 620 4042 unde
647 3998 695 4055 ea,
722 3999 808 4062 quae
839 3977 1061 4044 Orientalium
1089 3981 1179 4045 bono

80 4076 300 4146 Ecclesiarum
314 4082 559 4159 constituimus,
582 4101 617 4145 re
633 4073 705 4165 ipsa
721 4085 958 4148 convenienter
974 4083 1179 4168 feliciterque

79 4195 291 4262 praestemus.
307 4185 356 4250 At
373 4185 476 4264 Deus,
490 4188 584 4250 cuius
600 4187 696 4251 unice
708 4189 819 4270 agitur
834 4189 940 4270 gloria
956 4189 990 4251 in
1006 4188 1177 4254 christiani
1276 4200 1354 4276 uivi-

81 4289 221 4352 nominis
236 4288 500 4372 amplificatione
516 4301 550 4355 et
565 4292 598 4354 in
615 4301 732 4355 sancta
751 4291 900 4357 eiusdem
929 4290 1006 4357 fidei
1030 4313 1069 4357 ac
1090 4295 1178 4377 regi·
1200 4281 1327 4395 mim

82 4393 176 4458 minis
188 4393 433 4474 coniunctione,
449 4395 581 4461 Nostris
598 4396 857 4480 benignissimus
873 4397 1022 4481 adspiret
1044 4397 1176 4463 deside·
1222 4397 1354 4446 maurum
