3117 4859
366 330 434 401 108
488 350 669 405 EPISTOLA
688 354 899 408 ENCYCLICA
920 344 940 374 “
959 358 1121 409 MAGNAE
1139 359 1205 409 DEI
1225 360 1384 411 MATRIS.
1401 338 1424 362 Η

220 509 277 559 Vim
284 510 333 588 leg·
361 501 444 565 riale
455 501 636 567 Rosarium
646 506 821 586 potissime
836 508 1091 589 assequendum.
1108 544 1152 557 -
1167 508 1225 573 Ab
1241 510 1314 591 ipsa
1331 510 1384 573 rei
1396 508 1487 573 satis

200 591 332 705 mm
360 607 495 689 cognita
522 608 777 693 origine,quam
807 610 976 691 praeclara
1004 624 1223 676 monumenta
1243 612 1426 677 illustrant
1451 622 1487 676 et

180 712 285 819 550⁸&
294 707 332 783 φ’·
359 712 697 777 commemoravimus
714 712 784 795 Ipsi
800 732 867 777 non
892 713 1004 791 semel,
1020 724 1223 799 praepotens
1239 716 1288 779 vis
1312 716 1391 781 cius
1410 716 1487 780 lau·

180 786 332 886 aasz
360 814 466 878 datur.
490 812 681 898 Quoenim
706 826 859 900 tempore
885 817 1120 902 Albigensium
1146 832 1247 897 secta,
1266 819 1488 903 integritatis

180 854 333 1017 efffigjnjjf
360 914 436 979 fidei
454 936 652 1001 morumque
668 921 778 1001 specie
794 920 929 1003 quidem
946 921 1081 1000 fautrix,
1097 943 1131 986 re
1146 943 1224 987 vera
1240 924 1487 1005 perturbatrix

181 1039 227 1081 stes
242 1032 332 1110 acac·
360 1020 505 1100 pessima
521 1030 554 1085 et
578 1023 779 1105 corruptrix,
795 1042 919 1106 magno
941 1025 1056 1089 multis
1075 1025 1237 1114 gentibus
1254 1036 1326 1090 erat
1357 1028 1488 1103 exitio,

208 1098 332 1227 mx
359 1123 392 1185 in
409 1141 484 1186 earn
500 1124 810 1207 consceleratasque
841 1124 1003 1190 sactiones
1026 1128 1190 1210 pugnavit
1216 1128 1384 1206 Ecclesia,
1411 1150 1484 1193 non

196 1235 330 1307 gisama-
357 1227 463 1308 copiis
490 1246 599 1310 neque
614 1228 724 1306 armis,
747 1229 807 1293 sed
829 1230 1024 1311 interposita
1048 1232 1225 1313 praecipue
1249 1233 1485 1298 sacratissimi

181 1300 333 1409 mm
360 1327 491 1392 Rosarii
518 1331 649 1407 virtute,
664 1331 757 1395 cuius
783 1332 884 1395 ritum
902 1334 976 1414 ipsa
993 1332 1175 1397 Dominico
1202 1336 1290 1417 patri
1319 1334 1484 1419 Deipara

176 1425 331 1541 {2²5ssss
357 1433 497 1499 tradidit
523 1436 807 1518 propagandum
830 1445 931 1519 atque
963 1438 1010 1501 ita
1036 1437 1079 1501 de
1094 1437 1262 1509 ,omnibus
1292 1438 1486 1523 magnifice

180 1556 264 1605 remus
272 1556 330 1605 Ma·
358 1536 489 1614 victrix,
504 1556 641 1602 suorum
657 1539 767 1614 saluti,
792 1547 864 1602 turn
881 1556 939 1621 per
955 1556 1041 1615 cam,
1057 1547 1129 1604 tum
1146 1560 1204 1622 per
1231 1540 1361 1604 similes
1380 1542 1484 1605 dein·

177 1620 331 1750 {2232}
358 1659 436 1721 ceps
449 1639 622 1721 procellas,
633 1642 728 1704 exitu
741 1660 873 1724 semper
884 1640 1033 1723 glorioso
1049 1642 1224 1707 consuluit.
1235 1640 1481 1726 Quamobrem

181 1767 252 1810 nam,
268 1752 332 1800 atde
359 1742 392 1807 in
405 1742 468 1807 hoc
482 1761 590 1808 rerum
607 1753 642 1809 et
657 1745 836 1809 hominurn
853 1764 950 1808 cursu
968 1764 1068 1827 quern
1079 1746 1323 1831 conquerimur,
1339 1744 1482 1813 luctuo

180 1817 333 1932 fiam?
358 1866 431 1911 sum
459 1845 620 1931 religioni,
648 1848 969 1932 perniciosissimum
997 1850 1045 1913 rei
1073 1849 1237 1932 publicae,
1253 1850 1325 1932 pari
1350 1870 1481 1917 omnes

180 1949 333 2064 ’¹1'beAE
358 1951 484 2035 pictate
514 1965 667 2019 sanctam
699 1954 766 2018 Dei
797 1952 1002 2019 Genitricem
1033 1956 1257 2019 communiter
1286 1954 1481 2038 implorare

221 2080 330 2142 largien-
358 2081 499 2126 exorare
514 2071 658 2144 oportet,
675 2072 711 2125 ut
743 2061 900 2125 eamdem
919 2061 989 2125 eius
1014 2059 1148 2125 Rosarii
1174 2063 1333 2126 virtutem
1351 2082 1479 2128 secuu-

271 2152 329 2196 ‘m‘
358 2166 439 2229 dum
457 2175 537 2229 vota
553 2165 717 2230 laetemur
742 2167 884 2246 experti.
901 2202 944 2213 -—
961 2165 1144 2229 Enimvero
1168 2185 1271 2249 quum
1297 2167 1480 2249 precando

358 2266 570 2349 confugimus
586 2269 629 2332 ad
647 2266 801 2345 Mariam,
816 2269 859 2332 ad
878 2268 1023 2332 Matrem
1049 2268 1300 2334 Misericordiae
1314 2270 1478 2354 confugi·

360 2390 443 2448 mus,
458 2373 506 2433 ita
522 2371 555 2434 in
573 2391 635 2434 nos
647 2369 813 2447 affectam,
829 2382 865 2436 ut
878 2371 1114 2456 qualicumque
1126 2374 1334 2450 necessitate,
1348 2376 1398 2440 ad
1412 2376 1478 2438 im·

358 2475 508 2540 mortalis
541 2475 737 2558 praesertim
769 2476 858 2541 vitae
888 2477 1114 2559 adeptionem,
1144 2497 1344 2561 premamur,
1377 2480 1477 2545 illico

358 2580 455 2643 nobis
471 2589 504 2645 et
519 2579 617 2658 ultro,
632 2601 674 2644 ne
690 2591 811 2645 vocata
834 2582 980 2664 quidem,
997 2592 1131 2663 praesto
1147 2582 1192 2645 sit
1206 2601 1347 2664 semper,
1364 2592 1477 2667 atque

357 2688 399 2751 dc
415 2687 573 2753 thesauro
584 2686 745 2772 largiatur
760 2688 849 2753 illius
860 2689 988 2772 gratiae
1004 2708 1070 2772 qua
1084 2690 1162 2753 inde
1175 2689 1219 2753 ab
1231 2690 1326 2753 initio
1338 2690 1476 2756 donata

357 2802 408 2855 cst
426 2791 527 2872 plena
541 2791 639 2874 copia
654 2812 675 2856 a
702 2793 787 2871 Dec,
802 2793 905 2875 digna
930 2802 967 2855 ut
982 2792 1054 2857 eius
1072 2802 1178 2857 mater
1199 2790 1369 2857 existeret.
1390 2794 1477 2860 Hac

357 2895 483 2960 scilicet
498 2896 626 2977 gratiae
642 2898 749 2980 copia,
765 2917 851 2980 quae
879 2898 912 2961 in
930 2897 1045 2961 multis
1062 2896 1212 2980 Virginis
1241 2897 1399 2962 laudibus
1420 2910 1476 2965 est

357 2999 629 3083 praeclarissima,
645 2998 746 3082 longe
762 3001 835 3082 ipsa
866 3002 994 3065 cunctis
1009 3000 1184 3064 hominum
1205 3010 1239 3064 et
1266 2998 1475 3082 angelorum

357 3104 530 3168 ordinibus
540 3102 720 3179 antecellit,
732 3102 868 3169 Christo
879 3124 945 3167 una
958 3104 1110 3168 omnium
1124 3104 1279 3186 proxima
1289 3102 1479 3186 :Magnum

355 3206 443 3269 enim
465 3217 514 3270 est
528 3206 563 3271 in
584 3205 726 3290 quolibet
737 3216 855 3285 sancto,
881 3206 1011 3290 quando
1033 3205 1130 3270 habet
1152 3216 1284 3271 tantum
1299 3206 1338 3270 dc
1347 3209 1476 3289 gratia

356 3308 574 3393 quodsufficr't
585 3309 784 3374 adsalutem
801 3309 979 3375 multorum
995 3332 1008 3374 .·
1022 3308 1082 3374 sed
1097 3310 1227 3393 quando
1247 3310 1379 3375 haberet
1396 3320 1477 3374 tan-

357 3425 436 3492 tum,
451 3414 539 3497 quod
543 3414 700 3498 sufficeret
720 3414 920 3478 adsalutem
933 3414 1080 3477 omnium
1102 3412 1272 3477 hominum
1287 3414 1327 3476 dr
1337 3414 1475 3487 mundo,

357 3520 500 3584 hocessct
508 3519 707 3593 maximum
716 3518 868 3583 erhocest
878 3519 912 3580 in
921 3516 1049 3583 Christo
1058 3526 1089 3581 et
1100 3517 1135 3581 in
1148 3516 1254 3581 Beata
1269 3516 1407 3599 Virgine
1420 3518 1474 3601 (¹).

210 3640 331 3689 Gratissi-
360 3623 401 3688 Ei
418 3642 478 3687 nos
494 3624 604 3705 igitur,
619 3642 724 3706 quum
740 3624 849 3706 gratia
865 3623 998 3705 plenam
1016 3621 1170 3702 angelico
1186 3621 1366 3702 praeconio
1378 3622 1473 3685 salu·

192 3705 333 3835 22?pr
358 3737 478 3801 tamus,
508 3728 730 3809 eamdemque
757 3729 911 3791 iteratam
939 3725 1073 3788 laudern
1091 3723 1124 3786 in
1142 3743 1283 3787 coronas
1308 3722 1370 3786 rite
1388 3742 1474 3787 con-

232 3837 333 3914 carrium
358 3833 532 3908 nectimus,
546 3829 612 3895 dici
628 3831 688 3895 vix
710 3840 823 3915 potest
838 3848 940 3914 quam
957 3838 1090 3912 gratum
1108 3836 1331 3911 optatumque
1353 3825 1474 3891 ieceri-

192 3902 333 4018 ”5'1'2'2
360 3957 434 4001 mus
452 3958 459 3999 :
474 3936 574 3999 toties
586 3935 675 4000 enim
692 3956 712 4000 a
729 3934 826 4000 nobis
843 3935 1002 3997 memoria
1019 3932 1114 4015 quasi
1139 3932 1308 3997 excitatur
1327 3940 1397 3995 turn
1418 3932 1472 3994 di-

358 4043 497 4127 guitatis
513 4042 584 4105 eius
599 4041 762 4117 excelsae,
778 4050 850 4105 turn
868 4040 972 4103 initae
988 4060 1008 4102 a
1025 4038 1103 4103 Deo
1118 4058 1176 4121 per
1199 4039 1308 4120 ipsam
1326 4035 1470 4101 humaui

358 4147 489 4228 generis
520 4146 786 4227 redemptionis;
810 4144 899 4207 unde
922 4142 1024 4207 etiarn
1053 4150 1318 4206 commemorata
1341 4141 1470 4222 pendet

358 4249 472 4312 divina
487 4259 521 4311 et
537 4258 698 4330 perpetua
719 4244 942 4321 necessitudo,
957 4265 1025 4328 qua
1051 4236 1124 4328 ipsa
1140 4264 1217 4308 cum
1242 4243 1368 4309 Christi
1384 4264 1467 4327 gau·

360 4344 1472 4437 W
