3117 4859
94 369 104 388 'a
177 379 181 382 ,

99 395 104 400 ·
131 383 149 401 'v
165 385 179 402 ἰ
199 383 240 403 ’ν’
270 385 290 405 'v
307 387 326 404 ἰ,
345 387 364 406 ¹·-
383 388 403 407 ὐ
420 389 439 408 ⁸„
457 391 499 409 ’,ν
531 391 549 410 1,
567 392 583 411 ⁸⁵
613 401 625 410 ν
641 392 662 410 v„
679 393 696 412 a„
715 393 736 412 'v
753 393 772 412 ιν
791 393 809 410 v„
828 386 848 411 γ’,
864 393 884 412 ’ν
899 391 944 410 syr
975 393 994 410 v„
1013 391 1032 410 ¹„
1050 366 1186 439 RQ

117 424 1151 446 .....................................................................................................

97 442 1185 735 ÷—t

95 679 1184 960 5—5

155 916 338 980 nmers
367 921 721 984 msrmuaums
745 925 799 984 m
820 925 954 984 unae
980 923 1106 985 cou—
1140 856 1183 1108 Eg

489 1100 767 1165 STITUI'I'UR.

288 1384 538 1448 PIENTERolim
550 1394 583 1447 et
594 1384 1183 1468 felicitermensprovidadecessoris
1248 1398 1317 1485 rbi

85 1392 391 1657 μξῖΝοεπί
403 1485 555 1569 Gregorii
566 1487 657 1552 XIII
670 1489 808 1553 illustris
818 1490 1062 1555 Maronitarum
1074 1493 1183 1555 natio·
1247 1477 1322 1560 1891:

84 1452 257 1705 {¹3
276 1588 326 1652 nis
343 1588 433 1654 bono
448 1590 626 1669 consuluit,
641 1593 699 1674 qui
722 1594 827 1674 probe
848 1594 1052 1675 perspiciens
1075 1614 1182 1676 quan·
1219 1612 1361 1677 Hospitalis

85 1692 259 1768 mab
276 1706 348 1759 tum
365 1695 493 1759 solidae
508 1696 680 1760 doctrinae
701 1698 924 1779 excultaeque
950 1699 1083 1763 virtutis
1106 1699 1183 1762 laus
1208 1679 1328 1809 &a

85 1822 142 1865 non
158 1804 199 1865 ad
217 1801 383 1885 privatam
399 1797 501 1861 modo
513 1798 572 1861 sed
585 1798 628 1862 ad
643 1799 812 1881 publicam
825 1799 1005 1863 utilitatem
1022 1799 1182 1878 conferat,
1209 1809 1331 1859 Xlllad

86 1905 320 1970 Maronitarum
334 1901 522 1983 Collegium
540 1902 572 1965 in
589 1902 652 1965 hac
668 1903 758 1967 alma
773 1904 855 1967 urbe
871 1904 1055 1981 constituit,
1064 1905 1097 1967 in
1115 1926 1183 1986 quo
1206 1877 1355 1991 {2222ss

86 2009 210 2074 iuvenes
226 2007 339 2073 clerici
354 2006 504 2069 eiusdem
518 2006 664 2070 nationis
685 2006 728 2070 ad
745 2007 874 2088 optima
890 2007 1003 2070 studIa
1027 2016 1061 2069 et
1078 2007 1181 2070 eccle·
1207 2007 1342 2119 mx·

85 2116 243 2181 siasticam
260 2111 474 2195 disciplinam
491 2113 553 2175 rite
580 2113 821 2177 excolerentur.
848 2113 998 2177 Tantum
1021 2112 1180 2176 Pontifex
1206 2144 1293 2197 mera,
1306 2136 1338 2186 ab

85 2222 131 2285 ille
159 2216 474 2305 providentissimus
500 2237 622 2299 operae
653 2217 797 2300 pretium
828 2237 864 2282 se
889 2220 1053 2283 facturum
1076 2219 1109 2281 in
1138 2237 1179 2281 eo
1205 2203 1333 2318 {mjff

81 2323 221 2408 Collegio
246 2322 432 2387 excitando
447 2320 665 2398 existimavit,
689 2331 727 2385 ut
742 2322 814 2385 eius
828 2341 948 2387 caussa
975 2321 1177 2405 hospitalem
1203 2336 1280 2383 estin
1293 2350 1328 2383 se-

79 2425 205 2491 domum
222 2424 409 2509 peregrlnis
432 2424 611 2488 Maronitis
626 2424 847 2508 excipiendis,
869 2425 911 2489 ad
929 2425 963 2491 S.
981 2426 1118 2490 loannis
1134 2425 1177 2489 de
1199 2398 1355 2528 ἕξῗῇζζξ

77 2526 196 2595 Ficoria
212 2531 246 2595 in
265 2528 537 2613 reglonariovico
553 2530 596 2593 ad
607 2528 716 2592 lacum
734 2528 883 2613 Virginis
900 2539 1001 2594 antea
1012 2530 1045 2593 ln
1059 2530 1140 2593 urbe
1156 2549 1177 2590 a
1203 2531 1330 2591 mamm,

76 2649 107 2693 se
121 2631 306 2711 fundatam,
321 2632 354 2695 in
371 2632 485 2696 sedem
500 2630 675 2696 memorati
687 2630 829 2714 Collegii
843 2632 1053 2708 converterit,
1065 2652 1104 2695 ac
1116 2651 1176 2713 per

74 2734 283 2815 Apostolicas
308 2736 435 2799 litteras
452 2753 542 2798 anno
557 2746 760 2799 MDLxxxlv
774 2735 882 2812 datas,
897 2735 1076 2818 pristinum
1097 2734 1175 2799 hos·

76 2838 177 2917 pitalis
189 2841 313 2907 domus
328 2839 531 2915 institutum,
546 2839 589 2903 ad
616 2838 695 2903 iusti
722 2848 756 2902 et
783 2838 925 2921 legitimi
953 2838 1096 2921 Collegii
1122 2840 1174 2902 ius

76 2950 104 3004 et
118 2944 342 3008 conditionem
354 2944 512 3007 evexerit.
531 2942 735 3008 Huiusmodi
749 2942 892 3027 Collegii
909 2944 1006 3007 sedes
1017 2945 1087 3008 duo
1102 2963 1172 3007 am·
1206 3014 1212 3026 ,
1244 2950 1351 3011 perdiu

76 3044 152 3125 plius
168 3046 307 3113 saecula
322 3048 500 3112 incolumis
517 3048 650 3125 mansit,
659 3068 698 3111 ac
714 3047 828 3112 divina
844 3048 1038 3130 adspirante
1065 3051 1173 3131 gratia
1199 3014 1351 3131 istim]

76 3168 112 3212 ex
125 3151 192 3216 eius
204 3153 383 3236 disciplina
393 3153 571 3217 illustrium
582 3153 728 3216 virorum
738 3172 837 3235 seges
849 3153 1032 3217 laetissima
1042 3154 1174 3235 prodiit,
1200 3148 1271 3207 rimi,

75 3256 134 3334 qui,
158 3256 206 3321 uti
234 3276 350 3321 eorum
375 3268 566 3339 temporum
595 3256 756 3320 memoria
782 3256 891 3334 docet,
909 3264 943 3319 et
970 3257 1104 3338 egregie
1130 3256 1173 3319 de

76 3354 217 3424 Ecclesia
234 3370 434 3438 memerunt,
444 3372 478 3426 et
495 3359 733 3423 Maroniticum
758 3379 882 3424 nomen
899 3378 958 3422 sua
985 3359 1174 3422 eruditione

75 3476 108 3521 ac
123 3460 291 3527 laboribus
313 3461 529 3526 illustrarunt.
547 3462 587 3525 In
612 3461 675 3525 hac
687 3462 933 3543 praestantium
958 3457 1171 3523 alumnorum

74 3567 162 3647 copia
177 3568 269 3633 iuvat
286 3587 471 3633 memorare
487 3568 695 3633 Assemauos
711 3586 751 3631 ac
773 3567 955 3649 losephum
982 3565 1171 3631 Simonium

74 3671 241 3752 praecipue
257 3673 378 3735 celebri
397 3672 487 3736 fama
502 3673 619 3749 virum,
634 3670 688 3735 cui
704 3670 884 3735 orientales
900 3668 1032 3734 litterae
1047 3679 1080 3731 et
1102 3668 1172 3732 Va·

74 3768 174 3836 titana
185 3772 310 3839 Nostra
325 3775 536 3840 Bibliotheca
560 3775 674 3857 plures
689 3774 811 3838 veteris
820 3772 1017 3838 eruditionis
1044 3782 1077 3835 et
1094 3771 1173 3835 doc-

72 3875 169 3939 trinae
194 3877 369 3943 thesauros
399 3880 535 3956 debent,
564 3878 801 3943 Abrahamum
832 3879 913 3941 item
952 3876 1172 3952 Ecchellensi,

73 3976 238 4047 doctorum
254 3983 398 4047 virorum
412 3982 569 4047 laudibus
583 3982 870 4053 commendatum.
888 3982 1009 4063 quibus
1022 3980 1171 4064 praecla-

74 4078 183 4147 rissimi
200 4084 257 4149 alii
268 4105 312 4149 ex
329 4086 542 4151 alumnorum
560 4105 701 4152 numero
716 4086 777 4149 viri
794 4085 993 4150 accensendi
1022 4093 1100 4148 sunt
1127 4087 1170 4148 ad

75 4186 317 4262 patrIarcbalem
327 4188 379 4252 vel
390 4188 615 4272 episcopalem
632 4188 832 4273 dignitatem
849 4190 966 4267 evecti,
980 4207 1122 4271 quorum
1137 4197 1171 4250 et

76 4282 236 4351 doctrinae
245 4290 460 4371 praestantia,
475 4300 509 4355 et
518 4290 623 4356 virtus
639 4291 673 4355 in
690 4293 890 4357 reducendis
905 4293 949 4357 ad
965 4290 1166 4356 catholicam

77 4388 228 4456 unitatem
243 4392 349 4458 deviis
373 4395 566 4461 hominibus
590 4395 767 4480 splendide
793 4395 926 4463 effulsit.
955 4398 1012 4464 Ob
1036 4406 1168 4461 tantum
