3117 4859
144 2177 160 2194 ·’
178 2179 191 2194 s
214 2177 231 2194 ⁹
257 2176 272 2207 τ·
299 2157 557 2241 sumpserintet
573 2154 803 2219 Parochialem
816 2157 945 2236 aedem,
954 2158 1006 2223 vel
1018 2161 1203 2224 oratorium

101 2264 277 2346 publicum,
300 2264 422 2327 devote
446 2260 662 2338 visitaverint,
678 2259 793 2341 ibique
816 2260 1023 2346 aliquamdiu
1041 2264 1083 2328 ad
1110 2283 1202 2327 men·

102 2378 162 2431 tem
179 2369 341 2433 Nostram
359 2366 488 2429 orando
513 2364 728 2445 perstiterint,
744 2363 990 2447 indulgentiam
1017 2366 1202 2450 plenariam

102 2471 322 2555 consequendi
348 2471 399 2533 ius
414 2476 488 2533 esto
504 2467 633 2545 diebus,
648 2467 704 2551 qui
721 2466 808 2531 inira
830 2470 945 2553 scripti
962 2480 1051 2536 sunt.

111 2659 114 2666 .
142 2611 165 2674 l.
180 2610 246 2675 Dic
270 2628 339 2692 quo
355 2606 651 2673 Consociationem
682 2605 836 2681 adierint,
862 2606 986 2671 emissa
1018 2606 1202 2675 Consecra-

101 2716 194 2779 tionis
214 2714 362 2782 formula
378 2734 399 2777 a
413 2710 523 2776 Nobis
538 2728 598 2793 per
614 2709 774 2773 Nostram
793 2707 934 2773 Rituum
962 2708 1204 2796 congregatio·

102 2839 171 2884 nem
188 2822 341 2903 probata,
357 2827 392 2882 et
407 2818 441 2880 in
458 2813 525 2879 line
539 2813 639 2877 huius
655 2812 774 2877 indicis
790 2811 905 2877 relata.

142 2956 184 3020 ll.
200 2956 281 3040 Quo
297 2954 353 3017 die
368 2954 403 3017 in
418 2973 510 3017 anno
525 2952 690 3036 generalis
700 2963 886 3017 conventus
901 2952 1091 3032 habebitur,
1106 2954 1205 3019 iuxta

102 3062 255 3145 cuiusque
272 3059 346 3135 loci,
358 3058 393 3121 in
408 3076 478 3141 quo
499 3064 597 3119 extat
613 3053 839 3132 Consociatio,
854 3055 1145 3133 consuetudinem,
1163 3057 1206 3123 ad

104 3165 263 3228 sodalium
277 3173 415 3246 pactum
433 3160 676 3225 renovandum.

143 3301 207 3367 Ill.
223 3300 356 3365 Diebus
371 3296 592 3363 festivitatum

188 3459 221 3510 ιο
237 3444 436 3510 Natiuitatis

184 3562 221 3612 2⁰
236 3548 510 3616 circumcisionis

186 3666 221 3734 3⁰
237 3654 452 3737 Epiphaniae
559 3445 583 3943 ἶ
624 3651 667 3717 D.
685 3654 727 3717 N.
746 3652 771 3717 l.
788 3652 826 3719 C.

183 3770 222 3837 4⁰
238 3755 508 3822 Resurrectionis

186 3873 222 3941 50
238 3860 459 3925 Ascensionis

186 4080 224 4147 7⁰
240 4066 438 4131 Natiuitatis

187 4174 224 4235 80
240 4171 522 4235 Annuntiationis

185 4288 224 4354 90
240 4272 487 4339 Purificationis

185 3965 223 4026 60
240 3964 483 4029 immaculatae
504 3963 746 4047 conceptionis

759 3963 836 4457 }B
862 4167 898 4230 M
925 4166 959 4230 V

170 4388 226 4443 10⁰
243 4378 508 4461 Assumptionis.
