3117 4859
366 341 439 411 344
718 342 840 391 INDEX
867 340 1119 393 aunuvrtctJS.

367 494 481 552 Fideles
505 496 655 567 praeclara
675 496 791 551 occasio
816 510 877 549 atr.
896 524 932 535 —
957 495 1071 550 Rosarii
1097 512 1203 549 nomen
1224 510 1384 564 congruum
1406 497 1472 551 huic

365 584 501 653 precandi
517 584 626 639 formae
646 594 690 641 est
702 600 776 655 quae
791 585 933 653 Reginam
943 583 1024 639 Coeli
1038 584 1203 654 Rosamque
1222 584 1375 652 mysticam
1389 586 1474 639 Para-

364 672 418 727 disi
438 672 552 739 salutat,
572 672 714 743 nobisque
724 682 807 742 parat
818 671 928 741 gloriae
941 688 1079 727 coronam
1089 686 1215 726 arr-212.
1230 700 1265 709 —
1288 672 1338 727 Ad
1349 672 1471 727 salutem

364 760 441 815 enim
455 760 620 815 necessaria
632 760 725 815 oratio
734 768 789 827 est,
801 769 947 830 quactum
959 758 1083 814 maxime
1090 770 1135 813 est
1147 760 1248 815 efficax
1261 776 1329 813 cnm
1342 776 1473 830 perseve-

365 858 462 903 ranter
471 858 553 903 orant
567 848 728 919 complures
742 847 770 901 in
781 864 869 903 unum
879 846 1047 917 congregati
1061 860 1160 901 m.-
1173 848 1295 903 Constat
1308 864 1377 901 vero
1388 848 1474 901 Rosa·

366 938 398 991 rii
412 936 534 993 formula
552 932 687 1007 precibus
701 952 789 1007 saepe
805 935 953 1003 iterandis,
966 946 1053 1007 atque
1074 936 1113 989 ad
1132 936 1331 1006 precationem
1351 952 1474 989 commn-

366 1042 431 1079 nem
442 1024 753 1079 accommodatissimis
764 1038 862 1078 ata-21
867 1039 891 1093 (e
906 1054 941 1063 -
952 1024 1099 1079 Laudatur
1117 1023 1290 1079 familiarum
1309 1023 1475 1078 christiana·

366 1129 427 1167 rum
438 1112 618 1167 consuetudo
633 1112 786 1166 Rosarium
796 1110 937 1165 recitandi
950 1125 1050 1179 ²¹3·-
1063 1112 1206 1165 Memorat
1216 1109 1352 1165 Pontifex
1363 1111 1475 1166 decreta

365 1218 416 1255 sua
436 1201 472 1255 de
487 1200 609 1255 Rosario
623 1198 650 1253 in
661 1199 792 1254 ecclesiis
804 1198 962 1263 recitando,
973 1198 1010 1253 de
1023 1198 1145 1269 aliisque
1156 1199 1264 1267 gaudet
1286 1199 1382 1253 cultus
1403 1198 1474 1252 illins

365 1286 551 1342 incrementis
564 1302 595 1341 ar
600 1300 625 1354 3.
638 1316 673 1325 —
692 1286 883 1341 Communem
894 1285 1009 1341 Rosarii
1031 1288 1227 1356 precationem
1237 1286 1473 1356 iucundissimam

363 1374 462 1429 animo
486 1392 521 1430 ac
546 1374 764 1429 saluberrimam
786 1390 852 1429 esse
866 1374 998 1429 Pontifex
1010 1373 1213 1445 experimentis
1221 1374 1358 1443 cognovit
1372 1388 1432 1442 ²¹}
1443 1404 1474 1413 -

368 1464 434 1517 Non
447 1462 538 1518 nimia
545 1472 589 1517 est
599 1478 635 1517 ea
650 1461 754 1517 fiducia
766 1478 855 1533 quam
864 1462 894 1516 in
909 1462 1021 1517 Mariae
1034 1461 1180 1533 praesidio
1191 1462 1379 1529 collocamus,
1389 1476 1473 1531 qnam

364 1564 478 1622 praeter
490 1554 649 1624 perlectum
663 1552 889 1609 conciliatorem
901 1553 1047 1608 Christum
1061 1552 1109 1607 alii
1119 1552 1231 1623 possint
1240 1550 1401 1607 secundnm
1410 1550 1474 1620 qnid

365 1638 539 1695 mediatores
548 1640 605 1695 dici
620 1641 716 1694 Deum
731 1640 842 1695 interet
855 1640 997 1707 homines,
1008 1638 1087 1711 quod
1098 1639 1215 1709 quidem
1224 1637 1367 1708 imprimis
1377 1654 1475 1691 conve

367 1726 408 1782 nit
423 1727 536 1781 Mariae
561 1742 689 1797 alpais.
702 1758 738 1768 —
765 1729 833 1799 lpsa
846 1738 943 1797 partes
956 1728 1017 1795 egit
1042 1726 1071 1780 in
1084 1726 1198 1795 generis
1209 1726 1329 1780 humani
1349 1726 1475 1794 redemp

366 1816 445 1873 tione
469 1818 600 1887 eximias,
613 1834 684 1888 quas
709 1819 864 1873 Rosarium
888 1817 1012 1872 colendo
1034 1817 1264 1884 contemplamur
1288 1816 1394 1871 affectu
1415 1830 1475 1869 sna·

365 1905 486 1961 vissimo
499 1920 559 1973 are
583 1936 617 1945 —
633 1907 847 1962 lucrementum
867 1904 973 1974 accipit
998 1904 1154 1974 insignem
1172 1904 1287 1959 Rosarii
1299 1904 1378 1958 cultu
1388 1902 1474 1955 virtus

366 1993 442 2061 fidei,
455 1992 598 2063 siquidem
611 1992 683 2061 ejus,
702 1994 750 2063 qui
764 1992 830 2047 fidei
849 1993 959 2047 Auctor
970 2004 1016 2047 est
1028 2000 1057 2045 et
1076 2002 1299 2059 consummator,
1311 1991 1372 2045 vita
1383 1990 1473 2044 omnis

366 2078 534 2151 proponitur
558 2081 782 2147 contemplanda
804 2081 833 2133 in
858 2078 1005 2149 Mysteriis
1032 2079 1146 2133 Rosarii
1167 2090 1295 2146 214-215.
1327 2107 1364 2117 —
1395 2076 1471 2131 Fidei

367 2164 547 2235 profitendae
572 2164 738 2220 facultatem
770 2167 909 2237 optimam
934 2166 1075 2221 habemus
1099 2182 1135 2220 ex
1165 2166 1314 2220 vocalibus
1344 2164 1473 2235 precibus

367 2250 481 2305 Rosarii
494 2262 555 2321 ²¹5·
569 2278 605 2291 -
619 2250 746 2306 Pretium
759 2254 950 2323 meritumque
960 2251 1026 2307 fidei
1039 2253 1190 2323 exponitur
1200 2264 1304 2321 ²¹5···
1313 2254 1408 2307 Debet
1420 2250 1474 2306 exi·

366 2334 424 2391 mia
445 2336 639 2407 poenitentiae
652 2336 751 2409 virtus,
770 2356 858 2411 quum
883 2338 1088 2395 abstinentiam
1113 2340 1246 2394 Ecclesia
1267 2339 1474 2409 temperaverit,

366 2420 431 2479 aliis
443 2424 534 2480 excoli
548 2425 670 2481 officiis:
685 2442 772 2495 quam
784 2426 823 2480 ad
835 2442 896 2481 rem
909 2426 978 2482 facit
997 2426 1117 2482 multum
1131 2424 1246 2480 Rosarii
1259 2426 1353 2480 cultus
1367 2438 1427 2493 215„
1441 2453 1473 2462 -

369 2512 425 2567 llic
441 2524 549 2581 autem,
559 2524 600 2569 tot
612 2512 760 2583 proferens
772 2514 881 2569 fructus
893 2514 1004 2583 salutis,
1014 2513 1123 2568 nemini
1135 2514 1234 2583 gravis
1244 2523 1291 2569 est
1304 2512 1429 2584 atpatd
1441 2540 1474 2549 -

368 2600 520 2655 Rosarium
540 2618 639 2657 comes
652 2600 744 2657 dulcis
763 2612 791 2657 et
804 2601 982 2672 praesidium
996 2612 1040 2657 est
1054 2601 1083 2656 in
1096 2600 1156 2656 vita
1174 2612 1204 2656 er
1223 2600 1252 2655 in
1266 2612 1359 2655 morte
1369 2601 1429 2655 ard
1440 2630 1471 2638 -

367 2686 467 2741 Multis
481 2688 574 2758 ipsum
590 2689 776 2759 indulgentiis
789 2699 906 2745 auctum
919 2699 972 2758 est,
985 2690 1135 2761 permagni
1153 2689 1271 2758 quidem
1289 2688 1472 2743 aestimandis

365 2780 424 2833 216.
436 2806 471 2819 -
481 2780 617 2837 Ostendit
627 2781 757 2837 Pontifex
768 2781 930 2849 Rosarium,
940 2783 1029 2837 tantis
1040 2782 1152 2851 insigne
1158 2780 1317 2850 beneficiis,
1325 2782 1471 2851 plurimum

364 2874 513 2934 praeterea
536 2868 632 2923 valere
644 2868 683 2923 ad
703 2868 881 2923 dissidentes
903 2868 1055 2923 Ecclesiae
1079 2867 1334 2933 reconciliandos;
1354 2869 1473 2936 ideoque

363 2952 521 3009 catholicos
535 2954 667 3010 hortatur
677 2964 708 3010 ut
721 2964 783 3010 toto
796 2954 968 3025 praesertim
987 2954 1098 3010 octobri
1113 2953 1192 3008 illam
1211 2953 1471 3009 reconciliationem

363 3043 520 3113 deposcant
536 3042 688 3099 Rosariurn
701 3043 852 3099 recitando
873 3044 1002 3107 arb-217.
1016 3072 1048 3084 ·-
1063 3043 1188 3111 Exoptat
1201 3052 1232 3097 ut
1255 3042 1369 3096 Rosarii
1383 3042 1471 3096 cultus

363 3130 484 3184 multum
497 3129 646 3186 Fidelibus
665 3130 797 3201 proficiat
811 3143 872 3196 217.

397 3254 450 3307 50.
473 3256 682 3309 EPISTOLA
692 3256 932 3309 adRodulfum
940 3255 1383 3319 Cornely,.losephumKna-

362 3344 758 3405 benbauer,Franolsoum
772 3345 814 3397 de
824 3345 1078 3404 Hummelauer,
1094 3346 1135 3395 de
1146 3345 1268 3394 studlls
1279 3344 1386 3392 Bibli-

361 3432 599 3485 cta-Mons
617 3432 707 3483 1896.
1318 3442 1384 3495 pag.
1420 3425 1469 3478 218

400 3548 550 3619 Proposita
563 3549 680 3620 synopsi
693 3549 934 3604 documentorum
943 3564 1019 3620 quae
1028 3550 1066 3603 de
1075 3566 1175 3603 sacrae
1185 3549 1351 3618 Scripturae
1360 3546 1469 3612 studiis,

362 3634 453 3690 tribus
471 3638 578 3693 abhinc
590 3638 685 3705 annis,
698 3638 799 3703 edidit,
812 3638 912 3692 laudat
938 3637 1071 3692 Pontifex
1088 3637 1209 3691 eximios
1231 3636 1387 3706 scriptores
1406 3637 1433 3691 S.
1443 3636 1467 3703 J.

362 3723 410 3792 qui
431 3724 520 3780 libros
540 3742 638 3781 sacros
664 3734 854 3796 susceperunt
875 3725 1024 3797 perpetuis
1046 3725 1245 3780 notationibus
1265 3724 1469 3785 illustrandos3

361 3810 463 3881 eisque
475 3814 511 3868 de
524 3829 642 3870 emensa
663 3814 785 3870 feliciter
795 3814 904 3869 laboris
914 3822 997 3883 parte
1018 3813 1187 3882 gratulatus,
1206 3829 1242 3868 ea
1252 3812 1351 3868 omnia
1372 3814 1468 3883 adpre

362 3911 443 3957 catur
450 3918 502 3971 per
511 3918 587 3972 quae
594 3903 774 3973 praeclarum
782 3919 855 3974 opus
867 3902 1032 3957 deducatur
1043 3902 1082 3955 ad
1096 3900 1205 3956 exitum
1218 3901 1280 3955 218.

397 4008 443 4060 51.
466 4012 674 4062 EPISTOLll
695 4014 738 4063 ad
763 4013 921 4064 carolum
941 4012 1083 4062 Marlatn
1104 4011 1267 4070 nunaunt,
1284 4011 1385 4059 Prae-

361 4097 466 4148 sldem
485 4099 657 4150 sodalium
671 4101 766 4150 Prov.
790 4101 888 4150 Rom.
909 4101 940 4150 S.
952 4100 984 4150 d.
1003 4100 1040 4148 ln
1053 4099 1202 4157 Braullla¹
1227 4097 1269 4147 de
1282 4096 1384 4146 Insti-

361 4186 489 4236 tutlone
501 4186 685 4237 Juvenum.
700 4186 787 4237 -19
806 4187 874 4239 oet.
890 4187 981 4238 1896.
1313 4196 1379 4250 pag.
1417 4193 1468 4233 220

398 4292 510 4347 Laudat
536 4294 668 4350 Pontifex
692 4311 743 4351 eos
767 4294 816 4367 qui
841 4295 1022 4352 adolescenti
1047 4294 1136 4351 aetati
1154 4292 1332 4350 erudiendae
1352 4310 1467 4364 operam
