3117 4859
343 346 414 417 218
468 366 566 417 iirr.
588 366 745 419 aucrci.
770 347 1348 421 ‘⁶momnsur1ss1uusnsus.''

339 514 454 597 Atque
481 517 582 581 etiam
608 520 794 583 curandum
822 506 868 584 ut'
883 522 1040 584 omnibus
1063 521 1096 583 in
1123 517 1329 593 Academiis,
1350 518 1448 597 quod

338 619 404 682 iam
435 620 467 683 in
494 621 608 684 multis
632 633 805 705 receptum
832 624 1044 688 laudabiliter
1066 634 1127 700 est,
1150 624 1194 685 de
1220 621 1337 683 ceteris
1360 619 1447 682 item

338 723 485 805 antiquis
501 724 634 806 linguis,
651 726 800 789 maxime
820 728 988 803 semiticis,
1003 728 1114 810 deque
1135 735 1341 805 congruente
1364 743 1448 787 cum

277 880 281 897 .
339 827 402 890 illis
418 827 614 907 eruditione,
630 830 696 893 sint
714 832 916 913 magisteria,
941 852 1057 895 eorum
1084 833 1115 893 in
1131 828 1259 910 primis
1285 827 1359 889 usui
1385 829 1449 909 qui

339 935 381 996 ad
398 952 509 997 sacras
527 934 673 998 Litteras
698 933 903 1018 profitendas
919 938 1147 1020 designantur.
1162 968 1206 981 -
1232 931 1307 995 Hos
1329 940 1449 993 autem

176 1035 316 1149 maji,
339 1036 439 1119 ipsos,
454 1037 604 1101 eiusdem
622 1038 667 1101 rei
683 1040 802 1121 gratia,
812 1040 981 1103 doctiores
992 1061 1066 1103 esse
1080 1049 1214 1123 oportet
1229 1049 1332 1121 atque
1347 1058 1451 1099 exer-

160 1165 311 1224 uimus,
339 1142 508 1234 citatiores
524 1142 557 1205 in
574 1163 651 1207 vera
676 1142 756 1206 artis
783 1144 917 1207 criticae
940 1142 1138 1225 disciplina:
1155 1161 1329 1225 perperam
1352 1140 1450 1203 enirn

161 1238 314 1345 :mm
340 1255 465 1308 etcum
490 1244 662 1327 religionis
683 1246 811 1310 damno
837 1248 1012 1311 inductum
1028 1257 1080 1310 est
1096 1245 1284 1321 artificium,
1307 1244 1451 1307 nomine

184 1362 311 1439 historice,
340 1349 555 1414 honestatum
583 1350 717 1413 criticae
740 1350 953 1428 sublimioris,
969 1370 1045 1433 quo,
1061 1371 1105 1414 ex
1130 1350 1210 1412 solis
1226 1347 1372 1424 internis,
1397 1347 1452 1409 uti

170 1434 315 1541 “212⁸lessss
340 1452 531 1535 loquuntur,
546 1454 741 1533 rationibus,
757 1455 943 1535 cuiuspiam
969 1454 1042 1518 libri
1067 1455 1172 1536 origo,
1187 1452 1370 1533 integritas,
1385 1472 1451 1515 au-

167 1564 314 1672 mm·
340 1558 477 1622 ctoritas
501 1558 685 1623 diiudicata
716 1568 898 1641 emergant.
935 1558 1063 1623 Contra
1090 1558 1301 1641 perspicuum
1327 1565 1388 1633 est,
1413 1556 1451 1617 in

305 1660 312 1684 ‚

184 1690 313 1739 narratio·
340 1663 592 1745 quaestionibus
608 1664 654 1727 rei
671 1664 858 1740 historicae,
873 1663 1061 1727 cuiusmodi
1077 1664 1171 1744 origo
1187 1670 1221 1723 et
1236 1660 1453 1723 conservatio

162 1753 313 1869 alifem
340 1767 510 1846 librorum,
537 1768 696 1831 historiae
723 1768 918 1832 testimonia
944 1768 1055 1832 valere
1081 1786 1159 1849 prae
1185 1764 1315 1840 ceteris,
1338 1783 1453 1844 eaque

193 1886 315 1935 varradas
339 1889 411 1933 esse
437 1892 538 1953 quam
566 1872 812 1936 studiosissime
839 1884 873 1935 et
899 1871 1129 1954 conquirenda
1159 1878 1193 1932 et
1217 1866 1452 1929 excutienda:

161 1951 313 2081 50¹2&ss
338 1973 411 2037 illas
427 1994 507 2037 vero
523 1977 670 2039 rationes
687 1977 836 2039 internas
852 1976 1050 2058 plerumque
1066 1993 1134 2038 non
1158 1992 1230 2035 esse
1247 1970 1342 2047 tanti,
1358 1979 1395 2033 ut
1413 1970 1450 2033 in

161 2084 229 2133 riam.
337 2097 501 2158 caussam,
518 2080 581 2142 nisi
607 2080 650 2143 ad
668 2082 851 2162 quamdam
878 2078 1178 2152 confirmationem,
1194 2076 1325 2158 possint
1340 2076 1449 2139 advo·

206 2200 280 2249 secus
291 2199 316 2248 si
338 2185 413 2248 cari.
431 2184 535 2248 Secus
552 2186 578 2246 si
596 2182 663 2261 liat,
679 2204 804 2267 magna
821 2183 971 2271 prolecto
994 2192 1240 2265 consequentur
1257 2182 1450 2242 incommo-

164 2263 227 2329 fiat,
247 2280 313 2326 ''⁸⁰⁸''
339 2286 486 2351 da.Nam
504 2289 656 2353 hostibus
673 2288 843 2371 religionis
854 2288 928 2371 plus
939 2286 1162 2351 confidentiae
1176 2284 1323 2348 futurum
1339 2294 1391 2345 est
1410 2294 1452 2347 ut

188 2346 223 2378 na
236 2345 313 2378 con-lc·

203 2402 316 2460 quantur
339 2413 507 2457 sacrorum
526 2394 817 2457 authenticitatem
829 2392 1006 2455 Librorum
1020 2392 1186 2472 impetant
1198 2400 1232 2452 et
1242 2388 1452 2468 discerpant:

163 2462 203 2508 m·
214 2462 347 2509 biblicae.
450 2496 457 2508 .
1055 2497 1088 2509 ..
1245 2492 1252 2506 .
1294 2493 1301 2506 .
1344 2492 1352 2505 .

179 2526 312 2575 detrinms
340 2495 420 2559 illud
449 2516 557 2577 ipsum
586 2495 676 2577 quod
700 2496 872 2559 extollunt
895 2516 1001 2578 genus
1016 2507 1150 2559 criticae
1167 2492 1380 2566 sublimioris,
1403 2513 1450 2555 eo

163 2599 199 2641 “²-
340 2601 475 2663 demum
488 2601 622 2679 recidet,
633 2612 669 2664 ut
685 2620 783 2664 suum
796 2602 938 2685 quisque
948 2602 1096 2663 studium
1113 2595 1450 2679 praeiudicatamque

340 2704 533 2785 opinionem
551 2706 804 2787 interpretando
820 2714 1009 2767 sectentur:
1032 2704 1110 2764 inde
1128 2721 1235 2783 neque
1263 2697 1451 2781 Scripturis

340 2808 527 2890 quaesitum
545 2809 657 2872 lumen
674 2810 820 2883 accedet,
837 2828 945 2891 neque
958 2808 1025 2871 ulla
1047 2805 1221 2869 doctrinae
1236 2804 1362 2867 oritura
1382 2804 1451 2866 uti·

341 2912 416 2975 litas
433 2921 492 2991 est,
508 2913 565 2975 sed
579 2924 669 2977 certa
685 2916 741 2980 illa
757 2918 888 2998 patebit
903 2917 1021 2979 erroris
1037 2922 1220 2995 nota,quae
1236 2921 1286 2975 est
1303 2911 1452 2975 varietas

340 3026 375 3079 et
400 3014 639 3080 dissimilitudo
669 3020 846 3097 sentiendi,
876 3027 914 3083 ut
940 3020 1009 3083 iam
1036 3020 1099 3101 ipsi
1131 3029 1210 3082 sunt
1240 3019 1451 3083 documento

341 3120 479 3184 huiusce
496 3140 602 3205 novae
619 3124 786 3206 principes
812 3124 1029 3207 disciplinae:
1056 3124 1134 3186 inde
1150 3124 1263 3209 etiam,
1277 3122 1356 3205 quia
1380 3123 1452 3203 ple-

342 3225 435 3306 rique
452 3224 566 3287 inlecti
582 3235 661 3287 sunt
677 3246 784 3289 vanae
801 3226 1033 3308 philosophiae
1059 3237 1093 3290 et
1109 3227 1331 3292 rationalismi
1347 3228 1452 3309 placi-

342 3330 394 3407 tis,
410 3329 486 3392 ideo
503 3328 706 3409 prophetias
735 3330 905 3406 miracula,
921 3342 1032 3394 cetera
1054 3352 1286 3414 quaecumque
1309 3344 1453 3395 naturae

343 3432 495 3495 ordinem
512 3443 679 3514 superent,
695 3454 739 3495 ex
756 3434 859 3496 sacris
877 3433 987 3497 Libris
1015 3438 1186 3499 dimovere
1203 3455 1270 3497 non
1286 3434 1451 3497 verebun-

200 3565 317 3613 Multum
344 3544 404 3599 tur.
420 3574 463 3585 -
487 3536 784 3619 Congrediendum
802 3538 951 3601 secundo
967 3539 1041 3600 loco
1057 3559 1133 3600 cum
1150 3538 1198 3614 iis,
1214 3536 1271 3619 qui
1287 3538 1350 3599 sua
1363 3538 1451 3619 phy-

191 3630 321 3706 Reigiomj
344 3639 487 3703 sicorum
519 3640 657 3703 scientia
687 3640 793 3717 abusi,
815 3660 928 3702 sacros
960 3639 1079 3703 Libros
1110 3635 1268 3703 omnibus
1299 3642 1451 3723 vestigiis

168 3712 319 3825 nomme
346 3743 517 3824 indagant,
530 3744 617 3806 unde
629 3744 821 3807 auctoribus
833 3742 998 3807 inscitiam
1015 3764 1123 3805 rerum
1135 3744 1252 3806 talium
1264 3755 1454 3825 opponant,

169 3842 228 3875 rum
243 3828 319 3874 Μ’
345 3846 469 3927 scripta
486 3844 558 3927 ipsa
573 3847 773 3929 vituperent.
790 3847 886 3929 Quae
909 3847 1045 3929 quidem
1063 3848 1330 3911 insimulationes
1345 3866 1451 3928 quum

261 3909 267 3933 J

185 3892 320 4005 mm
346 3968 397 4011 res
412 3950 582 4031 attingant
597 3953 750 4015 sensibus
766 3952 924 4027 obiectas,
941 3970 981 4013 eo
1009 3949 1261 4031 periculosiores
1283 3950 1452 4025 accidunt,

195 4023 320 4149 ρίζζὲζζ
347 4064 522 4116 manantes
540 4055 572 4116 in
595 4056 724 4137 vulgus,
748 4053 898 4117 maxime
925 4055 958 4119 in
976 4054 1127 4117 deditam
1153 4053 1271 4117 litteris
1296 4054 1451 4117 iuventu-

115 4232 119 4240 ,
170 4160 242 4202 “ml
347 4164 414 4219 tem
429 4177 437 4233 ;
453 4176 547 4239 quae,
570 4159 672 4221 semel
698 4158 918 4221 reverentiam
946 4158 1080 4220 divinae
1105 4160 1315 4224 revelationis
1331 4160 1364 4224 in
1381 4179 1452 4223 uno

346 4259 459 4343 aliquo
474 4262 584 4343 capite
600 4262 740 4337 exuerit,
759 4261 853 4324 facile
869 4261 902 4324 in
920 4261 1078 4324 omnibus
1100 4284 1236 4327 omnem
1253 4266 1323 4327 eius
1347 4260 1448 4326 fidem

347 4378 398 4431 est
414 4368 600 4433 dimissura.
619 4367 771 4432 Nimium
788 4390 869 4433 sane
893 4378 1035 4444 constat,
1052 4369 1094 4431 de
1111 4377 1230 4431 natura
1258 4367 1446 4429 doctrinam
