3117 4859
384 323 429 390 24
673 330 857 384 arrsrona
885 321 905 350 ‘⁸
924 333 1165 398 nouemque.
1185 311 1204 339 ’¹

383 419 1467 448 Ἣ

379 478 413 533 et
431 469 555 536 Nostra
570 482 604 537 ct
620 483 731 538 vestra
746 476 895 544 habeant
916 491 1034 545 notata
1056 485 1172 550 animo
1187 483 1354 561 catholici,
1378 494 1468 566 atque

379 574 426 638 ita
452 585 613 656 statuant,
638 579 829 652 universam
845 585 1013 650 scribendi
1040 588 1209 651 rationem
1233 587 1359 651 eisdem
1381 587 1467 669 dirigi

379 697 543 770 oportere,
552 690 580 752 si
592 691 697 772 probe
707 689 801 772 iungi
818 688 929 754 officio
945 689 1074 766 volunt,
1089 700 1128 755 ut
1143 691 1230 755 velle
1241 690 1376 757 debent

244 796 351 848 Cmver·
422 791 479 857 Ad
504 794 649 877 reliquos
674 795 740 857 iam
758 793 921 876 cogitatio
934 795 1153 873 convertitur,
1168 795 1226 876 qui
1242 795 1412 860 nobiscum
1434 795 1476 858 de

210 863 352 978 {2222}ss
379 893 444 960 tide
459 895 641 962 christiana
657 897 884 962 dissentiunt:
905 917 1049 980 quorum
1068 918 1135 961 non
1152 917 1281 982 paucos
1296 900 1371 980 quis
1385 911 1476 979 neget

220 993 351 1070 ΜΨ·
377 999 564 1065 hereditate
577 1002 694 1083 magis,
709 1021 812 1085 quam
839 999 1015 1065 voluntate
1029 1001 1235 1066 dissentire?
1252 1000 1302 1068 Ut
1318 1003 1418 1065 simus
1435 1003 1476 1062 de

192 1073 351 1186 marnoa-
376 1121 492 1166 eorum
509 1103 617 1166 salute
632 1103 776 1182 solliciti,
803 1122 871 1187 quo
886 1104 992 1168 animi
1007 1105 1127 1169 ardore
1142 1104 1286 1169 velimus
1311 1114 1347 1169 ut
1370 1107 1402 1168 in
1417 1103 1477 1168 Ec·

376 1205 497 1268 etesiae
512 1207 740 1290 complexum,
764 1209 954 1272 communis
979 1209 1132 1272 omnium
1154 1208 1281 1284 matris,
1303 1205 1478 1290 aliquando

376 1311 603 1388 restituantur,
620 1311 776 1394 Epistola
793 1312 921 1377 Nostra
939 1313 1143 1396 Apostolica
1169 1312 1354 1376 Praeclara
1376 1311 1479 1376 novis·

375 1412 462 1477 simo
477 1425 629 1496 tempore
647 1416 840 1482 declaravit.
868 1417 942 1482 Nec
957 1437 1038 1482 sane
1054 1418 1273 1481 destituimur
1286 1418 1381 1480 omni
1402 1435 1480 1498 spe:

376 1516 403 1578 is
419 1518 507 1581 enim
525 1539 683 1599 praesens
700 1521 846 1602 respicit,
856 1520 909 1584 cui
921 1530 1042 1603 parent
1057 1523 1182 1599 omnia,
1197 1521 1324 1603 quique
1335 1521 1477 1584 animam

375 1622 487 1702 posuit
497 1631 534 1686 ut
534 1622 629 1704 filios
642 1623 714 1703 Dei,
723 1624 889 1706 quierant
901 1625 1265 1708 dispersi,corrgregaret
1274 1625 1309 1687 r'rr
1321 1625 1479 1705 πωπω

206 1734 350 1812 carrrareac
376 1722 475 1789 Certe
491 1745 558 1790 non
576 1746 633 1790 eos
648 1728 811 1805 deserere,
838 1749 906 1792 non
924 1729 1075 1811 linquere
1091 1729 1196 1792 menti
1217 1746 1299 1793 suae
1314 1727 1480 1802 debemus,

197 1807 348 1914 ”persuum-
375 1829 433 1892 sed
451 1827 591 1894 lenitate
617 1841 651 1895 et
675 1831 817 1896 caritate
841 1833 993 1897 maxima
1020 1833 1153 1898 trabere
1168 1834 1212 1897 ad
1230 1853 1301 1909 nos,
1325 1830 1480 1896 omnibus

375 1933 485 1997 modis
511 1936 755 2016 persuadendo,
779 1945 817 2000 ut
841 1938 1003 2001 inducant
1029 1937 1181 2000 animum
1206 1935 1424 2018 introspicere
1446 1936 1478 1997 in

373 2057 492 2102 omnes
515 2039 689 2104 doctrinae
713 2039 900 2105 catholicae
924 2051 1047 2122 partes,
1071 2039 1388 2124 praeiudicatasque
1409 2041 1479 2122 opi·

215 2134 307 2200 Episco
323 2151 347 2186 0·
374 2142 492 2206 niones
507 2161 640 2208 exuere.
657 2143 734 2227 Qua
751 2143 785 2208 in
802 2163 837 2208 re
853 2145 880 2207 si
896 2143 1132 2226 episcoporum
1155 2141 1313 2226 Clerique
1336 2142 1478 2207 universi

194 2209 287 2325 amer
314 2202 347 2252 l*
373 2245 502 2325 primae
511 2254 590 2310 sunt
602 2259 723 2330 partes,
735 2249 904 2314 secundae
914 2247 1165 2313 suntlaicorum
1180 2269 1187 2310 :
1203 2245 1330 2329 quippe
1341 2265 1480 2329 quorum

373 2348 406 2410 in
423 2358 592 2430 potestate
608 2360 659 2414 est
675 2351 835 2416 adiuvare
860 2351 1082 2434 apostolicam
1109 2349 1198 2416 Cleri
1228 2351 1481 2415 contentionem

194 2433 346 2546 ww}
373 2453 540 2534 probitate
557 2474 697 2530 morum,
714 2455 909 2539 integritate
923 2455 1022 2519 vitae.
1035 2454 1198 2537 Exempli
1215 2473 1342 2535 magna
1358 2455 1407 2517 vis
1424 2461 1482 2528 est,

226 2563 346 2627 exempp,
372 2553 405 2618 ln
422 2555 461 2618 iis
477 2556 689 2638 potissimum
707 2560 764 2641 qui
779 2560 957 2624 veritatem
974 2579 1020 2622 ex
1035 2557 1151 2621 animo
1166 2557 1362 2640 anquirunt,
1378 2557 1479 2621 hone·

192 2635 345 2744 „xm
371 2669 561 2744 staremque
577 2671 715 2744 propter
725 2663 910 2746 quamdam
924 2662 1056 2726 virtutis
1071 2659 1220 2725 indolem
1238 2668 1482 2735 censectantur,

189 2835 242 2871 com
258 2759 346 2874 22⁸5
371 2765 559 2831 cuiusmodi
576 2768 609 2831 in
626 2769 754 2832 civibus
768 2767 887 2830 vestris
897 2774 1117 2830 numerantur
1126 2763 1310 2846 perplures.
1320 2761 1481 2827 Christia-

191 2829 344 2939 resrsuaran':
372 2890 490 2934 narum
514 2870 745 2953 spectaculum
772 2871 936 2935 virtutum
963 2869 991 2934 si
1017 2870 1050 2932 in
1078 2867 1271 2932 obcaecatis
1298 2867 1482 2929 inveterata

193 2953 246 3013 '³⁸⁹³
370 2975 608 3055 superstitione
623 2975 766 3039 ethnicis
791 2984 924 3039 tantum
950 2974 1072 3055 potuit,
1099 2981 1266 3054 quantum
1295 2969 1480 3034 litterarum

371 3089 590 3142 monumenta
605 3087 780 3155 testantur,
809 3097 889 3142 num
906 3077 940 3140 in
958 3077 1007 3154 iis,
1032 3075 1091 3159 qui
1115 3085 1196 3138 sunt
1211 3074 1405 3138 christianis
1420 3073 1481 3136 ini·

368 3181 444 3245 tiati
460 3183 571 3260 sacris,
587 3183 669 3246 nihil
686 3182 729 3245 ad
740 3181 953 3245 evellendum
970 3198 1115 3244 errorem
1132 3197 1231 3260 posse
1247 3175 1480 3241 censebimus?

189 3321 341 3372 lanienam
413 3287 568 3368 Denique
592 3307 653 3350 nec
678 3306 736 3349 eos
760 3286 1030 3368 praetermittere
1045 3282 1181 3347 silentio
1195 3301 1386 3364 possumus,
1397 3300 1478 3364 quo·

187 3387 341 3449 semmae
367 3410 439 3453 rum
456 3391 615 3454 diuturna
631 3391 811 3455 infelicitas
826 3413 927 3476 opem
938 3415 958 3457 a
969 3394 1049 3457 viris
1061 3389 1258 3473 apostolicis
1270 3389 1433 3471 implorat
1447 3399 1480 3450 et

199 3459 341 3566 ‘mix
366 3495 543 3575 exposcit:
570 3495 674 3558 Indos
700 3495 920 3579 intelligimus
935 3509 969 3560 et
988 3497 1149 3580 Nigritas,
1171 3493 1372 3557 americanis
1386 3511 1478 3556 com·

199 3581 342 3698 {affl
365 3599 548 3678 prehensos
563 3596 696 3676 finibus,
719 3603 776 3683 qui
794 3601 982 3666 maximam
1000 3611 1130 3683 partem
1148 3598 1300 3661 nondum
1318 3595 1478 3678 supersti-

187 3715 241 3761 rur.
365 3699 467 3764 tionis
492 3703 652 3783 depulere
677 3705 843 3769 tenebras.
875 3703 1033 3788 Quantus
1059 3701 1101 3767 ad
1124 3703 1352 3767 excolendum
1376 3699 1478 3784 ageri

366 3817 493 3890 quanta
508 3809 684 3873 hominum
702 3809 886 3873 multitudo
913 3810 1018 3891 partis
1046 3829 1105 3890 per
1131 3808 1252 3872 lusum
1273 3805 1478 3871 CHRISTtJtt

365 3911 589 3993 impertienda
604 3912 776 3977 beneficiis
793 3913 800 3976 l

411 4014 542 4078 Interea
559 4016 752 4079 caelestium
771 4036 948 4080 munerum
975 4015 1146 4096 auspicem
1172 4024 1206 4078 et
1223 4011 1478 4077 benevolentiae

366 4115 510 4180 Nostrae
521 4128 652 4194 testem,
677 4119 784 4197 vobis,
801 4119 1025 4183 Venerabiles
1041 4119 1186 4195 Fratres,
1201 4127 1235 4181 et
1252 4116 1354 4182 Clero
1371 4135 1477 4200 popu-

394 4343 413 4375 r.
433 4331 513 4385 loan..
525 4339 562 4383 xr,
576 4343 611 4389 52.
