<?xml version="1.0" encoding="UTF-8"?>
<!DOCTYPE html PUBLIC "-//W3C//DTD XHTML 1.0 Transitional//EN"
    "http://www.w3.org/TR/xhtml1/DTD/xhtml1-transitional.dtd">
<html xmlns="http://www.w3.org/1999/xhtml" xml:lang="en" lang="en">
 <head>
  <title>
</title>
<meta http-equiv="Content-Type" content="text/html;charset=utf-8" />
  <meta name='ocr-system' content='tesseract 3.04.00' />
  <meta name='ocr-capabilities' content='ocr_page ocr_carea ocr_par ocr_line ocrx_word'/>
</head>
<body>
  <div class='ocr_page' id='page_1' title='image "./sanctissimidomi04xiiigoog_0259.png"; bbox 0 0 3117 4859; ppageno 0'>
   <div class='ocr_carea' id='block_1_1' title="bbox 268 392 1199 464">
    <p class='ocr_par' dir='ltr' id='par_1_1' title="bbox 268 392 1199 464">
     <span class='ocr_line' id='line_1_1' title="bbox 268 392 1199 464; baseline -0.003 -14"><span class='ocrx_word' id='word_1_1' title='bbox 268 400 320 450; x_wconf 82' lang='lat' dir='ltr'>DE</span> <span class='ocrx_word' id='word_1_2' title='bbox 347 400 468 451; x_wconf 87' lang='lat' dir='ltr'>REBUS</span> <span class='ocrx_word' id='word_1_3' title='bbox 496 399 797 451; x_wconf 80' lang='lat' dir='ltr'><strong>ECCLESIASTICIS</strong></span> <span class='ocrx_word' id='word_1_4' title='bbox 817 399 1020 452; x_wconf 84' lang='lat' dir='ltr'>POLONIAE.</span> <span class='ocrx_word' id='word_1_5' title='bbox 1128 392 1199 464; x_wconf 85' lang='lat'>247</span> 
     </span>
    </p>
   </div>
   <div class='ocr_carea' id='block_1_2' title="bbox 94 548 1366 658">
    <p class='ocr_par' dir='ltr' id='par_1_2' title="bbox 94 548 1366 658">
     <span class='ocr_line' id='line_1_2' title="bbox 94 548 1366 658; baseline 0.004 -48"><span class='ocrx_word' id='word_1_6' title='bbox 94 550 356 631; x_wconf 86' lang='lat' dir='ltr'>commodisque,</span> <span class='ocrx_word' id='word_1_7' title='bbox 384 550 596 631; x_wconf 90' lang='lat' dir='ltr'>potissimum</span> <span class='ocrx_word' id='word_1_8' title='bbox 614 550 815 624; x_wconf 86' lang='lat' dir='ltr'>educationi,</span> <span class='ocrx_word' id='word_1_9' title='bbox 832 559 989 633; x_wconf 86' lang='lat' dir='ltr'>parentes</span> <span class='ocrx_word' id='word_1_10' title='bbox 1005 548 1179 612; x_wconf 89' lang='lat' dir='ltr'>consulere</span> <span class='ocrx_word' id='word_1_11' title='bbox 1194 568 1203 626; x_wconf 85' lang='lat'>;</span> <span class='ocrx_word' id='word_1_12' title='bbox 1241 568 1366 658; x_wconf 44' lang='lat' dir='ltr'>Magum</span> 
     </span>
    </p>
   </div>
   <div class='ocr_carea' id='block_1_3' title="bbox 93 652 1383 1160">
    <p class='ocr_par' dir='ltr' id='par_1_3' title="bbox 93 652 1383 1160">
     <span class='ocr_line' id='line_1_3' title="bbox 93 652 1339 737; baseline 0.002 -23"><span class='ocrx_word' id='word_1_13' title='bbox 93 671 154 714; x_wconf 91' lang='lat' dir='ltr'>suo</span> <span class='ocrx_word' id='word_1_14' title='bbox 184 654 275 735; x_wconf 88' lang='lat' dir='ltr'>ipsos</span> <span class='ocrx_word' id='word_1_15' title='bbox 306 654 512 716; x_wconf 91' lang='lat' dir='ltr'>documento</span> <span class='ocrx_word' id='word_1_16' title='bbox 540 654 638 730; x_wconf 89' lang='lat' dir='ltr'>vitae,</span> <span class='ocrx_word' id='word_1_17' title='bbox 680 673 748 735; x_wconf 91' lang='lat' dir='ltr'>quo</span> <span class='ocrx_word' id='word_1_18' title='bbox 775 652 857 716; x_wconf 90' lang='lat' dir='ltr'>nihil</span> <span class='ocrx_word' id='word_1_19' title='bbox 890 654 1117 737; x_wconf 83' lang='lat' dir='ltr'>praestantius</span> <span class='ocrx_word' id='word_1_20' title='bbox 1150 660 1202 713; x_wconf 92' lang='lat' dir='ltr'>est</span> <span class='ocrx_word' id='word_1_21' title='bbox 1267 667 1339 730; x_wconf 61' lang='lat'>1894</span> 
     </span>
     <span class='ocr_line' id='line_1_4' title="bbox 95 754 1370 838; baseline 0.002 -19"><span class='ocrx_word' id='word_1_22' title='bbox 95 776 202 838; x_wconf 90' lang='lat' dir='ltr'>neque</span> <span class='ocrx_word' id='word_1_23' title='bbox 217 754 394 835; x_wconf 87' lang='lat' dir='ltr'>efficacius,</span> <span class='ocrx_word' id='word_1_24' title='bbox 420 758 626 821; x_wconf 87' lang='lat' dir='ltr'>antecedere.</span> <span class='ocrx_word' id='word_1_25' title='bbox 652 756 863 821; x_wconf 88' lang='lat' dir='ltr'>institutioni</span> <span class='ocrx_word' id='word_1_26' title='bbox 888 767 1003 821; x_wconf 89' lang='lat' dir='ltr'>tamen</span> <span class='ocrx_word' id='word_1_27' title='bbox 1020 756 1202 820; x_wconf 91' lang='lat' dir='ltr'>liberorum</span> <span class='ocrx_word' id='word_1_28' title='bbox 1229 784 1370 832; x_wconf 71' lang='lat' dir='ltr'>rammin-</span> 
     </span>
     <span class='ocr_line' id='line_1_5' title="bbox 93 849 1373 976; baseline -0.001 -53"><span class='ocrx_word' id='word_1_29' title='bbox 93 870 203 925; x_wconf 87' lang='lat' dir='ltr'>rectae</span> <span class='ocrx_word' id='word_1_30' title='bbox 231 861 424 946; x_wconf 89' lang='lat' dir='ltr'>probaeque</span> <span class='ocrx_word' id='word_1_31' title='bbox 450 882 664 946; x_wconf 86' lang='lat' dir='ltr'><strong>nequaquam</strong></span> <span class='ocrx_word' id='word_1_32' title='bbox 680 862 729 925; x_wconf 93' lang='lat' dir='ltr'>illi</span> <span class='ocrx_word' id='word_1_33' title='bbox 756 862 964 926; x_wconf 80' lang='lat' dir='ltr'>arbitrentur</span> <span class='ocrx_word' id='word_1_34' title='bbox 987 882 1023 925; x_wconf 91' lang='lat' dir='ltr'>se</span> <span class='ocrx_word' id='word_1_35' title='bbox 1039 880 1148 943; x_wconf 91' lang='lat' dir='ltr'>posse,</span> <span class='ocrx_word' id='word_1_36' title='bbox 1164 868 1201 922; x_wconf 89' lang='lat' dir='ltr'>ut</span> <span class='ocrx_word' id='word_1_37' title='bbox 1230 849 1373 976; x_wconf 49' lang='lat' dir='ltr'>mm</span> 
     </span>
     <span class='ocr_line' id='line_1_6' title="bbox 93 965 1325 1049; baseline 0 -21"><span class='ocrx_word' id='word_1_38' title='bbox 93 986 153 1047; x_wconf 85' lang='lat' dir='ltr'>par</span> <span class='ocrx_word' id='word_1_39' title='bbox 183 978 245 1044; x_wconf 86' lang='lat' dir='ltr'>est,</span> <span class='ocrx_word' id='word_1_40' title='bbox 274 967 474 1049; x_wconf 85' lang='lat' dir='ltr'>prospicere,</span> <span class='ocrx_word' id='word_1_41' title='bbox 505 966 567 1029; x_wconf 92' lang='lat' dir='ltr'>nisi</span> <span class='ocrx_word' id='word_1_42' title='bbox 600 986 815 1049; x_wconf 86' lang='lat' dir='ltr'>summopere</span> <span class='ocrx_word' id='word_1_43' title='bbox 846 965 1050 1049; x_wconf 84' lang='lat' dir='ltr'>evigilando.</span> <span class='ocrx_word' id='word_1_44' title='bbox 1084 966 1206 1049; x_wconf 90' lang='lat' dir='ltr'>Neque</span> <span class='ocrx_word' id='word_1_45' title='bbox 1230 980 1325 1028; x_wconf 58' lang='lat' dir='ltr'>urent.</span> 
     </span>
     <span class='ocr_line' id='line_1_7' title="bbox 93 1046 1383 1160; baseline 0.001 -29"><span class='ocrx_word' id='word_1_46' title='bbox 93 1070 183 1133; x_wconf 83' lang='lat' dir='ltr'>eninr</span> <span class='ocrx_word' id='word_1_47' title='bbox 215 1071 258 1134; x_wconf 88' lang='lat' dir='ltr'>ab</span> <span class='ocrx_word' id='word_1_48' title='bbox 289 1072 328 1134; x_wconf 89' lang='lat' dir='ltr'>iis</span> <span class='ocrx_word' id='word_1_49' title='bbox 359 1081 494 1135; x_wconf 88' lang='lat' dir='ltr'>tantum</span> <span class='ocrx_word' id='word_1_50' title='bbox 525 1071 648 1134; x_wconf 91' lang='lat' dir='ltr'>scholis</span> <span class='ocrx_word' id='word_1_51' title='bbox 676 1070 846 1152; x_wconf 90' lang='lat' dir='ltr'>lyceisque</span> <span class='ocrx_word' id='word_1_52' title='bbox 870 1069 1117 1153; x_wconf 80' lang='lat' dir='ltr'>defugiendum</span> <span class='ocrx_word' id='word_1_53' title='bbox 1146 1078 1207 1144; x_wconf 92' lang='lat' dir='ltr'>est,</span> <span class='ocrx_word' id='word_1_54' title='bbox 1231 1046 1383 1160; x_wconf 50' lang='lat' dir='ltr'>cariffi</span> 
     </span>
    </p>
   </div>
   <div class='ocr_carea' id='block_1_4' title="bbox 94 1173 1383 1570">
    <p class='ocr_par' dir='ltr' id='par_1_4' title="bbox 94 1173 1383 1486">
     <span class='ocr_line' id='line_1_8' title="bbox 95 1173 1383 1257; baseline -0.001 -21"><span class='ocrx_word' id='word_1_55' title='bbox 95 1174 151 1237; x_wconf 92' lang='lat' dir='ltr'>ubi</span> <span class='ocrx_word' id='word_1_56' title='bbox 175 1175 337 1239; x_wconf 87' lang='lat' dir='ltr'>doctrinis</span> <span class='ocrx_word' id='word_1_57' title='bbox 363 1195 453 1238; x_wconf 92' lang='lat' dir='ltr'>error</span> <span class='ocrx_word' id='word_1_58' title='bbox 476 1175 520 1238; x_wconf 90' lang='lat' dir='ltr'>de</span> <span class='ocrx_word' id='word_1_59' title='bbox 551 1175 720 1257; x_wconf 86' lang='lat' dir='ltr'>religione,</span> <span class='ocrx_word' id='word_1_60' title='bbox 744 1173 861 1238; x_wconf 70' lang='lat' dir='ltr'>dedita</span> <span class='ocrx_word' id='word_1_61' title='bbox 883 1195 995 1256; x_wconf 88' lang='lat' dir='ltr'>opera,</span> <span class='ocrx_word' id='word_1_62' title='bbox 1017 1173 1204 1238; x_wconf 88' lang='lat' dir='ltr'>admiscea·</span> <span class='ocrx_word' id='word_1_63' title='bbox 1232 1176 1266 1252; x_wconf 60' lang='lat' dir='ltr'>lif</span> <span class='ocrx_word' id='word_1_64' title='bbox 1284 1176 1383 1255; x_wconf 62' lang='lat' dir='ltr'>relign-</span> 
     </span>
     <span class='ocr_line' id='line_1_9' title="bbox 94 1243 1383 1361; baseline -0.002 -21"><span class='ocrx_word' id='word_1_65' title='bbox 94 1286 156 1356; x_wconf 92' lang='lat' dir='ltr'>tur,</span> <span class='ocrx_word' id='word_1_66' title='bbox 188 1278 239 1341; x_wconf 90' lang='lat' dir='ltr'>vel</span> <span class='ocrx_word' id='word_1_67' title='bbox 257 1278 314 1342; x_wconf 89' lang='lat' dir='ltr'>ubi</span> <span class='ocrx_word' id='word_1_68' title='bbox 341 1280 585 1361; x_wconf 88' lang='lat' dir='ltr'>propemodum</span> <span class='ocrx_word' id='word_1_69' title='bbox 616 1280 809 1342; x_wconf 89' lang='lat' dir='ltr'>dominetur</span> <span class='ocrx_word' id='word_1_70' title='bbox 839 1279 1004 1361; x_wconf 87' lang='lat' dir='ltr'>impietas,</span> <span class='ocrx_word' id='word_1_71' title='bbox 1028 1280 1086 1343; x_wconf 90' lang='lat' dir='ltr'>sed</span> <span class='ocrx_word' id='word_1_72' title='bbox 1103 1278 1148 1342; x_wconf 92' lang='lat' dir='ltr'>ab</span> <span class='ocrx_word' id='word_1_73' title='bbox 1164 1278 1204 1339; x_wconf 91' lang='lat' dir='ltr'>iis</span> <span class='ocrx_word' id='word_1_74' title='bbox 1231 1243 1383 1357; x_wconf 46' lang='lat' dir='ltr'>xpum:</span> 
     </span>
     <span class='ocr_line' id='line_1_10' title="bbox 95 1374 1354 1486; baseline 0.005 -42"><span class='ocrx_word' id='word_1_75' title='bbox 95 1384 197 1447; x_wconf 88' lang='lat' dir='ltr'>etiam</span> <span class='ocrx_word' id='word_1_76' title='bbox 229 1382 262 1445; x_wconf 92' lang='lat' dir='ltr'>in</span> <span class='ocrx_word' id='word_1_77' title='bbox 293 1382 415 1465; x_wconf 90' lang='lat' dir='ltr'>quibus</span> <span class='ocrx_word' id='word_1_78' title='bbox 445 1383 488 1446; x_wconf 92' lang='lat' dir='ltr'>de</span> <span class='ocrx_word' id='word_1_79' title='bbox 505 1382 693 1445; x_wconf 88' lang='lat' dir='ltr'>christianis</span> <span class='ocrx_word' id='word_1_80' title='bbox 711 1383 873 1445; x_wconf 88' lang='lat' dir='ltr'>institutis</span> <span class='ocrx_word' id='word_1_81' title='bbox 889 1391 923 1446; x_wconf 91' lang='lat' dir='ltr'>et</span> <span class='ocrx_word' id='word_1_82' title='bbox 954 1381 1113 1459; x_wconf 90' lang='lat' dir='ltr'>moribus,</span> <span class='ocrx_word' id='word_1_83' title='bbox 1129 1401 1201 1463; x_wconf 92' lang='lat' dir='ltr'>per·</span> <span class='ocrx_word' id='word_1_84' title='bbox 1230 1374 1354 1486; x_wconf 47' lang='lat' dir='ltr'>‘afim</span> 
     </span>
    </p>

    <p class='ocr_par' dir='ltr' id='par_1_5' title="bbox 95 1446 1370 1570">
     <span class='ocr_line' id='line_1_11' title="bbox 95 1446 1370 1570; baseline 0.004 -22"><span class='ocrx_word' id='word_1_85' title='bbox 95 1488 173 1551; x_wconf 89' lang='lat' dir='ltr'>inde</span> <span class='ocrx_word' id='word_1_86' title='bbox 198 1496 237 1551; x_wconf 82' lang='lat' dir='ltr'>ac</span> <span class='ocrx_word' id='word_1_87' title='bbox 264 1488 307 1549; x_wconf 90' lang='lat' dir='ltr'>de</span> <span class='ocrx_word' id='word_1_88' title='bbox 332 1486 532 1569; x_wconf 90' lang='lat' dir='ltr'>importunis</span> <span class='ocrx_word' id='word_1_89' title='bbox 556 1488 664 1564; x_wconf 90' lang='lat' dir='ltr'>rebus,</span> <span class='ocrx_word' id='word_1_90' title='bbox 691 1486 783 1549; x_wconf 92' lang='lat' dir='ltr'>nulla</span> <span class='ocrx_word' id='word_1_91' title='bbox 799 1487 842 1550; x_wconf 92' lang='lat' dir='ltr'>sit</span> <span class='ocrx_word' id='word_1_92' title='bbox 869 1488 1062 1570; x_wconf 89' lang='lat' dir='ltr'>praeceptio</span> <span class='ocrx_word' id='word_1_93' title='bbox 1079 1505 1140 1549; x_wconf 93' lang='lat' dir='ltr'>nec</span> <span class='ocrx_word' id='word_1_94' title='bbox 1155 1485 1206 1547; x_wconf 92' lang='lat' dir='ltr'>di·</span> <span class='ocrx_word' id='word_1_95' title='bbox 1231 1446 1370 1552; x_wconf 58' lang='lat' dir='ltr'>iihldlxlm</span> 
     </span>
    </p>
   </div>
   <div class='ocr_carea' id='block_1_5' title="bbox 96 1569 1382 1683">
    <p class='ocr_par' dir='ltr' id='par_1_6' title="bbox 96 1569 1382 1683">
     <span class='ocr_line' id='line_1_12' title="bbox 96 1569 1382 1683; baseline -0.006 -29"><span class='ocrx_word' id='word_1_96' title='bbox 96 1592 245 1674; x_wconf 90' lang='lat' dir='ltr'>sciplina.</span> <span class='ocrx_word' id='word_1_97' title='bbox 273 1590 363 1654; x_wconf 92' lang='lat' dir='ltr'>Nam</span> <span class='ocrx_word' id='word_1_98' title='bbox 379 1611 522 1673; x_wconf 89' lang='lat' dir='ltr'>quorum</span> <span class='ocrx_word' id='word_1_99' title='bbox 548 1591 682 1672; x_wconf 88' lang='lat' dir='ltr'>ingenia</span> <span class='ocrx_word' id='word_1_100' title='bbox 699 1589 819 1653; x_wconf 91' lang='lat' dir='ltr'>litteris</span> <span class='ocrx_word' id='word_1_101' title='bbox 835 1601 869 1654; x_wconf 91' lang='lat' dir='ltr'>et</span> <span class='ocrx_word' id='word_1_102' title='bbox 895 1592 1023 1655; x_wconf 90' lang='lat' dir='ltr'>artibus</span> <span class='ocrx_word' id='word_1_103' title='bbox 1048 1590 1204 1654; x_wconf 90' lang='lat' dir='ltr'>erudiun·</span> <span class='ocrx_word' id='word_1_104' title='bbox 1232 1569 1382 1683; x_wconf 36' lang='lat' dir='ltr'>&#39;afilem‘</span> 
     </span>
    </p>
   </div>
   <div class='ocr_carea' id='block_1_6' title="bbox 96 1696 1441 3547">
    <p class='ocr_par' dir='ltr' id='par_1_7' title="bbox 96 1696 1441 2507">
     <span class='ocr_line' id='line_1_13' title="bbox 96 1696 1383 1779; baseline -0.002 -19"><span class='ocrx_word' id='word_1_105' title='bbox 96 1709 158 1775; x_wconf 90' lang='lat' dir='ltr'>tur,</span> <span class='ocrx_word' id='word_1_106' title='bbox 184 1697 320 1760; x_wconf 88' lang='lat' dir='ltr'>eosdem</span> <span class='ocrx_word' id='word_1_107' title='bbox 352 1696 503 1778; x_wconf 86' lang='lat' dir='ltr'>prolecto</span> <span class='ocrx_word' id='word_1_108' title='bbox 529 1711 665 1759; x_wconf 88' lang='lat' dir='ltr'>necesse</span> <span class='ocrx_word' id='word_1_109' title='bbox 690 1706 742 1759; x_wconf 90' lang='lat' dir='ltr'>est</span> <span class='ocrx_word' id='word_1_110' title='bbox 758 1697 884 1777; x_wconf 90' lang='lat' dir='ltr'>pariter</span> <span class='ocrx_word' id='word_1_111' title='bbox 911 1696 1107 1778; x_wconf 86' lang='lat' dir='ltr'>cognitione</span> <span class='ocrx_word' id='word_1_112' title='bbox 1137 1696 1205 1759; x_wconf 92' lang='lat' dir='ltr'>cul·</span> <span class='ocrx_word' id='word_1_113' title='bbox 1232 1717 1322 1749; x_wconf 79' lang='lat' dir='ltr'>manas</span> <span class='ocrx_word' id='word_1_114' title='bbox 1340 1702 1383 1779; x_wconf 68' lang='lat' dir='ltr'>lu·</span> 
     </span>
     <span class='ocr_line' id='line_1_14' title="bbox 96 1773 1382 1897; baseline 0.001 -35"><span class='ocrx_word' id='word_1_115' title='bbox 96 1813 199 1883; x_wconf 88' lang='lat' dir='ltr'>tuque</span> <span class='ocrx_word' id='word_1_116' title='bbox 229 1800 351 1863; x_wconf 91' lang='lat' dir='ltr'>erudiri</span> <span class='ocrx_word' id='word_1_117' title='bbox 382 1801 571 1863; x_wconf 89' lang='lat' dir='ltr'>divinarum</span> <span class='ocrx_word' id='word_1_118' title='bbox 603 1819 722 1876; x_wconf 89' lang='lat' dir='ltr'>rerum,</span> <span class='ocrx_word' id='word_1_119' title='bbox 753 1809 873 1880; x_wconf 89' lang='lat' dir='ltr'>utpote</span> <span class='ocrx_word' id='word_1_120' title='bbox 903 1800 970 1881; x_wconf 90' lang='lat' dir='ltr'>qui,</span> <span class='ocrx_word' id='word_1_121' title='bbox 1000 1800 1206 1864; x_wconf 90' lang='lat' dir='ltr'>admonente</span> <span class='ocrx_word' id='word_1_122' title='bbox 1231 1773 1382 1897; x_wconf 51' lang='lat' dir='ltr'>wffl&#39;</span> 
     </span>
     <span class='ocr_line' id='line_1_15' title="bbox 96 1898 1383 1987; baseline -0.002 -20"><span class='ocrx_word' id='word_1_123' title='bbox 96 1905 169 1987; x_wconf 88' lang='lat' dir='ltr'>ipsa</span> <span class='ocrx_word' id='word_1_124' title='bbox 185 1915 218 1967; x_wconf 89' lang='lat' dir='ltr'>et</span> <span class='ocrx_word' id='word_1_125' title='bbox 235 1902 372 1967; x_wconf 90' lang='lat' dir='ltr'>iube&#39;nte</span> <span class='ocrx_word' id='word_1_126' title='bbox 385 1912 514 1980; x_wconf 88' lang='lat' dir='ltr'>natura,</span> <span class='ocrx_word' id='word_1_127' title='bbox 531 1924 597 1967; x_wconf 93' lang='lat' dir='ltr'>non</span> <span class='ocrx_word' id='word_1_128' title='bbox 627 1905 737 1967; x_wconf 89' lang='lat' dir='ltr'>minus</span> <span class='ocrx_word' id='word_1_129' title='bbox 753 1923 855 1987; x_wconf 90' lang='lat' dir='ltr'>quam</span> <span class='ocrx_word' id='word_1_130' title='bbox 879 1903 1018 1981; x_wconf 85' lang='lat' dir='ltr'>civitati,</span> <span class='ocrx_word' id='word_1_131' title='bbox 1033 1904 1207 1986; x_wconf 87' lang='lat' dir='ltr'>multoque</span> <span class='ocrx_word' id='word_1_132' title='bbox 1231 1898 1383 1947; x_wconf 77' lang='lat' dir='ltr'>divinarum</span> 
     </span>
     <span class='ocr_line' id='line_1_16' title="bbox 96 1979 1383 2090; baseline 0.008 -21"><span class='ocrx_word' id='word_1_133' title='bbox 96 2006 253 2088; x_wconf 91' lang='lat' dir='ltr'>amplius,</span> <span class='ocrx_word' id='word_1_134' title='bbox 280 2007 428 2070; x_wconf 90' lang='lat' dir='ltr'>debeant</span> <span class='ocrx_word' id='word_1_135' title='bbox 456 2006 541 2083; x_wconf 91' lang='lat' dir='ltr'>Deo,</span> <span class='ocrx_word' id='word_1_136' title='bbox 565 2008 690 2090; x_wconf 88' lang='lat' dir='ltr'>quique</span> <span class='ocrx_word' id='word_1_137' title='bbox 716 2007 841 2070; x_wconf 91' lang='lat' dir='ltr'>idcirco</span> <span class='ocrx_word' id='word_1_138' title='bbox 866 2008 899 2069; x_wconf 94' lang='lat' dir='ltr'>in</span> <span class='ocrx_word' id='word_1_139' title='bbox 927 2007 1035 2070; x_wconf 90' lang='lat' dir='ltr'>lucem</span> <span class='ocrx_word' id='word_1_140' title='bbox 1059 2008 1206 2089; x_wconf 87' lang='lat' dir='ltr'>suscepti</span> <span class='ocrx_word' id='word_1_141' title='bbox 1232 1979 1383 2079; x_wconf 43' lang='lat' dir='ltr'>{mli</span> 
     </span>
     <span class='ocr_line' id='line_1_17' title="bbox 97 2094 1375 2209; baseline -0.002 -36"><span class='ocrx_word' id='word_1_142' title='bbox 97 2112 174 2187; x_wconf 89' lang='lat' dir='ltr'>sint,</span> <span class='ocrx_word' id='word_1_143' title='bbox 189 2122 225 2174; x_wconf 86' lang='lat' dir='ltr'>ut</span> <span class='ocrx_word' id='word_1_144' title='bbox 242 2111 369 2174; x_wconf 84' lang='lat' dir='ltr'>civitati</span> <span class='ocrx_word' id='word_1_145' title='bbox 396 2112 588 2186; x_wconf 89' lang='lat' dir='ltr'>servientes,</span> <span class='ocrx_word' id='word_1_146' title='bbox 613 2110 656 2174; x_wconf 90' lang='lat' dir='ltr'>ad</span> <span class='ocrx_word' id='word_1_147' title='bbox 680 2131 873 2174; x_wconf 89' lang='lat' dir='ltr'>mansuram</span> <span class='ocrx_word' id='word_1_148' title='bbox 890 2111 923 2173; x_wconf 92' lang='lat' dir='ltr'>in</span> <span class='ocrx_word' id='word_1_149' title='bbox 952 2110 1046 2173; x_wconf 91' lang='lat' dir='ltr'>caelo</span> <span class='ocrx_word' id='word_1_150' title='bbox 1062 2112 1205 2193; x_wconf 87' lang='lat' dir='ltr'>patriam</span> <span class='ocrx_word' id='word_1_151' title='bbox 1231 2094 1375 2209; x_wconf 53' lang='lat' dir='ltr'>{Zsjxffn</span> 
     </span>
     <span class='ocr_line' id='line_1_18' title="bbox 98 2212 1441 2302; baseline -0.001 -27"><span class='ocrx_word' id='word_1_152' title='bbox 98 2214 160 2280; x_wconf 91' lang='lat' dir='ltr'>iter</span> <span class='ocrx_word' id='word_1_153' title='bbox 182 2215 329 2297; x_wconf 84' lang='lat' dir='ltr'>dirigant</span> <span class='ocrx_word' id='word_1_154' title='bbox 355 2234 452 2277; x_wconf 90' lang='lat' dir='ltr'>suum</span> <span class='ocrx_word' id='word_1_155' title='bbox 484 2216 701 2299; x_wconf 88' lang='lat' dir='ltr'>studioseque</span> <span class='ocrx_word' id='word_1_156' title='bbox 725 2213 914 2279; x_wconf 89' lang='lat' dir='ltr'>conficiant.</span> <span class='ocrx_word' id='word_1_157' title='bbox 939 2212 978 2277; x_wconf 90' lang='lat' dir='ltr'>ln</span> <span class='ocrx_word' id='word_1_158' title='bbox 1005 2213 1068 2277; x_wconf 90' lang='lat' dir='ltr'>hoc</span> <span class='ocrx_word' id='word_1_159' title='bbox 1093 2223 1205 2276; x_wconf 90' lang='lat' dir='ltr'>autem</span> <span class='ocrx_word' id='word_1_160' title='bbox 1226 2227 1341 2302; x_wconf 68' lang='lat' dir='ltr'>puniet</span> <span class='ocrx_word' id='word_1_161' title='bbox 1434 2228 1441 2242; x_wconf 92' lang='lat'><strong>·</strong></span> 
     </span>
     <span class='ocr_line' id='line_1_19' title="bbox 98 2307 1341 2401; baseline -0.002 -20"><span class='ocrx_word' id='word_1_162' title='bbox 98 2320 298 2383; x_wconf 85' lang='lat' dir='ltr'>cessandum</span> <span class='ocrx_word' id='word_1_163' title='bbox 331 2320 468 2381; x_wconf 91' lang='lat' dir='ltr'>minime</span> <span class='ocrx_word' id='word_1_164' title='bbox 499 2319 571 2395; x_wconf 89' lang='lat' dir='ltr'>erit,</span> <span class='ocrx_word' id='word_1_165' title='bbox 602 2320 808 2401; x_wconf 87' lang='lat' dir='ltr'>procedente</span> <span class='ocrx_word' id='word_1_166' title='bbox 839 2339 915 2382; x_wconf 92' lang='lat' dir='ltr'>curn</span> <span class='ocrx_word' id='word_1_167' title='bbox 947 2337 1062 2381; x_wconf 89' lang='lat' dir='ltr'>eorum</span> <span class='ocrx_word' id='word_1_168' title='bbox 1095 2326 1207 2380; x_wconf 90' lang='lat' dir='ltr'>aetate</span> <span class='ocrx_word' id='word_1_169' title='bbox 1225 2307 1341 2355; x_wconf 62' lang='lat' dir='ltr'>juvenes.</span> 
     </span>
     <span class='ocr_line' id='line_1_20' title="bbox 98 2424 1206 2507; baseline -0.001 -20"><span class='ocrx_word' id='word_1_170' title='bbox 98 2426 227 2489; x_wconf 91' lang='lat' dir='ltr'>cultura</span> <span class='ocrx_word' id='word_1_171' title='bbox 254 2424 364 2503; x_wconf 89' lang='lat' dir='ltr'>civili;</span> <span class='ocrx_word' id='word_1_172' title='bbox 393 2426 473 2507; x_wconf 92' lang='lat' dir='ltr'>quin</span> <span class='ocrx_word' id='word_1_173' title='bbox 503 2424 606 2488; x_wconf 89' lang='lat' dir='ltr'>etiam</span> <span class='ocrx_word' id='word_1_174' title='bbox 637 2445 678 2488; x_wconf 92' lang='lat' dir='ltr'>eo</span> <span class='ocrx_word' id='word_1_175' title='bbox 709 2425 931 2489; x_wconf 90' lang='lat' dir='ltr'>insistendum</span> <span class='ocrx_word' id='word_1_176' title='bbox 962 2425 1105 2501; x_wconf 88' lang='lat' dir='ltr'>enixius,</span> <span class='ocrx_word' id='word_1_177' title='bbox 1133 2432 1206 2486; x_wconf 88' lang='lat' dir='ltr'>turn</span> 
     </span>
    </p>

    <p class='ocr_par' dir='ltr' id='par_1_8' title="bbox 99 2524 1207 2611">
     <span class='ocr_line' id='line_1_21' title="bbox 99 2524 1207 2611; baseline -0.005 -18"><span class='ocrx_word' id='word_1_178' title='bbox 99 2530 187 2611; x_wconf 93' lang='lat' dir='ltr'>quod</span> <span class='ocrx_word' id='word_1_179' title='bbox 215 2530 371 2593; x_wconf 90' lang='lat' dir='ltr'>iuventus</span> <span class='ocrx_word' id='word_1_180' title='bbox 398 2528 583 2609; x_wconf 91' lang='lat' dir='ltr'>cupiditate</span> <span class='ocrx_word' id='word_1_181' title='bbox 611 2528 747 2605; x_wconf 90' lang='lat' dir='ltr'>sciendi,</span> <span class='ocrx_word' id='word_1_182' title='bbox 764 2539 801 2590; x_wconf 92' lang='lat' dir='ltr'>ut</span> <span class='ocrx_word' id='word_1_183' title='bbox 818 2547 906 2590; x_wconf 90' lang='lat' dir='ltr'>nunc</span> <span class='ocrx_word' id='word_1_184' title='bbox 922 2525 1120 2609; x_wconf 88' lang='lat' dir='ltr'>praesertim</span> <span class='ocrx_word' id='word_1_185' title='bbox 1137 2524 1207 2606; x_wconf 89' lang='lat' dir='ltr'>agi·</span> 
     </span>
    </p>

    <p class='ocr_par' dir='ltr' id='par_1_9' title="bbox 97 2627 1206 2712">
     <span class='ocr_line' id='line_1_22' title="bbox 97 2627 1206 2712; baseline -0.002 -19"><span class='ocrx_word' id='word_1_186' title='bbox 97 2642 211 2695; x_wconf 90' lang='lat' dir='ltr'>tantur</span> <span class='ocrx_word' id='word_1_187' title='bbox 241 2631 361 2707; x_wconf 90' lang='lat' dir='ltr'>studia,</span> <span class='ocrx_word' id='word_1_188' title='bbox 387 2631 619 2693; x_wconf 88' lang='lat' dir='ltr'>vehementius</span> <span class='ocrx_word' id='word_1_189' title='bbox 647 2631 799 2712; x_wconf 88' lang='lat' dir='ltr'>quotidie</span> <span class='ocrx_word' id='word_1_190' title='bbox 831 2640 977 2712; x_wconf 87' lang='lat' dir='ltr'>urgetur,</span> <span class='ocrx_word' id='word_1_191' title='bbox 1008 2641 1082 2694; x_wconf 83' lang='lat' dir='ltr'>turn</span> <span class='ocrx_word' id='word_1_192' title='bbox 1114 2627 1206 2711; x_wconf 89' lang='lat' dir='ltr'>quod</span> 
     </span>
    </p>

    <p class='ocr_par' dir='ltr' id='par_1_10' title="bbox 99 2733 1207 2818">
     <span class='ocr_line' id='line_1_23' title="bbox 99 2733 1207 2818; baseline -0.005 -19"><span class='ocrx_word' id='word_1_193' title='bbox 99 2738 207 2799; x_wconf 89' lang='lat' dir='ltr'>eidem</span> <span class='ocrx_word' id='word_1_194' title='bbox 225 2737 352 2800; x_wconf 90' lang='lat' dir='ltr'>maiora</span> <span class='ocrx_word' id='word_1_195' title='bbox 368 2736 518 2818; x_wconf 88' lang='lat' dir='ltr'>quotidie</span> <span class='ocrx_word' id='word_1_196' title='bbox 547 2736 745 2815; x_wconf 89' lang='lat' dir='ltr'>impendent</span> <span class='ocrx_word' id='word_1_197' title='bbox 760 2738 804 2797; x_wconf 92' lang='lat' dir='ltr'>de</span> <span class='ocrx_word' id='word_1_198' title='bbox 820 2734 886 2797; x_wconf 89' lang='lat' dir='ltr'>fide</span> <span class='ocrx_word' id='word_1_199' title='bbox 902 2734 1057 2817; x_wconf 90' lang='lat' dir='ltr'>pericula,</span> <span class='ocrx_word' id='word_1_200' title='bbox 1075 2733 1207 2815; x_wconf 87' lang='lat' dir='ltr'>magnis</span> 
     </span>
    </p>

    <p class='ocr_par' dir='ltr' id='par_1_11' title="bbox 99 2838 1386 3547">
     <span class='ocr_line' id='line_1_24' title="bbox 99 2838 1386 2945; baseline -0.003 -43"><span class='ocrx_word' id='word_1_201' title='bbox 99 2841 165 2903; x_wconf 92' lang='lat' dir='ltr'>iam</span> <span class='ocrx_word' id='word_1_202' title='bbox 192 2840 374 2923; x_wconf 90' lang='lat' dir='ltr'>deploratis</span> <span class='ocrx_word' id='word_1_203' title='bbox 402 2850 498 2904; x_wconf 87' lang='lat' dir='ltr'>tanta</span> <span class='ocrx_word' id='word_1_204' title='bbox 515 2840 547 2936; x_wconf 78' lang='lat' dir='ltr'>in</span> <span class='ocrx_word' id='word_1_205' title='bbox 565 2859 598 2901; x_wconf 91' lang='lat' dir='ltr'>re</span> <span class='ocrx_word' id='word_1_206' title='bbox 614 2840 758 2904; x_wconf 89' lang='lat' dir='ltr'>iacturis.</span> <span class='ocrx_word' id='word_1_207' title='bbox 785 2839 886 2922; x_wconf 83' lang='lat' dir='ltr'>Quod</span> <span class='ocrx_word' id='word_1_208' title='bbox 913 2860 992 2903; x_wconf 87' lang='lat' dir='ltr'>vero</span> <span class='ocrx_word' id='word_1_209' title='bbox 1020 2840 1063 2901; x_wconf 88' lang='lat' dir='ltr'>de</span> <span class='ocrx_word' id='word_1_210' title='bbox 1079 2838 1208 2901; x_wconf 92' lang='lat' dir='ltr'>ratione</span> <span class='ocrx_word' id='word_1_211' title='bbox 1286 2881 1386 2945; x_wconf 77' lang='lat' dir='ltr'>optimo</span> 
     </span>
     <span class='ocr_line' id='line_1_25' title="bbox 99 2941 1385 3025; baseline -0.001 -20"><span class='ocrx_word' id='word_1_212' title='bbox 99 2964 213 3007; x_wconf 87' lang='lat' dir='ltr'>sacrae</span> <span class='ocrx_word' id='word_1_213' title='bbox 237 2944 410 3007; x_wconf 87' lang='lat' dir='ltr'>doctrinae</span> <span class='ocrx_word' id='word_1_214' title='bbox 438 2944 634 3019; x_wconf 88' lang='lat' dir='ltr'>tradendae,</span> <span class='ocrx_word' id='word_1_215' title='bbox 660 2944 702 3005; x_wconf 91' lang='lat' dir='ltr'>de</span> <span class='ocrx_word' id='word_1_216' title='bbox 728 2945 964 3024; x_wconf 89' lang='lat' dir='ltr'>magistrorum</span> <span class='ocrx_word' id='word_1_217' title='bbox 990 2941 1159 3024; x_wconf 89' lang='lat' dir='ltr'>probitate</span> <span class='ocrx_word' id='word_1_218' title='bbox 1175 2951 1209 3004; x_wconf 91' lang='lat' dir='ltr'>et</span> <span class='ocrx_word' id='word_1_219' title='bbox 1227 2948 1385 3025; x_wconf 64' lang='lat' dir='ltr'>jrfreEccle·</span> 
     </span>
     <span class='ocr_line' id='line_1_26' title="bbox 100 3018 1386 3128; baseline -0.002 -19"><span class='ocrx_word' id='word_1_220' title='bbox 100 3047 228 3127; x_wconf 91' lang='lat' dir='ltr'>peritia,</span> <span class='ocrx_word' id='word_1_221' title='bbox 243 3048 286 3109; x_wconf 92' lang='lat' dir='ltr'>de</span> <span class='ocrx_word' id='word_1_222' title='bbox 311 3047 470 3111; x_wconf 91' lang='lat' dir='ltr'>librorum</span> <span class='ocrx_word' id='word_1_223' title='bbox 487 3047 631 3123; x_wconf 88' lang='lat' dir='ltr'>delectu,</span> <span class='ocrx_word' id='word_1_224' title='bbox 646 3048 810 3128; x_wconf 88' lang='lat' dir='ltr'>quasdam</span> <span class='ocrx_word' id='word_1_225' title='bbox 829 3046 982 3109; x_wconf 84' lang='lat' dir='ltr'>Ecclesia</span> <span class='ocrx_word' id='word_1_226' title='bbox 1007 3054 1122 3108; x_wconf 88' lang='lat' dir='ltr'>censet</span> <span class='ocrx_word' id='word_1_227' title='bbox 1138 3044 1208 3107; x_wconf 92' lang='lat' dir='ltr'>vin·</span> <span class='ocrx_word' id='word_1_228' title='bbox 1234 3018 1386 3128; x_wconf 50' lang='lat' dir='ltr'>ssfflffl&#39;</span> 
     </span>
     <span class='ocr_line' id='line_1_27' title="bbox 101 3143 1386 3255; baseline -0.002 -42"><span class='ocrx_word' id='word_1_229' title='bbox 101 3152 212 3214; x_wconf 86' lang='lat' dir='ltr'>dicare</span> <span class='ocrx_word' id='word_1_230' title='bbox 239 3151 303 3215; x_wconf 92' lang='lat' dir='ltr'>sibi</span> <span class='ocrx_word' id='word_1_231' title='bbox 325 3154 509 3228; x_wconf 90' lang='lat' dir='ltr'>cautiones,</span> <span class='ocrx_word' id='word_1_232' title='bbox 524 3151 690 3233; x_wconf 90' lang='lat' dir='ltr'>quosdam</span> <span class='ocrx_word' id='word_1_233' title='bbox 719 3152 838 3214; x_wconf 91' lang='lat' dir='ltr'>modos</span> <span class='ocrx_word' id='word_1_234' title='bbox 865 3148 1052 3232; x_wconf 90' lang='lat' dir='ltr'>praefinire,</span> <span class='ocrx_word' id='word_1_235' title='bbox 1078 3150 1111 3211; x_wconf 94' lang='lat' dir='ltr'>id</span> <span class='ocrx_word' id='word_1_236' title='bbox 1129 3168 1210 3211; x_wconf 91' lang='lat' dir='ltr'>sane</span> <span class='ocrx_word' id='word_1_237' title='bbox 1235 3143 1386 3255; x_wconf 51' lang='lat' dir='ltr'>vendicarpe</span> 
     </span>
     <span class='ocr_line' id='line_1_28' title="bbox 101 3224 1385 3339; baseline -0.001 -22"><span class='ocrx_word' id='word_1_238' title='bbox 101 3268 220 3339; x_wconf 89' lang='lat' dir='ltr'>suopte</span> <span class='ocrx_word' id='word_1_239' title='bbox 246 3258 315 3320; x_wconf 91' lang='lat' dir='ltr'>iure</span> <span class='ocrx_word' id='word_1_240' title='bbox 343 3256 443 3334; x_wconf 85' lang='lat' dir='ltr'>facit;</span> <span class='ocrx_word' id='word_1_241' title='bbox 471 3276 580 3337; x_wconf 89' lang='lat' dir='ltr'>neque</span> <span class='ocrx_word' id='word_1_242' title='bbox 598 3256 631 3318; x_wconf 94' lang='lat' dir='ltr'>id</span> <span class='ocrx_word' id='word_1_243' title='bbox 659 3264 771 3337; x_wconf 84' lang='lat' dir='ltr'>potest</span> <span class='ocrx_word' id='word_1_244' title='bbox 788 3276 856 3319; x_wconf 89' lang='lat' dir='ltr'>non</span> <span class='ocrx_word' id='word_1_245' title='bbox 873 3254 1069 3336; x_wconf 85' lang='lat' dir='ltr'>lacere,pro</span> <span class='ocrx_word' id='word_1_246' title='bbox 1086 3273 1210 3335; x_wconf 90' lang='lat' dir='ltr'>eoquo</span> <span class='ocrx_word' id='word_1_247' title='bbox 1234 3224 1385 3323; x_wconf 48' lang='lat' dir='ltr'>miili</span> 
     </span>
     <span class='ocr_line' id='line_1_29' title="bbox 101 3340 1386 3455; baseline -0.005 -32"><span class='ocrx_word' id='word_1_248' title='bbox 101 3372 232 3425; x_wconf 89' lang='lat' dir='ltr'>tenetur</span> <span class='ocrx_word' id='word_1_249' title='bbox 254 3362 454 3443; x_wconf 87' lang='lat' dir='ltr'>gravissimo</span> <span class='ocrx_word' id='word_1_250' title='bbox 481 3358 591 3423; x_wconf 89' lang='lat' dir='ltr'>officio</span> <span class='ocrx_word' id='word_1_251' title='bbox 618 3358 818 3440; x_wconf 91' lang='lat' dir='ltr'>providendi</span> <span class='ocrx_word' id='word_1_252' title='bbox 847 3378 889 3420; x_wconf 91' lang='lat' dir='ltr'>ne</span> <span class='ocrx_word' id='word_1_253' title='bbox 906 3358 986 3440; x_wconf 92' lang='lat' dir='ltr'>quid</span> <span class='ocrx_word' id='word_1_254' title='bbox 1005 3377 1148 3439; x_wconf 89' lang='lat' dir='ltr'>usquam</span> <span class='ocrx_word' id='word_1_255' title='bbox 1168 3357 1208 3418; x_wconf 92' lang='lat' dir='ltr'>ir·</span> <span class='ocrx_word' id='word_1_256' title='bbox 1234 3340 1323 3455; x_wconf 49' lang='lat' dir='ltr'>{effi</span> <span class='ocrx_word' id='word_1_257' title='bbox 1334 3346 1386 3387; x_wconf 81' lang='lat' dir='ltr'>rra·</span> 
     </span>
     <span class='ocr_line' id='line_1_30' title="bbox 102 3459 1210 3547; baseline -0.003 -22"><span class='ocrx_word' id='word_1_258' title='bbox 102 3476 203 3547; x_wconf 87' lang='lat' dir='ltr'>repat,</span> <span class='ocrx_word' id='word_1_259' title='bbox 227 3466 271 3527; x_wconf 93' lang='lat' dir='ltr'>ab</span> <span class='ocrx_word' id='word_1_260' title='bbox 296 3465 488 3547; x_wconf 87' lang='lat' dir='ltr'>integritate</span> <span class='ocrx_word' id='word_1_261' title='bbox 514 3465 662 3527; x_wconf 92' lang='lat' dir='ltr'>alienum</span> <span class='ocrx_word' id='word_1_262' title='bbox 689 3462 765 3526; x_wconf 89' lang='lat' dir='ltr'>fidei</span> <span class='ocrx_word' id='word_1_263' title='bbox 793 3482 975 3539; x_wconf 88' lang='lat' dir='ltr'>morumve,</span> <span class='ocrx_word' id='word_1_264' title='bbox 1002 3459 1094 3543; x_wconf 91' lang='lat' dir='ltr'>quod</span> <span class='ocrx_word' id='word_1_265' title='bbox 1124 3462 1210 3523; x_wconf 92' lang='lat' dir='ltr'>chri·</span> 
     </span>
    </p>
   </div>
   <div class='ocr_carea' id='block_1_7' title="bbox 103 3564 1387 3649">
    <p class='ocr_par' dir='ltr' id='par_1_12' title="bbox 103 3564 1387 3649">
     <span class='ocr_line' id='line_1_31' title="bbox 103 3564 1387 3649; baseline -0.007 -22"><span class='ocrx_word' id='word_1_266' title='bbox 103 3568 212 3630; x_wconf 90' lang='lat' dir='ltr'>stiano</span> <span class='ocrx_word' id='word_1_267' title='bbox 228 3567 355 3649; x_wconf 91' lang='lat' dir='ltr'>populo</span> <span class='ocrx_word' id='word_1_268' title='bbox 376 3564 710 3630; x_wconf 83' lang='lat' dir='ltr'>noceat-Sacram</span> <span class='ocrx_word' id='word_1_269' title='bbox 736 3585 835 3648; x_wconf 94' lang='lat' dir='ltr'>porro</span> <span class='ocrx_word' id='word_1_270' title='bbox 852 3564 1109 3640; x_wconf 91' lang='lat' dir='ltr'>institutionem,</span> <span class='ocrx_word' id='word_1_271' title='bbox 1124 3581 1210 3645; x_wconf 91' lang='lat' dir='ltr'>quae</span> <span class='ocrx_word' id='word_1_272' title='bbox 1285 3572 1387 3621; x_wconf 65' lang='lat' dir='ltr'>Doctri-</span> 
     </span>
    </p>
   </div>
   <div class='ocr_carea' id='block_1_8' title="bbox 105 3653 1356 3768">
    <p class='ocr_par' dir='ltr' id='par_1_13' title="bbox 105 3653 1356 3768">
     <span class='ocr_line' id='line_1_32' title="bbox 106 3653 1356 3687; baseline 0.013 -18"><span class='ocrx_word' id='word_1_273' title='bbox 106 3670 113 3682; x_wconf 69' lang='grc'><strong>,</strong></span> <span class='ocrx_word' id='word_1_274' title='bbox 229 3673 235 3687; x_wconf 62' lang='lat'>‚</span> <span class='ocrx_word' id='word_1_275' title='bbox 348 3675 354 3687; x_wconf 71' lang='grc'><em>,</em></span> <span class='ocrx_word' id='word_1_276' title='bbox 517 3673 524 3685; x_wconf 88' lang='grc'><strong>,</strong></span> <span class='ocrx_word' id='word_1_277' title='bbox 1236 3653 1356 3687; x_wconf 81' lang='lat' dir='ltr'>naracra</span> 
     </span>
     <span class='ocr_line' id='line_1_33' title="bbox 105 3669 1356 3768; baseline 0.003 -37"><span class='ocrx_word' id='word_1_278' title='bbox 105 3682 314 3755; x_wconf 76' lang='lat' dir='ltr'>impertratur</span> <span class='ocrx_word' id='word_1_279' title='bbox 344 3692 377 3735; x_wconf 89' lang='lat' dir='ltr'>rn</span> <span class='ocrx_word' id='word_1_280' title='bbox 420 3673 551 3749; x_wconf 73' lang='lat' dir='ltr'>scholis,</span> <span class='ocrx_word' id='word_1_281' title='bbox 582 3693 622 3735; x_wconf 92' lang='lat' dir='ltr'>ea</span> <span class='ocrx_word' id='word_1_282' title='bbox 653 3669 828 3735; x_wconf 89' lang='lat' dir='ltr'>confirmet</span> <span class='ocrx_word' id='word_1_283' title='bbox 858 3682 892 3734; x_wconf 91' lang='lat' dir='ltr'>et</span> <span class='ocrx_word' id='word_1_284' title='bbox 924 3670 1093 3752; x_wconf 91' lang='lat' dir='ltr'>compleat</span> <span class='ocrx_word' id='word_1_285' title='bbox 1125 3689 1211 3752; x_wconf 89' lang='lat' dir='ltr'>quae</span> <span class='ocrx_word' id='word_1_286' title='bbox 1233 3704 1356 3768; x_wconf 65' lang='lat' dir='ltr'>puertia</span> 
     </span>
    </p>
   </div>
   <div class='ocr_carea' id='block_1_9' title="bbox 105 3769 1390 4375">
    <p class='ocr_par' dir='ltr' id='par_1_14' title="bbox 105 3769 1390 4375">
     <span class='ocr_line' id='line_1_34' title="bbox 105 3769 1340 3859; baseline 0.002 -24"><span class='ocrx_word' id='word_1_287' title='bbox 105 3777 200 3838; x_wconf 90' lang='lat' dir='ltr'>certis</span> <span class='ocrx_word' id='word_1_288' title='bbox 235 3776 442 3857; x_wconf 90' lang='lat' dir='ltr'>temporibus</span> <span class='ocrx_word' id='word_1_289' title='bbox 473 3776 754 3859; x_wconf 87' lang='lat' dir='ltr'>praescriptisque</span> <span class='ocrx_word' id='word_1_290' title='bbox 781 3773 947 3836; x_wconf 88' lang='lat' dir='ltr'>habeatur</span> <span class='ocrx_word' id='word_1_291' title='bbox 977 3774 1011 3837; x_wconf 92' lang='lat' dir='ltr'>in</span> <span class='ocrx_word' id='word_1_292' title='bbox 1042 3775 1141 3836; x_wconf 91' lang='lat' dir='ltr'>curiis</span> <span class='ocrx_word' id='word_1_293' title='bbox 1173 3794 1212 3837; x_wconf 90' lang='lat' dir='ltr'>ac</span> <span class='ocrx_word' id='word_1_294' title='bbox 1236 3769 1340 3845; x_wconf 54' lang='lat' dir='ltr'>ecclesiis</span> 
     </span>
     <span class='ocr_line' id='line_1_35' title="bbox 106 3841 1369 3963; baseline -0.005 -22"><span class='ocrx_word' id='word_1_295' title='bbox 106 3880 250 3963; x_wconf 89' lang='lat' dir='ltr'>templis,</span> <span class='ocrx_word' id='word_1_296' title='bbox 276 3880 333 3943; x_wconf 93' lang='lat' dir='ltr'>ubi</span> <span class='ocrx_word' id='word_1_297' title='bbox 360 3880 511 3942; x_wconf 91' lang='lat' dir='ltr'>eiusdem</span> <span class='ocrx_word' id='word_1_298' title='bbox 541 3878 618 3943; x_wconf 88' lang='lat' dir='ltr'>fidei</span> <span class='ocrx_word' id='word_1_299' title='bbox 646 3879 862 3959; x_wconf 90' lang='lat' dir='ltr'>caritatisque</span> <span class='ocrx_word' id='word_1_300' title='bbox 878 3880 1039 3961; x_wconf 85' lang='lat' dir='ltr'>germina,</span> <span class='ocrx_word' id='word_1_301' title='bbox 1064 3878 1160 3962; x_wconf 92' lang='lat' dir='ltr'>quasi</span> <span class='ocrx_word' id='word_1_302' title='bbox 1178 3879 1211 3941; x_wconf 93' lang='lat' dir='ltr'>in</span> <span class='ocrx_word' id='word_1_303' title='bbox 1233 3841 1369 3948; x_wconf 49' lang='lat' dir='ltr'>wlff</span> 
     </span>
     <span class='ocr_line' id='line_1_36' title="bbox 107 3972 1290 4063; baseline -0.003 -16"><span class='ocrx_word' id='word_1_304' title='bbox 107 3984 177 4047; x_wconf 91' lang='lat' dir='ltr'>solo</span> <span class='ocrx_word' id='word_1_305' title='bbox 192 4004 264 4059; x_wconf 88' lang='lat' dir='ltr'>suo,</span> <span class='ocrx_word' id='word_1_306' title='bbox 279 3983 413 4047; x_wconf 89' lang='lat' dir='ltr'>uberius</span> <span class='ocrx_word' id='word_1_307' title='bbox 431 3984 623 4046; x_wconf 91' lang='lat' dir='ltr'>nutriuntur</span> <span class='ocrx_word' id='word_1_308' title='bbox 639 3993 672 4045; x_wconf 89' lang='lat' dir='ltr'>et</span> <span class='ocrx_word' id='word_1_309' title='bbox 688 3982 901 4063; x_wconf 90' lang='lat' dir='ltr'>proveniunt.</span> <span class='ocrx_word' id='word_1_310' title='bbox 1237 3972 1290 4014; x_wconf 54' lang='grc' dir='ltr'>Μ·</span> 
     </span>
     <span class='ocr_line' id='line_1_37' title="bbox 152 4086 1390 4193; baseline 0 -42"><span class='ocrx_word' id='word_1_311' title='bbox 152 4088 247 4152; x_wconf 88' lang='lat' dir='ltr'>Haec</span> <span class='ocrx_word' id='word_1_312' title='bbox 278 4090 359 4151; x_wconf 89' lang='lat' dir='ltr'>satis</span> <span class='ocrx_word' id='word_1_313' title='bbox 391 4108 450 4169; x_wconf 89' lang='lat' dir='ltr'>per</span> <span class='ocrx_word' id='word_1_314' title='bbox 481 4106 516 4149; x_wconf 92' lang='lat' dir='ltr'>se</span> <span class='ocrx_word' id='word_1_315' title='bbox 547 4088 620 4168; x_wconf 90' lang='lat' dir='ltr'>ipsa</span> <span class='ocrx_word' id='word_1_316' title='bbox 652 4095 800 4162; x_wconf 91' lang='lat' dir='ltr'>monent,</span> <span class='ocrx_word' id='word_1_317' title='bbox 830 4086 991 4168; x_wconf 82' lang='lat' dir='ltr'>singulari</span> <span class='ocrx_word' id='word_1_318' title='bbox 1023 4107 1107 4168; x_wconf 90' lang='lat' dir='ltr'>opus</span> <span class='ocrx_word' id='word_1_319' title='bbox 1139 4106 1212 4149; x_wconf 87' lang='lat' dir='ltr'>esse</span> <span class='ocrx_word' id='word_1_320' title='bbox 1268 4130 1390 4193; x_wconf 62' lang='lat' dir='ltr'>focor-</span> 
     </span>
     <span class='ocr_line' id='line_1_38' title="bbox 108 4189 1379 4274; baseline 0.002 -21"><span class='ocrx_word' id='word_1_321' title='bbox 108 4190 279 4272; x_wconf 87' lang='lat' dir='ltr'>diligentia</span> <span class='ocrx_word' id='word_1_322' title='bbox 305 4201 340 4255; x_wconf 90' lang='lat' dir='ltr'>et</span> <span class='ocrx_word' id='word_1_323' title='bbox 365 4211 469 4274; x_wconf 86' lang='lat' dir='ltr'>opera</span> <span class='ocrx_word' id='word_1_324' title='bbox 496 4192 537 4254; x_wconf 94' lang='lat' dir='ltr'>ad</span> <span class='ocrx_word' id='word_1_325' title='bbox 555 4189 805 4252; x_wconf 79' lang='lat' dir='ltr'>informandum</span> <span class='ocrx_word' id='word_1_326' title='bbox 833 4191 986 4252; x_wconf 89' lang='lat' dir='ltr'>ordinem</span> <span class='ocrx_word' id='word_1_327' title='bbox 1002 4189 1213 4269; x_wconf 86' lang='lat' dir='ltr'>clericalem;</span> <span class='ocrx_word' id='word_1_328' title='bbox 1237 4196 1379 4273; x_wconf 66' lang='lat' dir='ltr'>‹linfclcri-</span> 
     </span>
     <span class='ocr_line' id='line_1_39' title="bbox 110 4263 1386 4375; baseline 0.003 -20"><span class='ocrx_word' id='word_1_329' title='bbox 110 4296 174 4375; x_wconf 92' lang='lat' dir='ltr'>qui,</span> <span class='ocrx_word' id='word_1_330' title='bbox 197 4296 312 4358; x_wconf 90' lang='lat' dir='ltr'>divino</span> <span class='ocrx_word' id='word_1_331' title='bbox 338 4294 484 4371; x_wconf 89' lang='lat' dir='ltr'>oracul0,</span> <span class='ocrx_word' id='word_1_332' title='bbox 509 4294 586 4356; x_wconf 91' lang='lat' dir='ltr'>talis</span> <span class='ocrx_word' id='word_1_333' title='bbox 613 4310 821 4354; x_wconf 90' lang='lat' dir='ltr'>succrescere</span> <span class='ocrx_word' id='word_1_334' title='bbox 844 4291 946 4356; x_wconf 88' lang='lat' dir='ltr'>debet</span> <span class='ocrx_word' id='word_1_335' title='bbox 962 4301 1064 4374; x_wconf 89' lang='lat' dir='ltr'>atque</span> <span class='ocrx_word' id='word_1_336' title='bbox 1080 4311 1211 4355; x_wconf 89' lang='lat' dir='ltr'>sacrum</span> <span class='ocrx_word' id='word_1_337' title='bbox 1237 4263 1386 4375; x_wconf 49' lang='lat' dir='ltr'>mim„</span> 
     </span>
    </p>
   </div>
   <div class='ocr_carea' id='block_1_10' title="bbox 112 4391 1357 4481">
    <p class='ocr_par' dir='ltr' id='par_1_15' title="bbox 112 4391 1357 4481">
     <span class='ocr_line' id='line_1_40' title="bbox 112 4391 1357 4481; baseline -0.006 -22"><span class='ocrx_word' id='word_1_338' title='bbox 112 4397 156 4460; x_wconf 90' lang='lat' dir='ltr'>ita</span> <span class='ocrx_word' id='word_1_339' title='bbox 170 4408 282 4461; x_wconf 90' lang='lat' dir='ltr'>tenere</span> <span class='ocrx_word' id='word_1_340' title='bbox 309 4399 532 4481; x_wconf 89' lang='lat' dir='ltr'>propositum,</span> <span class='ocrx_word' id='word_1_341' title='bbox 548 4404 585 4459; x_wconf 90' lang='lat' dir='ltr'>ut</span> <span class='ocrx_word' id='word_1_342' title='bbox 599 4396 654 4459; x_wconf 87' lang='lat' dir='ltr'>sal</span> <span class='ocrx_word' id='word_1_343' title='bbox 666 4403 772 4458; x_wconf 79' lang='lat' dir='ltr'>terrae</span> <span class='ocrx_word' id='word_1_344' title='bbox 788 4406 822 4457; x_wconf 87' lang='lat' dir='ltr'>et</span> <span class='ocrx_word' id='word_1_345' title='bbox 833 4394 894 4457; x_wconf 80' lang='lat' dir='ltr'>lux</span> <span class='ocrx_word' id='word_1_346' title='bbox 922 4394 1041 4458; x_wconf 86' lang='lat' dir='ltr'>mundi</span> <span class='ocrx_word' id='word_1_347' title='bbox 1050 4394 1214 4457; x_wconf 85' lang='lat' dir='ltr'>habeatur</span> <span class='ocrx_word' id='word_1_348' title='bbox 1239 4391 1297 4440; x_wconf 72' lang='lat' dir='ltr'>neri</span> <span class='ocrx_word' id='word_1_349' title='bbox 1312 4404 1357 4437; x_wconf 72' lang='lat'>1²⁴0</span> 
     </span>
    </p>
   </div>
   <div class='ocr_carea' id='block_1_11' title="bbox 0 0 1584 4859">
    <p class='ocr_par' dir='ltr' id='par_1_16' title="bbox 0 0 1584 4859">
     <span class='ocr_line' id='line_1_41' title="bbox 0 0 1584 4859; baseline 0 0"><span class='ocrx_word' id='word_1_350' title='bbox 0 0 1584 4859; x_wconf 95' lang='lat' dir='ltr'> </span> 
     </span>
    </p>
   </div>
  </div>
 </body>
</html>
