3117 4859
222 359 272 408 DE
298 357 495 408 DOCTRINA
521 357 550 407 S.
580 356 740 405 THOMAE
768 358 810 406 IN
839 357 917 407 SOC.
946 358 1043 409 IESU.
1121 358 1188 431 137

91 510 190 572 nitate
205 509 413 570 exoleverint
429 517 488 570 aut
500 506 712 583 defluxerint,
728 506 918 588 frequenter
943 522 1021 573 sunt
1044 510 1190 592 singula·
1258 537 1322 624 illc

91 615 211 697 timque
225 614 433 690 confirmata,
450 615 483 675 in
512 614 775 694 congregatione
802 616 997 696 praesertim
1014 628 1122 693 XXIII,
1135 636 1191 697 pe·
1258 612 1328 699 1892]

91 718 197 780 culiari
226 718 377 799 quodam
409 717 546 779 decreto
573 716 689 793 edito;
713 717 803 798 quod
843 718 978 798 quidem
1010 716 1191 795 decretum,
1267 752 1339 811 Quod

91 842 185 903 quum
217 820 326 884 Nobis
370 820 514 902 primum
547 821 738 883 exhibitum
768 830 828 898 est,
859 834 926 883 xlv
955 822 1014 884 cal.
1042 824 1112 886 dec.
1139 842 1191 886 an.
1216 816 1368 930 {illudine-

92 942 366 1004 MDCCCLxxxllt,
382 929 677 992 commendatione
695 928 819 991 Nostra
844 930 985 1009 dignum
1002 929 1191 1005 habuimus,
1215 948 1352 1010 perissa.

92 1036 179 1118 eique
193 1036 278 1098 haec
293 1034 419 1097 volenti
448 1035 563 1098 animo
582 1034 821 1115 adscripsimus
837 1056 844 1097 ε
860 1034 1035 1097 Decretum
1057 1034 1097 1097 de
1113 1035 1189 1097 reti.
1217 1018 1346 1143 mxu.

92 1139 188 1203 nenda
204 1139 240 1204 S.
263 1139 294 1202 T
289 1139 405 1202 homae
418 1139 448 1201 A
453 1138 602 1220 quinatis
615 1138 650 1200 in
665 1138 780 1202 scholis
798 1136 971 1201 Societatis
982 1138 1059 1205 Iesu
1075 1138 1189 1201 doctri·
1216 1152 1272 1193 tara
1286 1152 1358 1208 prae-

93 1262 138 1314 na,
150 1242 237 1324 quod
249 1242 284 1304 iu
300 1252 458 1303 conventu
474 1262 592 1323 inagna
608 1241 747 1305 Ordinis
763 1252 866 1322 nuper
879 1240 989 1304 habito
1000 1250 1191 1303 renouatum
1217 1216 1357 1340 {iffi}

93 1354 140 1419 est,
153 1344 247 1407 ualde
261 1344 368 1407 Nobis
377 1343 548 1425 probatur,
562 1353 595 1406 et
606 1343 749 1406 maxime
764 1343 941 1407 hortamur
958 1354 997 1407 ut
1009 1344 1192 1425 diligentes-
1218 1344 1367 1456 hollttnu-

92 1447 164 1509 sime
178 1448 386 1530 inposterum
401 1448 443 1510 ab
457 1448 608 1511 omnibus
624 1459 778 1515 seruetur.
1214 1472 1366 1536 perhabita.

131 1547 193 1630 Qui
210 1570 311 1633 porro
333 1550 514 1616 Societatis
539 1552 819 1632 praescriptiones
836 1552 878 1614 de
904 1552 1024 1614 studiis
1051 1572 1191 1633 perpen-

93 1652 177 1729 derit,
192 1655 222 1715 ei
236 1654 449 1735 perspicuum
462 1655 534 1731 crit,
545 1655 732 1717 doctrinam
746 1654 779 1719 S.
789 1654 942 1719 Thomae
953 1656 1054 1718 etiam
1072 1656 1105 1718 in
1120 1655 1191 1735 phi·

95 1753 274 1838 losophicis‚
290 1777 357 1821 non
380 1758 413 1820 in
430 1757 629 1839 theologicis
657 1767 799 1834 tantum,
813 1778 884 1821 esse
900 1760 1039 1822 omnino
1051 1780 1191 1841 sequen·

93 1860 171 1923 dam.
187 1861 284 1925 Licet
311 1863 400 1925 enim
424 1882 468 1925 ex
500 1861 616 1943 regula
638 1864 828 1946 sequendus
853 1864 897 1925 sit
921 1864 952 1925 in
978 1863 1192 1945 philosophia
1271 1889 1369 1950 remu

95 1962 294 2043 Aristoteles,
304 1965 517 2047 philosophia
535 1965 569 2030 S.
585 1964 739 2028 Thomae
755 1965 837 2029 nihil
850 1967 986 2028 dernurn
1004 1966 1069 2029 alia
1082 1975 1191 2031 estat·
1217 1954 1367 2068 fjsffifm

97 2086 152 2147 que
163 2071 352 2133 aristotelea
364 2095 371 2134 t
384 2070 471 2132 hanc
482 2069 796 2152 nempeAngelicus
809 2069 1028 2133 scientissime
1039 2071 1190 2135 omniurn
1217 2036 1280 2134 inlu
1297 2087 1326 2133 in

100 2168 324 2254 interpretatus
356 2183 417 2250 est,
443 2173 531 2236 hanc
556 2156 731 2248 erroribus,
755 2173 908 2255 scriptori
929 2173 1063 2236 ethnico
1094 2172 1190 2236 facile
1210 2151 1365 2279 ffifflm

97 2274 328 2354 excidentibus,
359 2277 584 2351 emendatam,
603 2275 819 2338 christianam
853 2276 1017 2354 lecit,hac
1049 2276 1191 2358 ipsemet
1216 2284 1320 2331 tetelm-

247 2381 254 2393 ,
579 2380 587 2393 ,
639 2380 646 2393 ,
891 2381 898 2395 ‚
1010 2381 1017 2395 .
1259 2347 1366 2395 Philoso-

97 2394 163 2439 usus
178 2390 229 2442 est
245 2400 278 2441 rn
290 2381 494 2462 exponenda
510 2389 544 2443 et
555 2380 758 2443 vrndrcanda
774 2380 940 2443 catholica
950 2388 1099 2445 verrtate.
1115 2381 1189 2444 Hoc
1213 2412 1367 2477 phimum

96 2478 192 2561 ipsum
210 2493 404 2546 numeratur
416 2486 502 2547 inter
517 2503 649 2547 surnrna
663 2481 833 2559 beneficia,
845 2504 930 2566 quae
947 2504 1070 2566 magno
1082 2484 1189 2567 Aqui·
1216 2479 1368 2593 ww

97 2587 156 2649 nati
177 2588 277 2651 debet
313 2587 474 2666 Ecclesia,
504 2590 595 2671 quod
628 2588 846 2652 christianam
875 2588 1080 2671 theologiam
1112 2610 1188 2653 curn
1215 2616 1335 2673 astatque

96 2690 301 2772 peripatetica
333 2690 548 2774 philosophia
576 2692 642 2754 iam
674 2701 747 2755 tum
775 2693 972 2756 dominante
1002 2702 1071 2757 tarn
1103 2693 1190 2756 belle
1215 2675 1366 2805 {imi

96 2792 267 2872 sociaverit,
282 2804 319 2858 ut
335 2794 556 2858 Aristotelem
581 2795 716 2859 Christo
733 2794 934 2858 militantem
963 2796 1029 2859 iarn
1047 2816 1113 2859 non
1131 2797 1189 2859 ad·
1216 2808 1287 2855 riom
1298 2806 1349 2865 ine

95 2900 262 2987 versarium
294 2898 509 2980 habeamus(
527 2899 608 2980 ).—
632 2898 751 2981 Neque
774 2918 855 2960 vero
871 2898 966 2961 aliter
990 2898 1033 2960 ab
1057 2918 1096 2960 eo
1119 2897 1188 2961 fieri
1215 2872 1365 2999 ’ἥζζῇῗῖξ

95 3002 288 3083 poterat‚qui
312 3002 489 3065 doctorum
513 3000 705 3081 theologiae
721 2998 944 3063 scholasticae
960 2999 1075 3063 extitit
1100 3001 1189 3082 prin·
1215 3004 1339 3079 saumu-

95 3119 183 3183 ceps:
198 3126 284 3181 narn,
301 3108 392 3189 quod
409 3126 527 3169 omnes
553 3114 686 3181 norunt,
701 3105 784 3168 haec
813 3104 991 3185 disciplina
1016 3104 1190 3183 eiusmodi,
1215 3076 1341 3197 {aaran

96 3215 148 3281 est,
161 3229 242 3289 quae
258 3209 368 3274 sontes
387 3210 485 3273 adeat
500 3210 637 3291 quidem
659 3210 822 3291 proprios,
845 3208 1014 3272 doctrinas
1031 3207 1187 3273 nimirum

97 3306 240 3376 divinitus
250 3314 422 3388 revelatas,
438 3333 483 3375 ex
499 3313 614 3393 eisque
625 3312 657 3374 in
672 3332 742 3374 rem
755 3331 850 3374 suarn
868 3310 961 3374 omni
978 3310 1139 3393 religione
1155 3320 1188 3372 et

96 3415 195 3478 studio
215 3417 351 3492 derivet,
367 3418 424 3479 sed
453 3436 590 3500 operam
607 3434 742 3498 quoque
769 3413 911 3477 multam
934 3412 1093 3476 adhibeat
1124 3413 1187 3476 sibi

96 3514 313 3601 philosophiae
332 3530 505 3600 tamquam
523 3520 673 3601 optimae
700 3518 882 3593 adiutricis,
898 3517 941 3580 ad
959 3515 1059 3579 fidem
1080 3518 1186 3597 ipsam

97 3618 156 3681 sive
169 3625 327 3687 tuendam
346 3625 416 3687 sive
447 3622 689 3685 illustrandam.
708 3620 886 3703 Quotquot
902 3620 1003 3702 igitur
1019 3621 1187 3685 Aristote·
1233 3647 1349 3711 Quserga

96 3716 151 3784 lem
180 3728 329 3808 cogitant
363 3727 556 3809 debentque
594 3735 667 3788 tuta
691 3727 745 3787 via
776 3725 906 3803 sectari,
937 3724 1185 3807 philosophiam
1214 3714 1335 3828 ἴέζῖᾗῗζ

97 3821 262 3907 Aquinatis
289 3830 536 3911 amplectantur
560 3839 717 3911 oportet:
735 3827 838 3911 idque
854 3848 895 3892 eo
913 3829 1020 3912 magis
1036 3831 1127 3911 quod
1153 3830 1185 3891 in
1213 3845 1305 3893 sacrari

97 3926 249 3998 Societate
264 3935 514 4017 philosophiam
526 3944 760 4016 praeceptores
776 3932 824 3995 ita
840 3932 1050 4014 interpretari
1072 3932 1186 3996 iuben·
1214 3910 1332 4039 ‘Alma

95 4039 148 4112 tur,
161 4047 197 4100 ut
215 4060 310 4103 verae
325 4040 499 4122 theologiae
523 4039 736 4113 scholasticae,
752 4060 853 4120 quam
876 4038 1103 4102 commendant
1117 4060 1186 4102 corr·
1213 4050 1262 4090 um
1277 4041 1368 4089 sacrari

94 4137 270 4219 stitutiones,
285 4144 444 4207 ancillari
456 4154 488 4207 et
509 4143 693 4206 subservire
713 4142 852 4222 faciant
863 4142 915 4227 (2),
937 4153 1038 4226 atque
1064 4142 1188 4205 idcirco
1213 4106 1286 4155 Μ’

120 4314 137 4346 1·
153 4303 219 4354 Carth
232 4308 323 4356 &ostia
338 4309 484 4362 Pullaricini,
499 4308 682 4355 Vindicatr'ms
691 4309 743 4355 Soc.
755 4310 819 4361 Iesu.
831 4322 852 4356 c.
866 4323 903 4366 24.

121 4381 138 4413 2.
153 4372 241 4435 Congu,
255 4388 293 4431 ιιι,
304 4392 357 4423 ean.
372 4380 394 4423 8.
