3117 4859
253 475 330 530 ipsam

195 533 332 592 accipiendi

195 593 332 652 perdurent

180 653 207 700 in
213 652 328 701 Ecclesia.

206 1329 268 1372 quae
278 1316 334 1384 qui-¹

203 1375 255 1419 deur
266 1387 332 1418 omns

227 1438 304 1478 aetate
320 1448 333 1478 e

179 1493 236 1539 sinu
246 1507 288 1538 suo
297 1507 333 1538 eos

179 1566 258 1598 omnes
265 1553 332 1612 ejecit

179 1613 262 1670 quide
276 1626 331 1670 quo·

180 1671 332 1718 lidetdoctrr'·

221 1745 266 1778 nae
275 1743 333 1777 suae

194 1791 272 1850 capite
284 1803 331 1836 non

194 1863 271 1896 secum
282 1864 332 1894 unu

180 1911 304 1956 sentirent.

362 293 431 365 168
488 314 670 364 urrsrouu
697 313 910 366 eucucmca
939 302 960 331 “
978 315 1085 367 sarrs
1111 316 1327 368 cocuntur.
1349 294 1369 321 ’⁸

356 457 555 522 doctrinam.
576 457 677 542 Quod
699 458 870 539 praeclare
886 457 1077 542 Cyprianus
1103 460 1143 522 iis
1159 460 1270 524 verbis
1294 459 1472 527 illustrat:

361 558 515 644 (Neque
548 563 637 624 enim
665 562 834 626 Dominus
865 573 979 627 noster
1005 563 1101 627 Iesus
1133 563 1296 642 Christus,
1328 585 1409 628 cum
1435 567 1470 629 in

358 679 376 732 l
395 661 583 746 Evangelio
599 685 660 729 suo
670 674 850 731 testaretur
859 665 1013 730 inimicos
1026 687 1104 731 suos
1116 687 1190 732 esse
1200 688 1269 746 eos,
1277 669 1336 751 qui
1349 688 1468 732 mum

361 784 461 838 <non
481 779 602 848 essent,
622 769 771 854 aliquam
797 772 943 853 speciem
965 771 1142 835 haereseos
1166 772 1360 854 designavit
1378 796 1387 835 ε
1405 775 1465 837 sed

358 887 511 941 lomnes
527 875 666 939 omnino
681 875 738 958 qui
755 895 869 940 seeum
894 895 961 939 non
974 884 1087 939 essent
1104 885 1140 940 et
1154 895 1269 939 secum
1287 896 1356 940 non
1372 877 1467 941 colli-

361 993 378 1046 t
393 989 520 1062 gentes,
536 999 672 1062 gregem
690 998 787 1042 suum
809 989 1017 1062 spargerent,
1031 981 1242 1045 adversarios
1262 1001 1338 1044 esse
1353 991 1468 1046 osten·

360 1098 378 1152 r
393 1083 452 1160 dit,
467 1083 582 1147 diceus
601 1084 758 1166 :quinon
776 1092 829 1147 est
845 1102 986 1158 mecum,
1008 1084 1170 1148 adversus
1185 1103 1239 1148 me
1256 1094 1307 1149 est
1329 1096 1389 1151 :et
1410 1089 1465 1170 qui

358 1200 377 1254 ‹
393 1205 460 1250 non
475 1207 606 1252 mecum
624 1187 760 1270 colligit,
773 1188 903 1272 spargit
919 1188 1003 1270 (¹).)

405 1305 423 1359 t
435 1291 499 1355 His
513 1291 666 1357 Ecclesia
678 1292 866 1375 praeceptis
882 1292 1049 1370 instituta,
1059 1293 1109 1356 sui
1121 1312 1250 1357 memor
1259 1293 1372 1373 officii,
1383 1295 1464 1360 nihil

357 1395 428 1478 egit
454 1395 567 1461 studio
582 1407 616 1460 et
646 1397 865 1460 contentione
893 1398 1029 1471 maiore,
1052 1417 1155 1480 quam
1173 1409 1210 1461 ut
1234 1398 1464 1482 integritatem

359 1499 435 1566 fidei
450 1503 544 1566 omni
561 1523 605 1566 ex
621 1511 716 1586 parte
729 1512 887 1568 tueretur.
912 1503 1004 1566 Hinc
1020 1503 1242 1584 perduellium
1257 1504 1468 1568 habereloco

357 1614 391 1670 et
407 1605 524 1688 procul
548 1606 730 1670 amandare
757 1626 840 1682 ase,
866 1607 923 1689 qui
938 1606 982 1671 de
1009 1606 1161 1690 quolibet
1185 1609 1362 1672 doctrinae
1388 1628 1467 1674 suae

358 1711 468 1792 capite
482 1729 548 1775 non
559 1729 672 1773 secum
687 1730 754 1774 uua
764 1710 936 1774 sentirent.
959 1710 1090 1788 Ariani,
1102 1709 1343 1788 Montanistae,
1353 1711 1468 1776 Nova-

359 1814 451 1891 tiani,
467 1813 789 1898 Quartadecumani,
803 1813 1008 1895 Eutychiani
1020 1823 1111 1878 certe
1120 1813 1310 1878 doctrinam
1327 1814 1468 1880 catholi-

359 1937 432 1981 cam
451 1937 517 1981 non
534 1916 668 2000 penitus
678 1936 826 1995 omnem,
841 1917 900 1980 sed
917 1927 1048 1998 partem
1064 1917 1213 2000 aliquam
1227 1916 1467 1983 deseruerant:

359 2021 543 2085 haereticos
571 2031 683 2085 tamen
701 2021 900 2097 declaratos,
915 2021 1107 2104 electosque
1122 2041 1167 2084 ex
1193 2019 1368 2087 Ecclesiae
1395 2024 1466 2088 sinu

358 2127 434 2206 quis
445 2125 576 2208 ignorat
587 2125 704 2189 luisse?
717 2124 896 2208 Similique
909 2125 1034 2189 iudicio
1043 2125 1384 2209 damnati,quotqu0t
1395 2148 1466 2210 pra·

359 2249 477 2294 vorum
488 2230 687 2311 dogmatum
703 2238 858 2293 auctores
875 2229 974 2292 variis
990 2229 1199 2312 temporibus
1214 2238 1335 2311 postea
1351 2251 1464 2295 conse·

359 2335 525 2398 cutisunt.
544 2332 665 2401 (Nihil
676 2333 896 2415 periculosius
911 2333 963 2396 his
974 2331 1150 2397 haereticis
1173 2353 1247 2397 esse
1270 2343 1395 2416 potest,
1409 2334 1462 2417 qui

363 2451 469 2505 (cum
480 2437 608 2520 integre
625 2457 684 2518 per
693 2439 808 2502 omnia
823 2439 1012 2515 decurrant,
1028 2457 1098 2502 uno
1107 2446 1222 2501 tamen
1239 2439 1354 2514 verbo,
1373 2459 1413 2502 ac
1434 2439 1460 2499 si

363 2543 512 2608 (veneni
527 2549 635 2624 gutta,
648 2561 774 2605 meram
785 2541 876 2604 illam
888 2561 927 2605 ac
940 2542 1127 2623 simplicem
1145 2541 1247 2605 fidem
1264 2542 1462 2606 Dominicac

362 2657 425 2715 (et
436 2647 561 2711 exinde
571 2645 777 2728 apostolicae
787 2645 979 2710 traditionis
989 2643 1219 2727 inficiunt(²).l
1230 2646 1330 2710 ldem
1340 2665 1466 2728 semper

360 2751 533 2816 Ecclesiae
550 2770 634 2828 mos,
649 2751 750 2833 idque
762 2759 954 2815 sanctorum
973 2751 1112 2814 Patrum
1128 2750 1362 2813 consentiente
1382 2750 1462 2814 iudi-

356 2855 431 2918 cio:
454 2856 511 2939 qui
535 2855 662 2918 scilicet
679 2854 926 2919 communionis
950 2852 1136 2918 catholicae
1165 2865 1344 2934 expertem
1360 2862 1394 2916 et
1423 2853 1462 2916 ab

358 2958 510 3022 Ecclesia
526 2969 695 3023 extorrem
713 2959 837 3022 habere
852 2966 1109 3033 consueverunt,
1131 2957 1340 3040 quicumque
1368 2977 1388 3021 a
1406 2957 1460 3020 do

356 3065 473 3140 ctrina,
503 3062 699 3128 authentico
727 3063 922 3147 magisterio
937 3061 1120 3145 proposita,
1136 3060 1190 3124 vel
1207 3062 1385 3125 minimum
1400 3063 1463 3126 dis-

357 3167 520 3232 cessisset.
545 3167 768 3250 Epiphanius,
780 3167 1002 3249 Augustinus,
1018 3164 1255 3230 Theodoretus
1282 3165 1460 3230 haereseon

357 3273 408 3335 sui
423 3273 565 3356 quisque
591 3274 754 3355 temporis
771 3291 931 3355 magnum
952 3289 1148 3335 recensuere
1172 3289 1361 3334 numerum.
1385 3269 1461 3333 Alia

357 3375 571 3460 Augustinus
587 3376 828 3442 animadvertit
842 3395 943 3455 posse
957 3394 1081 3457 genera
1097 3373 1312 3452 invalescere,
1324 3391 1462 3457 quorum

358 3481 410 3544 vel
437 3483 493 3545 uni
509 3483 536 3545 si
561 3483 636 3564 quis
653 3482 865 3558 assentiatur,
892 3479 956 3543 hoc
973 3480 1047 3562 ipso
1074 3478 1118 3543 ab
1142 3478 1274 3542 unitate
1297 3477 1460 3542 catholica

360 3586 565 3667 seiungitur:
602 3585 707 3652 (Non
741 3584 861 3663 omnis,
887 3584 944 3666 qui
969 3584 1035 3647 ista
1072 3583 1282 3663 (numeratas
1314 3581 1464 3646 videlicet

364 3689 561 3772 (haereses)
584 3709 650 3752 non
672 3690 788 3767 credit,
804 3695 1050 3771 consequenter
1064 3685 1167 3749 debet
1182 3703 1219 3746 se
1244 3683 1461 3749 christianum

363 3793 594 3859 (catholicum
613 3796 679 3856 iam
697 3803 816 3875 putare
831 3791 884 3859 vel
899 3793 1018 3856 dicere
1037 3790 1182 3854 Possunt
1197 3789 1288 3851 enim
1305 3797 1340 3852 et
1355 3787 1462 3852 haere·

362 3913 441 3966 tses
469 3896 563 3971 aliae,
579 3915 665 3978 quae
681 3896 714 3958 in
742 3896 807 3960 hoc
823 3913 925 3977 opere
950 3903 1067 3956 nostro
1093 3901 1379 3955 commemoratae
1400 3909 1461 3954 non

362 4011 477 4080 (sunt,
493 4001 545 4064 vel
559 4021 632 4064 esse
648 3999 699 4064 vel
716 3998 796 4077 fieri,
822 4017 963 4082 quarum
980 3996 1127 4080 aliquam
1144 3996 1299 4078 quisquis
1314 3993 1461 4067 tenuerit,

362 4105 593 4172 (christianus
609 4103 794 4167 catholicus
810 4122 877 4166 non
895 4103 957 4164 erit
974 4102 1059 4183 (³).ll

392 4265 410 4294 r.
430 4251 507 4308 Epist.
521 4251 616 4303 LXIX,
630 4253 663 4296 ad
674 4251 801 4308 Magnum,
815 4264 838 4295 n.
852 4263 872 4296 1.
885 4273 915 4284 -
930 4263 952 4295 a.
970 4252 1061 4294 Auctor
1076 4249 1207 4294 Tractatus
1216 4247 1244 4291 de
1254 4247 1316 4293 Fide
1329 4246 1462 4293 Orthodm

360 4323 443 4361 contra
454 4317 570 4364 atrianos.
584 4342 613 4351 -
629 4332 650 4375 3.
670 4317 707 4362 De
717 4318 870 4370 Haeresidrrs.
882 4330 906 4363 n.
919 4318 955 4361 aa
