3117 4859
378 353 448 425 150
475 356 574 407 ιιττ.
604 355 732 408 anosn.
756 343 778 370 ‘⁶
798 355 847 404 nx
866 352 1009 404 neutro
1027 350 1258 404 eustonius
1276 347 1437 402 omen.
1452 327 1468 351 '⁸

371 499 549 564 videlicet:
578 499 777 564 Ministnsm
804 499 1047 564 Provincsalern
1077 497 1276 562 Provinciae
1304 496 1493 569 Romanae,

372 607 539 692 ipsamque
550 609 762 674 Provinciam
770 629 845 673 curn
853 608 1003 672 omnibus
1016 615 1049 672 et
1061 605 1203 688 singuiis
1217 606 1326 688 s'psius
1338 603 1492 668 dodim

372 715 509 798 locisque
529 713 736 798 regularibus
754 722 787 777 et
810 713 1018 778 conventibus
1039 711 1165 776 dilectis
1169 711 1262 794 filiis
1276 709 1449 774 normis
1461 719 1494 772 et
1555 715 1559 802 ,

368 831 429 902 pro
454 828 592 902 ternpore
616 818 827 883 existentibus
854 819 1014 882 Ministro
1042 815 1198 881 Generaii
1217 825 1249 880 et
1270 813 1495 878 Procuraton‘

376 919 533 987 Generali
558 923 701 987 eiusdem
734 921 882 1000 Ordinis,
906 923 987 986 durn
1016 921 1071 984 iou
1094 921 1178 984 vim
1201 920 1305 1001 s‘psius
1330 917 1495 983 Ministri

376 1025 546 1091 Generalis
560 1029 707 1106 sustinet,
725 1027 1042 1110 Commissoriusque
1065 1025 1238 1090 Generalis
1250 1025 1444 1107 appellatur
1460 1031 1492 1084 et
1556 1085 1559 1089 .

372 1139 428 1207 est,
443 1130 487 1195 iis
500 1131 625 1214 legibus
638 1153 734 1215 eoque
749 1133 842 1196 ruodo
855 1152 917 1216 quo
935 1142 1055 1195 ceterae
1076 1129 1284 1207 Provinciis,
1307 1127 1491 1210 caeunpue
1554 1123 1559 1151 ¹

372 1233 420 1298 M
419 1235 534 1300 inistri
547 1235 774 1301 Provinciales
785 1237 924 1301 Ordinis
931 1235 1123 1300 huiusmodi
1132 1236 1227 1298 iusta
1237 1235 1308 1298 eius
1321 1232 1489 1300 Constitu·
1554 1255 1559 1307 i

372 1339 476 1406 tiones
489 1341 683 1406 auctoritate
698 1341 883 1424 Apostolicu
896 1342 1114 1425 confirmatas,
1127 1341 1287 1404 subiectae
1303 1361 1344 1402 ac
1356 1337 1493 1402 subiecti

373 1453 459 1520 sunt,
475 1445 661 1526 Apostolica
676 1446 870 1509 auctoritate
884 1447 1011 1510 Nostra
1026 1458 1133 1510 tenore
1146 1445 1375 1528 praesentiunt
1388 1442 1489 1508 subii-
1557 1444 1559 1449 ’

373 1547 485 1622 cientes,
515 1569 553 1613 ac
575 1549 802 1632 praesentibus
827 1551 964 1615 Nostris
992 1551 1115 1615 litteris
1138 1549 1228 1614 alias
1255 1571 1278 1612 o
1304 1549 1415 1614 Nobis
1440 1547 1490 1612 die

375 1663 439 1716 XVI
456 1651 584 1718 Martii
603 1675 689 1718 anno
718 1667 892 1720 Mucxxx1
907 1667 1079 1720 eenauatos
1092 1654 1228 1720 minime
1242 1655 1374 1719 obstare
1386 1654 1488 1719 dala·

375 1776 496 1820 ramus.
524 1757 729 1822 Mondoutet
746 1769 916 1841 propterea
940 1761 1054 1824 dilecto
1075 1761 1164 1824 Fuu
1189 1760 1343 1823 moderno
1366 1779 1409 1822 ac
1429 1769 1491 1840 pre

375 1869 514 1944 tempore
526 1863 647 1926 eansteu
651 1865 680 1928 ti
692 1864 855 1930 Ministro
869 1865 1078 1930 Proviucsali
1091 1866 1230 1947 aliisque
1240 1863 1449 1946 Officr'alibns
1461 1874 1492 1928 et

376 1965 555 2032 Fratribus
564 1969 669 2034 dietae
677 1969 1287 2054 ProvinciaeRomonaeqssomodoiibet
1295 1968 1491 2051 nuncupatis

378 2091 464 2135 nunc
476 2084 509 2136 et
511 2086 575 2156 pro
591 2083 727 2158 tempore
741 2077 954 2167 existentibus
964 2077 999 2140 iu
1011 2077 1135 2140 virtute
1147 2086 1279 2140 sanctae
1292 2075 1490 2139 obedientiae

377 2195 416 2240 ac
429 2177 488 2240 sub
502 2179 761 2260 suspensionis...
780 2182 959 2264 aliisque...
972 2185 1094 2262 poenis,
1117 2191 1155 2245 ut
1168 2180 1374 2243 Ministruns
1391 2177 1489 2243 Gene-

378 2279 481 2344 ralens
492 2301 531 2344 ae
541 2281 793 2348 Procuratorem
807 2283 1006 2359 Generalem,
1020 2285 1101 2348 durn
1116 2283 1199 2347 ories
1213 2283 1320 2364 usius
1333 2281 1492 2346 Ministri

381 2383 553 2450 Generalis
575 2387 716 2451 sustinet
736 2399 843 2469 estque
860 2385 1115 2453 Commissarius
1132 2387 1314 2476 Generalis,
1321 2387 1490 2470 praefatos

381 2487 416 2552 in
439 2509 513 2552 suos
531 2491 720 2572 Superiores
736 2493 894 2573 recepiant
906 2502 939 2554 et
951 2504 1178 2576 agnoscunt...
1195 2492 1273 2555 Non
1288 2490 1490 2555 obstantibus

379 2601 539 2674 quatenus
551 2605 628 2677 opus
643 2597 690 2659 sit
696 2595 875 2679 praedietis
892 2597 1026 2659 Nostris
1039 2597 1161 2661 litteris
1175 2617 1214 2659 ac
1226 2596 1404 2678 quibusvis
1413 2593 1489 2661 Con-

244 2736 355 2797 Dfflc„
380 2697 656 2764 serenioribus...
676 2700 804 2766 Verum
830 2700 1024 2766 huiusmodi
1049 2701 1259 2784 Apostolicis
1285 2701 1432 2765 decretis
1458 2711 1489 2762 et

212 2787 357 2904 ‘ibam'
383 2803 622 2886 posterioribus
633 2807 891 2889 quamplurimis
903 2807 1177 2890 temperamentis
1189 2826 1257 2871 non
1269 2807 1490 2878 obstantibus,

204 2915 244 2968 us,
382 2926 441 2970 eae
479 2909 635 2990 proxime
673 2909 760 2972 inter
791 2908 989 2992 Superiores
1026 2909 1210 2976 Generales
1240 2920 1275 2975 et
1305 2909 1488 2995 praefatam

384 3013 574 3078 Romanam
593 3012 803 3079 Provinciam
814 3013 1028 3080 difficultates
1042 3025 1183 3080 exortae
1197 3025 1278 3080 sunt
1290 3026 1326 3080 et
1341 3015 1490 3080 animad-

382 3118 559 3196 versiones,
576 3139 641 3183 non
659 3119 731 3182 sine
754 3121 848 3202 gravi
864 3121 1014 3185 caritatis
1029 3121 1204 3200 fraternae,
1218 3121 1359 3186 debitae
1379 3122 1490 3186 rubor·

245 3253 359 3300 14„st
382 3221 565 3287 dinationis
581 3243 620 3288 ac
638 3223 729 3307 pacis
745 3223 912 3288 interioris
927 3226 1139 3291 detrimento.
1150 3225 1266 3310 Quare
1276 3227 1356 3291 Pius
1368 3227 1434 3290 PP.
1444 3224 1491 3288 1x

203 3317 357 3420 ,ww
383 3346 444 3392 rec.
463 3346 560 3392 mem.
577 3329 733 3392 decessor
759 3329 887 3394 Noster
911 3339 948 3394 ut
971 3349 1029 3394 eas
1052 3349 1171 3395 omnes
1193 3333 1410 3414 quaestiones
1437 3349 1490 3395 seu

242 3431 358 3502 cottonis
382 3429 598 3497 difficultates
624 3431 667 3496 de
694 3432 808 3497 medio
834 3432 975 3510 tolleret,
999 3455 1059 3517 per
1085 3434 1377 3500 Constitutionem
1401 3435 1492 3499 cuius

220 3492 358 3538 dectarovst

233 3551 357 3656 {ime
382 3533 514 3614 initium
528 3549 547 3604 t
561 3533 644 3600 Cum
657 3536 779 3600 multae
793 3545 826 3601 et
832 3550 983 3620 graves>
998 3538 1054 3602 die
1069 3553 1147 3602 xxx
1165 3538 1249 3603 Maii
1263 3539 1391 3604 mensis
1405 3557 1493 3602 anno

217 3674 358 3728 mmm„
384 3651 584 3704 Mucccuxv
601 3641 729 3706 editam
746 3643 790 3705 de
801 3642 942 3706 consilio
952 3641 1028 3708 VV.
1039 3643 1105 3708 FF.
1116 3642 1149 3707 S.
1161 3643 1202 3708 R.
1213 3643 1251 3710 E.
1263 3643 1491 3709 cardinalium

238 3729 358 3835 ⁶⁰2ssssss
384 3745 527 3827 negotiis
545 3744 793 3830 Episcoporum
809 3757 845 3812 et
862 3747 1080 3830 Regularium
1104 3748 1327 3831 expediendis
1354 3767 1492 3831 praepo

255 3851 358 3960 amieo.
383 3847 524 3912 sitorum
553 3851 662 3933 deque
677 3851 899 3934 Apostolicae
921 3852 1134 3917 auctoritatis
1149 3851 1360 3936 plenitudine
1379 3850 1492 3922 (Gon-

215 3965 358 4034 cmma-
384 3961 517 4018 ventum
550 3953 824 4038 Cappuccinorum
853 3956 893 4020 de
931 3956 1017 4022 Urbe
1044 3956 1105 4021 sub
1134 3958 1231 4022 titulo
1258 3957 1494 4021 immaculatae

201 4025 358 4132 dirim:
387 4053 607 4140 Conceptionis
620 4059 858 4126 Generalite'um
869 4063 1094 4129 essetstatuit
1105 4071 1142 4126 et
1154 4063 1347 4140 declaravit,
1359 4076 1378 4128 t
1382 4061 1493 4144 proin·

383 4161 481 4243 deque
510 4162 674 4228 Ministro
696 4164 908 4230 provinciali
934 4165 1135 4231 Provinciae
1163 4167 1333 4232 Romanae
1361 4163 1494 4230 rns'uisne

382 4263 568 4344 subrectum,
592 4269 652 4330 sed
673 4278 804 4334 tanturn
830 4269 994 4334 Ministro
1021 4269 1185 4349 Generali,
1210 4273 1270 4350 vel,
1299 4293 1334 4335 eo
1359 4270 1493 4345 Manu,

385 4365 618 4433 Commissare'o
647 4371 803 4436 Generali
823 4387 853 4450 u,
877 4375 1000 4457 quibus
1026 4376 1162 4458 insuper
1188 4377 1240 4441 ius
1265 4373 1492 4460 adstipulatur
