3117 4859
195 370 246 429 DE
272 378 492 431 ERECTIONE
518 378 755 433 DlOECESlUM
784 379 826 431 IN
853 378 1040 431 BRASILIA.
1123 377 1172 449 59

73 528 209 611 politana
236 528 390 593 Ecclesia
406 538 626 612 nuncupetur,
640 540 675 595 et
691 530 835 595 uti‘talis
862 550 980 613 reapse
1006 529 1172 595 habeatur
1202 551 1338 639 APRszIS

73 640 101 695 et
114 632 162 710 sit,
186 652 225 697 ac
250 632 392 715 proinde
418 632 575 697 omnibus
601 642 636 697 et
661 634 803 716 singulis
827 633 964 711 iuribus,
978 632 1170 710 honoribus,
1234 651 1307 713 1892.

72 735 183 817 gratiis,
209 735 389 815 favoribus,
414 733 710 812 iurisdictionibus,
736 735 877 800 indultis
916 747 951 801 et
976 735 1171 818 priuilegiis,

73 838 179 921 quibus
209 839 277 905 alia
302 838 568 923 Metropolitana
595 836 746 905 Ecclesia
764 839 866 907 SSmi
891 839 1077 905 Salvatoris
1093 848 1170 903 actu

72 945 286 1009 excommuni
315 938 394 1008 iure'
403 943 522 1009 fruitur
545 953 580 1009 et
595 944 730 1027 gaudet,
755 944 982 1025 pariiormiter
993 951 1028 1009 et
1044 945 1172 1027 absque

73 1046 131 1111 ulla
157 1067 292 1130 prorsus
316 1044 507 1112 differentia
533 1046 660 1112 fruatur
686 1057 721 1111 et
743 1048 900 1131 gaudeat.
923 1046 1053 1113 Verum
1075 1049 1172 1113 istius

72 1172 166 1217 novae
181 1152 451 1219 Archidioecesis
466 1154 670 1219 territorium
683 1154 868 1236 redigimus
883 1154 927 1218 ad
943 1162 1043 1218 vetus
1059 1153 1171 1218 Muni·
1196 1122 1348 1236 aa&

72 1257 181 1339 cipium
205 1269 373 1337 neutrum,
385 1277 507 1341 nempe
528 1260 572 1323 ad
598 1256 820 1341 Reipublicae
849 1258 1037 1342 principem
1053 1257 1170 1322 urbem
1195 1253 1282 1329 “Q
1299 1260 1349 1301 θ’·

71 1380 136 1424 cum
158 1381 218 1425 suo
240 1361 411 1426 territorio
435 1380 503 1427 una
526 1382 602 1427 cum
631 1361 740 1427 insula
765 1361 1009 1428 Gubernatoris
1030 1360 1172 1444 aliisque
1195 1325 1328 1442 mx,

71 1464 182 1541 insulis,
197 1484 259 1529 nec
285 1484 352 1529 non
370 1484 527 1530 unacum
556 1466 692 1530 civitate
709 1467 878 1549 Petropoii
901 1466 1042 1549 eiusque
1057 1464 1170 1529 Munl-
1194 1455 1348 1565 {amm

71 1568 155 1649 cipio.
173 1569 275 1633 Porro
300 1569 495 1634 Australem
523 1570 610 1634 banc
647 1569 948 1652 Metropolitanam
983 1569 1169 1634 Ecclesiam
1195 1579 1338 1657 epucopaiss

77 1670 182 1737 Sancti
204 1671 399 1739 Sebastiani
423 1673 591 1739 Fluminis
615 1673 767 1756 Januarii
794 1683 925 1757 septem
952 1672 1171 1757 Episcopales
1192 1642 1312 1773 ΞΝ
1337 1670 1346 1681 “

73 1775 228 1841 Ecclesias
252 1778 379 1862 pariter
402 1778 527 1843 habere
551 1778 708 1843 volumus
745 1776 994 1861 Suffraganeas,
1028 1798 1170 1861 quarum
1196 1775 1347 1835 nantuen-

74 1880 209 1965 quinque
224 1881 311 1948 idest
338 1880 374 1949 S.
391 1883 479 1947 Petri
506 1880 671 1947 Fluminis
687 1880 904 1959 Grandensis,
923 1882 958 1948 S.
976 1882 1079 1959 Pauli,
1096 1882 1170 1946 Ma·
1195 1848 1349 1955 mmm

74 1984 282 2065 riannensem,
296 1986 566 2051 Adamantinam
579 1996 613 2051 et
624 1984 848 2051 Cuiabensem
866 1986 1033 2068 antiquas,
1047 1985 1170 2067 quibus
1195 1972 1260 2021 “d“
1275 1976 1346 2029 Μ’

72 2087 151 2151 duae
170 2108 276 2153 novae
302 2088 410 2155 Sedes
435 2089 665 2173 Episcopales,
699 2089 805 2154 altera
838 2088 995 2153 videlicet
1030 2086 1169 2151 Nicthe·
1195 2138 1278 2187 altera

72 2194 219 2274 ruyensis,
242 2202 278 2258 et
304 2193 409 2258 altera
425 2192 657 2276 Curitybensis
672 2193 716 2257 de
732 2192 864 2257 Parana
886 2191 1071 2273 respective
1086 2210 1168 2255 non·
1195 2201 1298 2279 Mrem
1333 2195 1336 2204 ‘

73 2298 245 2377 cupandae,
268 2305 304 2360 et
330 2304 368 2361 ut
391 2296 476 2361 infra
502 2297 692 2379 erigendae,
714 2306 813 2361 erunt
836 2294 1053 2361 adiiciendae.
1070 2294 1171 2358 Nova
1196 2284 1314 2333 ''m'’

71 2397 173 2483 itaque
187 2400 270 2465 haec
296 2399 507 2485 Episcopalis
524 2399 630 2467 Sedes
646 2400 679 2465 N
682 2398 924 2483 letberoyensis
949 2399 997 2463 sic
1013 2399 1075 2485 erit
1090 2417 1170 2461 con·

70 2502 195 2567 stitutar
220 2503 389 2568 constabit
415 2522 537 2586 nempe
561 2524 606 2567 ex
618 2503 761 2570 statibus
789 2502 954 2567 Fluminis
969 2501 1121 2585 Januarii
1136 2509 1170 2564 et

72 2603 206 2686 Spiritus
220 2608 338 2686 sancti,
353 2608 500 2690 demptis
519 2606 686 2672 territorio
695 2606 870 2672 Ecclesiae
887 2606 1171 2690 Metropolitanae
1196 2608 1349 2705 mam:

71 2708 211 2777 Australi
242 2714 499 2780 constituendae
525 2715 617 2793 dato,
640 2723 674 2779 et
690 2714 858 2779 territorio
873 2732 931 2777 seu
948 2723 1038 2777 statu
1054 2711 1090 2778 S.
1106 2712 1172 2777 Ca·
1198 2706 1294 2781 mum
1309 2702 1347 2751 θ’·

71 2812 220 2895 tharinae,
259 2818 319 2901 qui
356 2817 399 2881 ad
441 2818 597 2883 eamdem
642 2818 829 2883 Ecclesiam
873 2816 1170 2900 Metropolitanum
1190 2771 1303 2837 fiuntur,
1325 2774 1351 2817 ‘t

71 2919 214 2998 primitus
241 2922 441 3004 pertinebat.
469 2921 594 2989 Sedem
620 2932 654 2986 et
670 2920 875 2989 Cathedram
902 2919 1122 3003 Episcopales
1137 2920 1172 2982 in

72 3021 159 3088 Urbe
173 3026 360 3107 Nictberoy
375 3035 539 3109 perpetuo
553 3026 743 3103 tundamus,
759 3024 1015 3107 Ecclesiamque
1032 3024 1065 3090 S.
1084 3025 1172 3088 Lau·
1196 3034 1314 3085 catedra

71 3128 170 3192 reneio
198 3130 303 3195 modo
327 3130 474 3194 dicatam
502 3131 545 3195 ad
573 3129 785 3197 Cathedralis
821 3128 992 3194 Ecclesiae
1028 3128 1171 3209 gradum
1191 3101 1351 3166 fundatur:

71 3230 226 3313 erigimus.
254 3233 400 3317 Reliqua
424 3235 561 3299 demum
576 3254 664 3298 nova
679 3233 853 3297 Dioecesis
882 3231 1114 3315 Curitybensls
1128 3231 1173 3293 de
1197 3168 1351 3309 giam

71 3333 192 3399 Parand
203 3336 372 3401 constabit
388 3357 433 3401 ex
449 3346 540 3402 statu
556 3338 768 3421 cognomine,
780 3346 815 3400 et
831 3356 876 3399 ex
892 3344 983 3400 statu
997 3336 1031 3401 S.
1048 3334 1172 3401 Catha·
1198 3298 1350 3427 ffissj,

72 3434 163 3515 rinae,
182 3459 282 3521 quem
298 3460 319 3503 a
336 3438 602 3523 Metropolitana
636 3440 803 3519 Fluminis
826 3438 977 3522 Januarii
1003 3436 1171 3503 divulsum
1198 3429 1350 3543 ssmim

72 3539 280 3609 declaramus.
321 3542 433 3607 Huius
470 3544 594 3626 pariter
624 3562 732 3607 novae
764 3542 939 3606 Dioecesis
981 3538 1105 3607 Sedem
1138 3549 1173 3603 et
1199 3510 1294 3621 ulum,
1311 3564 1336 3608 rt

71 3640 263 3710 Cathedram
282 3646 502 3729 Episcopales
525 3648 558 3711 in
576 3645 671 3713 Urbe
689 3644 855 3728 Curityba
869 3644 1062 3721 fundamus,
1073 3652 1174 3726 prout

72 3748 165 3812 etiam
182 3764 309 3815 sacram
335 3750 469 3815 Aedem
487 3750 656 3833 Deiparae
671 3750 741 3835 sub⁴
757 3749 888 3816 tituloa
905 3749 998 3814 Luce
1024 3749 1172 3812 dicatam

73 3852 109 3914 ad
124 3852 396 3921 cathedralitatis
411 3855 573 3921 honorem
585 3866 618 3921 et
628 3855 770 3938 gradum
787 3862 952 3937 perpetuo
968 3850 1174 3917 extollimus.

73 3953 204 4023 Limites
224 3959 395 4042 praelatae
415 3960 588 4025 Dioecesis
604 3962 646 4025 ad
663 3959 869 4042 Aquilonem
886 3968 983 4024 erunt
1000 3956 1173 4021 Dioecesis
1199 3962 1338 4013 limitatur.

76 4058 104 4123 S.
120 4062 220 4141 Pauli,
235 4084 254 4127 a
270 4084 338 4147 qua
348 4064 509 4129 dividitur
521 4064 715 4129 fluminibus
733 4064 1019 4146 Paranapanema,
1035 4060 1172 4126 Sacare-

75 4163 148 4244 miri,
172 4165 306 4233 Sturale
325 4167 564 4252 Stapirapuan,
599 4178 634 4233 et
657 4179 779 4233 catena
807 4168 972 4231 montium
999 4166 1171 4247 nigrorum

75 4272 235 4351 usquead
262 4270 387 4338 flumen
415 4272 608 4357 Ararapira.
632 4308 677 4323 -
701 4272 759 4337 Ad
785 4282 897 4337 ortum
925 4270 1082 4338 Oceanus
1109 4269 1173 4333 At·

77 4368 207 4439 lanticus
229 4394 336 4460 usque
355 4377 397 4441 ad
419 4374 544 4443 flumen
562 4377 810 4461 Magnipituba
824 4412 869 4425 -
881 4376 942 4441 Ad
971 4375 1134 4439 Austrum
1150 4393 1171 4437 a
