3117 4859
376 354 444 443 178
475 374 590 427 srrsr.
613 376 771 427 encres.
796 366 816 393 “
835 376 1054 429 consanum
1074 377 1358 429 nuucrnonuu.
1373 356 1392 381 ’⁹

191 542 251 599 pere
267 536 345 583 inter
371 522 568 605 praesertim
586 524 817 606 insidiosaque
843 524 1074 589 institutorum
1099 523 1355 589 christianorum
1370 545 1475 607 oppu-

195 606 347 741 ϋὲἕζζξῖζα
371 626 541 709 gnatione,
573 628 733 691 maiorem
766 629 799 691 in
828 630 967 692 modurn
995 638 1130 710 oportet
1154 637 1190 691 ut
1217 628 1362 692 universi
1391 631 1477 692 serio

194 734 229 779 π’(
244 730 346 779 ‘'eswi-
373 734 569 815 naviterque
597 732 810 816 perpendant
836 733 953 815 quanti
978 732 1122 796 referat
1114 752 1146 794 rn
1171 732 1264 795 omni
1288 742 1475 815 temporum

195 803 252 845 ‘m'
372 856 549 920 rerumque
566 838 730 901 varietate
747 837 875 902 salvam
900 838 1170 921 incolumemque
1186 859 1260 905 esse
1284 840 1318 903 in
1343 840 1478 903 civitate

372 940 579 1023 religionem,
595 942 744 1024 itemque
766 952 978 1025 quantopere
1004 942 1133 1006 intersit
1160 942 1345 1025 perfectam
1376 942 1476 1005 stabi-

372 1043 505 1128 lemque
521 1045 583 1108 hac
599 1046 632 1108 in
657 1066 692 1109 re
708 1046 898 1109 animorum
922 1046 1176 1110 consensionem
1189 1048 1332 1111 retineri.
1349 1047 1476 1113 Caussa

372 1148 529 1212 nimirum
545 1150 657 1231 agitur
671 1149 714 1214 de
741 1169 876 1213 summo
899 1153 1119 1234 maximoque
1134 1153 1287 1216 omniurn
1305 1152 1478 1229 bonorum,

371 1262 527 1335 quaeest
555 1252 760 1334 sempiterna
785 1252 961 1317 hominurn
986 1254 1085 1331 salus,
1108 1275 1217 1338 neque
1240 1257 1353 1319 minus
1374 1257 1418 1322 de
1440 1256 1478 1317 iis

371 1357 451 1439 ipsis
468 1358 706 1421 conservandis
723 1358 924 1440 tuendisque
936 1358 1043 1435 rebus,
1058 1378 1145 1440 quae
1162 1360 1194 1422 in
1212 1360 1303 1423 civili
1318 1360 1477 1423 societate

371 1460 423 1523 vel
451 1462 495 1524 ad
524 1461 672 1544 quietem
698 1460 749 1523 vel
777 1460 821 1523 ad
847 1460 915 1523 veri
932 1462 1078 1524 nominis
1103 1461 1299 1525 felicitatem
1328 1464 1479 1545 impense

371 1575 585 1648 expetuntur.
612 1566 735 1629 —lta
763 1565 862 1647 piane
893 1566 1020 1629 excelsi
1046 1566 1093 1629 illi
1121 1566 1190 1642 viri,
1221 1568 1481 1649 gratissimique

228 1668 262 1717 ln
274 1668 343 1716 Relr
371 1672 481 1738 omnis
498 1670 704 1753 posteritatis
718 1670 881 1733 memoria
905 1669 1008 1753 digni,
1031 1690 1174 1748 sensere,
1190 1672 1247 1751 qui
1263 1672 1298 1734 in
1315 1674 1476 1736 eximium

206 1739 346 1847 {maren
372 1774 578 1841 fortitudinis
618 1773 721 1838 animi
761 1775 959 1855 exemplum
999 1774 1122 1858 ubique
1162 1777 1325 1858 gentium,
1365 1778 1479 1859 quavis

217 1864 345 1993 Jr‘ss'ff'i
369 1890 490 1957 aetate,
506 1876 644 1943 mirifice
660 1878 850 1956 eluxerunt,
878 1898 1019 1960 seseque
1034 1880 1125 1943 velut
1142 1899 1272 1943 murum
1290 1900 1353 1961 pro
1375 1882 1475 1944 domo

231 1996 343 2043 arrisere
370 1984 435 2049 Dei
453 1984 703 2067 impertiemur
716 2004 784 2046 non
798 2004 860 2046 sua
871 1984 1114 2061 omniasolum,
1116 1982 1176 2047 sed
1192 1994 1227 2046 et
1245 1984 1350 2047 vitam
1363 1984 1479 2065 ipsam,

214 2060 342 2175 ,mubi-
369 2088 539 2169 religionis
557 2084 797 2167 Ecclesraeque
812 2088 931 2149 caussa
933 2089 1063 2168 parati
1080 2087 1348 2169 profundere
1360 2088 1401 2151 ln
1413 2108 1478 2170 quo

227 2206 343 2315 ruffi·
371 2192 496 2275 pariter
513 2190 617 2254 habet
640 2189 820 2271 Hungaria
836 2199 949 2253 vestra
971 2191 1157 2254 domestica
1173 2190 1342 2273 exempla,
1365 2209 1477 2273 eaque,

204 2324 344 2387 quavrsae-
371 2298 472 2379 longo
488 2305 637 2359 aetatum
656 2296 810 2371 decursu,
825 2303 859 2357 et
876 2295 984 2358 multa
1010 2304 1044 2358 et
1061 2295 1240 2377 praeclara.
1257 2294 1385 2378 Quin
1376 2315 1478 2358 rmrno

206 2393 264 2500 ᾖξ’
270 2388 347 2500 m.
371 2404 496 2487 quod
486 2424 560 2487 rpsa
588 2403 621 2466 in
642 2402 808 2465 catholica
832 2396 935 2463 fidea
959 2398 1135 2481 Stephano
1160 2418 1237 2480 rege
1253 2410 1287 2463 et
1310 2398 1478 2481 Apostolo

193 2452 344 2566 qrecensen·
372 2530 433 2573 suo
459 2516 608 2589 accepta,
633 2505 778 2571 fideliter
809 2512 1070 2586 constanterque
1097 2503 1327 2585 permanserit,
1359 2506 1393 2567 in
1418 2504 1478 2565 hoc

211 2584 345 2659 ‘ume'
372 2635 462 2687 sane,
489 2620 619 2693 praeter
650 2609 820 2691 singulare
848 2608 914 2671 Dei
943 2605 1155 2683 beneficium,
1170 2607 1409 2689 agnoscendus
1432 2614 1479 2669 est

264 2714 345 2761 T-esra
373 2719 499 2782 fructus
511 2716 688 2779 firmissimi
706 2712 929 2796 perpetuique
952 2713 1063 2793 gentis
1079 2711 1175 2774 istius
1192 2712 1356 2794 propositi
1371 2711 1477 2795 ;quod

196 2778 346 2893 nigidii
374 2842 495 2903 nempe
513 2830 642 2883 mature
658 2816 876 2891 intellexerit,
890 2836 995 2898 quum
1024 2816 1066 2878 de
1082 2816 1244 2897 religione
1260 2826 1425 2897 ageretur,
1439 2816 1480 2879 de

209 2909 346 2959 mm·
374 2925 480 3007 gloria
497 2924 650 2999 nominis,
678 2922 757 2985 de
747 2941 821 3002 rpsa
849 2920 1078 2984 incolumitate
1093 2942 1225 3003 genens
1249 2924 1299 2985 sui
1327 2940 1477 2985 caussam

199 2976 348 3089 §metrali
375 3032 438 3115 agi.
467 3031 591 3094 Mirum
619 3048 697 3091 vero
722 3045 824 3107 quarn
850 3044 1031 3105 generosas
1050 3036 1083 3089 et
1112 3026 1261 3107 insignes
1289 3025 1479 3092 istiusmodi

212 3113 349 3233 ἐπάξαι
376 3139 563 3202 animorum
580 3130 714 3197 affectio
730 3130 870 3192 virtutes
883 3128 1023 3191 aluerit:
1033 3150 1176 3213 quarum
1193 3149 1259 3213 ope
1274 3130 1355 3193 vel'
1346 3151 1379 3193 rn
1393 3150 1479 3194 sum-

222 3252 349 3298 rumpen-
377 3243 439 3305 mis
455 3250 646 3321 temporum
662 3233 916 3301 difficultatibus
933 3234 1159 3315 magnitudini
1176 3234 1399 3315 periculorum
1417 3254 1479 3297 non

215 3308 350 3428 ῃῗιῐίὲιῗ
376 3342 572 3407 dissimilem
603 3338 760 3419 Hungari
786 3334 996 3398 fortitudinis
1019 3338 1298 3420 constantiaeque
1315 3340 1480 3421 magnitu-

199 3438 351 3555 mermi
376 3450 489 3512 drnem
503 3453 739 3529 opposuerunt
758 3442 884 3505 Earum
902 3460 984 3503 sane
1009 3443 1177 3521 praesidio
1192 3444 1363 3519 virtutum,
1380 3462 1480 3526 quum

200 3564 279 3626 ipsam
300 3563 349 3609 rm-
377 3553 512 3615 iteratas
539 3547 789 3612 Tartarorurn
780 3544 997 3619 incursiones,
1013 3555 1085 3608 tum
1109 3547 1211 3611 etiam
1229 3548 1433 3611 diuturnos
1422 3566 1481 3608 rrn

199 3632 283 3676 ‘³⁶⁵¹
380 3673 561 3733 manesque
593 3651 921 3715 Mahumedanorum
946 3649 1094 3732 impetus
1124 3651 1239 3715 invicti
1272 3651 1483 3715 refutarunt:

378 3756 470 3837 digni
487 3772 567 3816 sane
583 3752 639 3835 qui
657 3752 690 3815 in
707 3751 770 3814 hoc
788 3763 857 3815 tarn
887 3756 1075 3835 periculoso
1092 3758 1275 3821 certamine
1299 3758 1343 3820 ab
1359 3756 1482 3820 exteris

379 3862 480 3925 etiarn
498 3856 695 3938 gentibu5,a
713 3856 922 3938 principibus
949 3861 1098 3936 summis,
1122 3861 1271 3924 maxime
1296 3882 1315 3924 a
1338 3858 1482 3924 romanis

380 3962 607 4039 Pontificibus,
623 3962 714 4024 omni
740 3963 979 4026 adiuvarentur
1005 3964 1176 4043 subsidio;
1204 3965 1419 4048 nequeenim
1441 3962 1481 4025 de

379 4070 445 4134 lide
472 4066 710 4131 tantummodo
741 4067 949 4149 imperioque
976 4067 1226 4149 Hungarorum,
1255 4070 1313 4132 sed
1342 4068 1385 4130 de
1411 4068 1481 4147 ipsa

380 4174 542 4255 religione
562 4170 738 4245 catholica,
764 4172 807 4234 de
832 4171 1028 4236 Occidentis
1052 4171 1160 4233 salute
1186 4172 1419 4234 dimicabatur.
1441 4203 1480 4214 -·

382 4278 490 4346 Simili
509 4275 637 4339 ratione
654 4275 875 4339 recentiorum
901 4274 1109 4338 saeculorum
1123 4275 1297 4357 procellas,
1312 4293 1398 4357 quae
1413 4283 1479 4335 tam

381 4402 498 4468 graves
526 4366 616 4462 apud
640 4376 801 4443 finitimas
828 4389 946 4461 gentes
977 4380 1111 4444 edidere
1139 4379 1261 4457 ruinas,
1285 4380 1348 4444 etsi
1365 4394 1473 4443 earum
