3117 4859
373 363 442 413 110
495 360 676 413 aristosa
693 360 904 413 sucrcnrca
925 350 946 380 ‘⁴
966 364 1127 417 uacuas
1145 366 1211 419 oar
1230 368 1380 421 narnis.
1396 346 1410 373 '¹

225 530 344 603 sepner
364 517 407 580 ad
425 514 547 591 Deum,
561 512 699 595 eiusque
714 512 813 577 unius
836 514 1046 580 maiestatem
1071 515 1280 596 immensam,
1296 517 1460 601 imperium

223 598 344 707 ἦκ’,
364 620 397 684 in
414 620 538 694 omnia,
559 637 727 682 summam
757 617 955 700 potentiam,
984 619 1195 703 sapientiam,
1225 622 1463 703 providentiam

236 725 269 801 ⁸³⁸,
283 722 340 771 ἢν·
363 723 462 787 discit
482 730 595 785 mente
622 730 655 785 et
679 720 794 784 animo
810 720 950 785 revereri
970 745 977 787 :
995 719 1129 789 Credere
1143 723 1230 789 enim
1256 734 1462 807 oportetacce·

191 788 341 913 lunum
363 827 490 891 dentem
512 825 562 889 ad
577 824 686 889 Deum
708 824 789 909 quio
810 834 867 903 est,
889 836 922 890 et
946 826 1186 909 inquirentibus
1200 849 1234 893 se
1248 839 1467 893 remunerator

363 934 410 997 sit
424 932 477 1014 (¹).
497 929 668 1013 Quoniam
693 949 794 1014 porro
820 938 975 995 aeternus
996 930 1062 995 Dei
1090 930 1194 997 Filius
1225 933 1464 999 humanitatem

362 1036 520 1119 suscepit,
534 1034 769 1119 praeluxitque
785 1034 882 1099 nobis
897 1044 932 1099 et
946 1036 1042 1101 adest
1057 1036 1149 1102 velut
1164 1038 1226 1116 via,
1242 1040 1372 1116 veritas,
1393 1039 1468 1115 vita,

363 1141 487 1207 idcirco
502 1138 585 1203 fides
601 1147 715 1203 nostra
731 1150 902 1221 praeterea
921 1140 1165 1223 complectatur
1181 1162 1316 1207 necesse
1332 1153 1382 1208 est
1397 1142 1467 1207 Tri·

363 1245 478 1310 nitatis
493 1243 682 1308 divinarum
697 1262 915 1325 personarum
931 1252 1095 1327 augustae
1111 1255 1145 1311 et
1162 1246 1342 1331 Unigenae
1365 1245 1470 1311 Patris

363 1349 508 1414 hominis
520 1347 598 1412 lacti
618 1347 686 1413 alta
702 1350 883 1430 mysteria:
904 1348 998 1413 Haec
1007 1360 1056 1415 est
1069 1350 1141 1415 uita
1155 1361 1296 1430 aeterna,
1312 1361 1350 1417 nt
1362 1372 1470 1435 cogno-

362 1463 456 1518 scant
469 1463 507 1529 te,
526 1452 630 1516 solum
653 1452 762 1517 Deum
777 1472 901 1533 venem,
922 1463 956 1517 et
983 1474 1078 1537 quem
1101 1452 1228 1521 misisti
1249 1454 1359 1521 Iesum
1378 1452 1469 1522 chri-

212 1578 264 1628 qua
274 1563 341 1612 uns·
362 1568 451 1621 stum
477 1557 530 1640 (2).
562 1557 750 1639 Permagno
776 1558 912 1640 quidem
934 1558 1098 1623 beneficio
1124 1560 1265 1624 donavit
1289 1580 1351 1623 nos
1379 1558 1469 1623 Deus

192 1634 340 1743 ,mm
363 1680 466 1744 quum
492 1658 558 1725 lide
580 1661 643 1726 hac
666 1672 784 1726 sancta
809 1661 967 1726 donavit:
983 1662 1077 1725 cuius
1105 1682 1242 1727 munere
1267 1682 1333 1728 non
1361 1662 1468 1727 solum

207 1758 339 1837 ΨΜ·
362 1786 463 1848 supra
481 1765 630 1830 humana
659 1765 828 1848 erigimur,
858 1775 1032 1849 tamquam
1048 1766 1275 1849 speculatores
1300 1766 1411 1833 ell’ecti
1436 1778 1470 1830 et

100 1958 104 1965 .
165 1937 170 1964 ι
214 1830 342 1940 mx
362 1879 533 1934 consortes
548 1869 682 1933 divinae
706 1878 855 1945 naturae,
870 1868 928 1934 sed
945 1869 1108 1933 habemus
1124 1870 1188 1933 hoc
1214 1867 1359 1952 amplius
1375 1889 1470 1935 caus-

188 1956 301 2005 ‘“¹‘⁸l'⁰·
362 1992 434 2037 sam
451 1973 652 2055 praestantis
668 1972 777 2036 meriti
793 1973 836 2036 ad
860 1972 1009 2055 praemia
1027 1972 1184 2037 caelestia
1199 1994 1208 2053 ;
1224 1983 1471 2057 proptereaque

362 2095 438 2158 spes
455 2085 569 2140 nostra
583 2076 683 2139 alitur
706 2083 740 2139 et
754 2072 981 2151 confirmatur,
997 2072 1067 2139 l'ore
1088 2074 1272 2159 aliquando
1295 2086 1332 2141 ut
1348 2074 1472 2151 Deum,

362 2199 429 2243 non
453 2179 519 2243 iam
545 2198 605 2262 per
627 2177 845 2243 adumbratas
864 2196 973 2241 rerum
1004 2178 1178 2261 imagines,
1204 2178 1263 2243 sed
1292 2190 1409 2261 aperto
1437 2180 1470 2243 in

365 2285 490 2349 lumine
514 2283 690 2367 contingat
717 2283 837 2347 intueri
853 2283 964 2367 ipsum
992 2283 1132 2367 ipsoque
1160 2284 1222 2349 lrul
1238 2283 1358 2347 ultimo
1380 2282 1472 2347 bono

261 2404 339 2481 lum
364 2398 570 2473 perpetuum.
594 2388 643 2453 At
659 2407 738 2452 vero
754 2386 954 2453 christianus
970 2387 1074 2452 homo
1089 2396 1159 2452 tarn
1176 2386 1276 2451 variis
1292 2386 1474 2452 distinetur

186 2470 340 2586 „22⁰⁰ssss
361 2495 450 2559 vitae
465 2493 551 2556 curis
566 2501 703 2575 tamque
730 2500 892 2575 evagatur
914 2491 1011 2557 facile
1026 2491 1068 2556 ad
1095 2491 1190 2569 levia,
1206 2500 1252 2571 ut,
1269 2492 1332 2557 nisi
1354 2492 1475 2557 crebra

209 2602 336 2662 distracti,
359 2595 546 2661 admonitio
567 2604 745 2672 succurrat,
760 2615 848 2678 quae
880 2596 1032 2661 maxima
1055 2604 1090 2659 et
1118 2596 1364 2678 pernecessaria
1390 2607 1474 2660 sunt

210 2667 339 2796 {siff}
358 2702 527 2767 oblivione
538 2700 629 2764 lenta
644 2701 806 2777 dediscat,
821 2699 867 2765 ob
876 2720 1019 2785 eamque
1031 2720 1183 2765 caussam
1201 2701 1271 2765 eins
1287 2701 1475 2784 oblangue·

183 2796 338 2913 ”xm
357 2818 428 2871 scat
444 2814 547 2888 atque
561 2805 662 2870 etiam
679 2804 857 2869 intercidat
882 2802 973 2869 fides.
992 2803 1088 2887 Quae
1104 2804 1204 2869 nimis
1228 2824 1351 2887 magna
1375 2805 1475 2888 igno·

184 2928 303 2979 Ecclesia
359 2912 486 2976 tantiae
501 2908 647 2992 pericula
663 2918 699 2973 ut
715 2906 822 2972 aliliis
833 2908 901 2974 suis
919 2907 1069 2973 Ecclesia
1081 2906 1267 2992 prohibeat,
1279 2908 1371 2973 nulla
1387 2928 1475 2975 sane

184 2993 337 3122 aazia&
357 3012 550 3096 vigilantiae
564 3012 826 3095 diligentiaeque
841 3012 1080 3094 praetermittit
1096 3011 1246 3089 consilia,
1262 3031 1371 3094 neque
1392 3012 1474 3078 ulti·

197 3132 254 3174 run
270 3124 334 3175 inst·
357 3133 449 3179 mum
465 3123 516 3177 est
528 3111 605 3177 fidei
621 3112 855 3177 adiumentum
872 3111 962 3195 quod
979 3132 1024 3176 ex
1048 3112 1177 3176 mariali
1194 3112 1339 3177 Rosario
1354 3120 1475 3194 petere

195 3197 335 3306 w
355 3217 537 3284 consuevit.
562 3216 698 3298 Quippe
727 3214 761 3278 in
792 3234 842 3293 eo,
872 3235 948 3279 cum
976 3214 1201 3297 pulcherrima
1229 3215 1474 3299 fructuosaque

181 3321 331 3400 Μωσῆς,
355 3338 452 3403 prece
466 3326 558 3382 certo
574 3315 693 3381 ordine
717 3316 924 3394 continuata,
939 3317 1118 3382 recolenda
1135 3318 1320 3383 succedunt
1336 3327 1372 3381 et
1388 3336 1474 3383 con·

181 3393 333 3529 ᾳῗμζξῖἷ
354 3422 549 3506 templanda
565 3421 743 3503 praecipua
759 3420 930 3503 religionis
956 3431 1090 3486 nostrae
1115 3422 1275 3503 mysteria
1295 3420 1376 3486 :illa
1406 3425 1474 3506 pri·

177 3530 332 3632 ‘imm'
355 3546 447 3591 mum
468 3525 590 3608 quibus
621 3522 761 3589 Verbum
776 3524 992 3605 carosactum
1006 3534 1062 3603 est,
1083 3535 1117 3591 et
1134 3524 1252 3603 Maria,
1274 3525 1368 3608 virgo
1384 3524 1473 3591 inte-

221 3598 331 3697 ἥλω.
354 3646 414 3712 gra
428 3638 463 3691 et
474 3638 590 3702 mater,
603 3636 754 3691 materna
775 3626 823 3690 illi
839 3624 949 3691 officia
958 3639 1076 3692 sancto
1092 3648 1170 3692 curn
1185 3628 1311 3711 gaudio
1328 3630 1473 3711 praesti·

180 3712 324 3827 sempron?
353 3731 395 3797 tit
408 3753 416 3809 ;
427 3740 499 3795 tum
517 3730 640 3795 Christi
650 3729 796 3794 dolentis
812 3732 1049 3813 aegritudines,
1064 3732 1239 3809 cruciatus,
1255 3730 1473 3815 supplicium,

225 3879 232 3894 .
352 3851 494 3915 quorum
511 3832 619 3916 pretio
641 3832 729 3897 salus
749 3833 882 3916 generis
913 3834 1018 3899 nostri
1034 3843 1169 3916 peracta
1181 3855 1190 3915 ;
1216 3844 1290 3899 tum
1315 3834 1472 3901 eiusdem

351 3936 452 4018 plena
467 3936 593 4019 gloriae
610 3936 779 4018 mysteria,
804 3937 897 4002 etde
913 3946 1021 4002 morte
1038 3938 1237 4020 triumphus,
1258 3950 1292 4003 et
1307 3958 1472 4005 ascensus

351 4041 384 4103 in
402 4039 540 4116 caelum,
556 4051 589 4103 et
607 4040 772 4103 demissus
796 4040 873 4105 inde
896 4040 1029 4105 divinus
1046 4040 1201 4124 Spiritus,
1217 4051 1318 4125 atque
1336 4042 1472 4109 Mariae

351 4142 514 4209 sideribus
530 4152 684 4225 receptae
700 4141 879 4225 splendida
897 4144 1072 4223 claritudo,
1091 4146 1236 4229 denique
1258 4165 1334 4210 cum
1358 4147 1470 4229 gloria

351 4245 472 4311 Matris
496 4255 529 4310 et
551 4245 627 4308 Filii
640 4247 837 4311 consociata
860 4246 1018 4313 caelitum
1039 4248 1190 4313 omnium
1214 4248 1319 4333 gloria
1341 4254 1470 4335 sempi-

360 4354 368 4359 ’
382 4389 402 4421 1.
415 4374 500 4426 Heba,
514 4383 552 4427 xi,
565 4374 586 4420 6.
600 4398 631 4407 -
646 4388 666 4420 a.
681 4374 779 4428 loona„
792 4385 859 4429 xvir,
871 4389 894 4434 3.
