3117 4859
97 1236 313 1307 ΜΜᾏΝ
330 1237 409 1302 viris
435 1237 721 1319 praeclarissimis,
735 1259 878 1321 quorum
906 1240 1029 1304 virtute
1055 1250 1212 1323 recteque
1306 1254 1322 1286 ²

98 1317 125 1388 'i
179 1339 205 1510 1
309 1341 406 1406 lactis
419 1343 592 1426 egregium
606 1343 710 1407 decus
720 1343 918 1409 Lusitaniae
930 1354 1075 1426 partum
1091 1346 1212 1411 merito
1274 1299 1355 1416 llll!

97 1393 124 1540 ἒ
308 1467 384 1512 eum
416 1447 516 1511 laude
548 1447 701 1512 maxima
731 1449 920 1513 censendus
950 1459 1002 1513 est
1027 1449 1212 1528 Antonius,
1263 1465 1389 1512 ιιιᾱίιιιι

134 1546 250 1562 ““”““
308 1553 487 1634 patavinus
517 1572 563 1615 ex
593 1551 671 1616 loco
700 1553 814 1617 obitus
840 1565 1068 1635 cognomento
1090 1557 1212 1624 dictus.
1235 1539 1298 1644 isi}
1297 1526 1389 1631 {5¹:4⁰1

97 1655 204 1723 Cuius
229 1676 332 1738 quum
360 1665 571 1740 patratorum
599 1657 832 1739 prodigiorum
865 1658 954 1723 sama
980 1659 1144 1725 latissime
1166 1662 1209 1726 ad
1236 1645 1337 1691 ”’””

97 1781 218 1825 omnes
242 1761 387 1844 populos
411 1762 612 1844 pervagarit,
637 1761 775 1826 lusitani
798 1763 945 1827 nominis
963 1762 1072 1842 gloria
1086 1765 1212 1848 ubique

99 1865 299 1948 percrebuit,
323 1865 449 1947 primas
473 1865 611 1930 honoris
638 1867 710 1931 eius
734 1865 862 1931 serente
893 1866 1099 1952 Ulissipone,
1125 1892 1212 1951 quae

98 1967 272 2034 hominem
295 1970 545 2034 sanctissimum
571 1971 641 2034 suis
663 1971 793 2034 civibus
808 1971 1015 2050 adnumerat.
1033 1973 1151 2038 Hinc'
1141 1995 1212 2041 rure
1271 1989 1349 2038 lura
1307 2003 1333 2035 ιι
1340 1987 1390 2046 ipsi

98 2081 207 2138 statos
224 2073 380 2138 Praestiti
396 2074 592 2139 beatissimo
607 2073 753 2139 honores
769 2075 925 2151 indicitis,
940 2096 1034 2157 quos,
1049 2080 1113 2141 etsi
1129 2100 1211 2161 quo·
1233 2055 1266 2152 ll
1265 2055 1383 2154 ‘'w“

98 2176 214 2240 tannis
229 2178 420 2255 sollemnes,
435 2187 470 2244 at
487 2179 614 2260 placuit
628 2179 731 2246 modo
742 2180 861 2260 pietati
873 2189 1003 2244 vestrae
1012 2181 1295 2250 celebriores
1237 2227 1328 2272 m„
1296 2182 1358 2212 ’”“

100 2279 240 2346 deferre.
253 2283 421 2366 Equidem
436 2284 582 2349 iucunda
595 2285 788 2365 accepimus
800 2283 974 2347 voluntate
989 2305 1076 2366 quae
1088 2286 1213 2354 idcirco

98 2388 994 2470 parantursacraeprolanaequelaetitiaetestimonia3
999 2388 1214 2474 delectatque

98 2489 265 2571 imprimis
288 2492 331 2556 ad
356 2492 560 2557 celebritatis
584 2492 801 2575 splendorem
818 2491 906 2554 viros
928 2492 1073 2558 illustres
1089 2497 1212 2575 primo·

98 2612 220 2674 resque
235 2615 254 2658 e
270 2596 448 2661 nobilitate
463 2596 607 2661 feminas
623 2596 774 2661 studium
793 2604 894 2678 atque
907 2616 1043 2676 operam
1061 2598 1213 2666 conterre

96 2695 235 2776 alacres,
261 2719 328 2764 non
354 2701 582 2766 annuentibus
610 2701 713 2764 modo
738 2720 853 2765 verum
886 2700 989 2765 etiam
1020 2702 1213 2769 faventibus

97 2801 255 2885 pubncae
265 2824 311 2868 rer
302 2804 607 2872 moderatoribus.
624 2805 665 2870 In
681 2803 747 2870 boc
759 2813 875 2869 tamen
888 2805 1119 2871 nobilissimae
1130 2828 1211 2887 gen·
1237 2841 1344 2886 m„

95 2905 142 2970 tis
159 2906 279 2971 ardore
295 2909 328 2973 id
346 2909 420 2974 Nos
437 2909 565 2975 solatur
580 2930 684 2992 quam
701 2908 862 2984 maxime,
873 2911 965 2990 quod
979 2909 1154 2991 relrgrosae
1164 2931 1211 2974 rer
1236 2899 1390 3018 ξζῖξίζωζά

95 3012 349 3092 provectionem
367 3014 612 3096 pervideamus,
628 3013 718 3077 unde
734 3012 905 3095 praeclara
920 3033 1074 3095 quaeque
1090 3023 1125 3080 et
1140 3014 1211 3078 ieli-

95 3113 150 3177 cia
177 3115 273 3179 vobis
297 3118 439 3182 ominari
467 3119 596 3184 datum.
628 3117 802 3182 Lusitanis
832 3116 921 3180 enim
954 3117 1097 3204 populis,
1119 3118 1210 3200 quod
1236 3118 1366 3224 ἱξιθῖβιέ

41 3257 45 3264 -
95 3219 309 3299 apertissime
333 3230 478 3286 testatur
504 3222 653 3299 historia,
681 3221 726 3284 nil
753 3220 882 3302 grande
912 3219 957 3282 nil
984 3219 1113 3286 illustre
1138 3222 1266 3286 sines
1233 3192 1333 3296 flerem
1261 3179 1372 3235 mum

94 3319 258 3402 religione
284 3334 409 3404 actum,
435 3326 625 3407 eodemque
648 3344 765 3408 gressu
789 3323 902 3388 civilia
922 3344 1057 3405 semper
1078 3345 1212 3389 crevere

91 3429 277 3492 commoda
307 3450 376 3512 quo
400 3431 510 3496 avitae
535 3428 708 3511 religionis
733 3427 894 3510 splendor
924 3436 958 3491 et
987 3427 1212 3493 observantia.

92 3529 239 3612 Optimo
256 3542 368 3597 autem
382 3534 596 3617 sapientique
608 3529 750 3598 consilio
763 3531 964 3596 arbitramur
976 3531 1100 3595 lactum
1113 3531 1211 3614 qnod,

92 3640 128 3702 in
146 3637 265 3701 ceteris
282 3638 326 3701 ad
343 3637 574 3702 celebritatem
591 3639 784 3720 aagendam
796 3635 940 3711 statutis,
949 3634 1209 3700 coetumcatho·
1234 3669 1299 3710 «κιρ
1299 3605 1389 3710 &trabat

95 3743 235 3806 licorum
253 3761 298 3806 ex
314 3742 507 3806 nationibus
525 3741 688 3805 universis
705 3738 939 3821 Ulissiponem
957 3739 1033 3822 cogi
1053 3740 1208 3804 decreve-
1234 3724 1334 3769 ‘mm'
1279 3740 1386 3830 mx}

95 3844 177 3909 ritis.
189 3843 278 3910 Nam
289 3845 620 3928 praeterquamquod
630 3854 826 3909 exterorum
838 3843 985 3906 virorum
989 3862 1063 3925 qur
1054 3842 1209 3907 strenue
1233 3798 1277 3948 {¹¹
1281 3858 1386 3949 Um

95 3969 157 4031 pro
180 3949 258 4014 Deo
282 3960 315 4013 et
342 3949 495 4015 Ecclesia
521 3958 663 4027 certant,
686 3945 847 4028 exempla
873 3946 1209 4030 communicataeque
1230 3971 1261 4021 po
1261 3977 1337 4008 ιιιιιιι
1324 3964 1382 4024 cogi.

95 4052 316 4135 plurimorum
341 4053 529 4119 sententiae
554 4053 598 4118 ad
626 4051 829 4117 excitandos
856 4050 988 4114 animos
1018 4050 1209 4115 conducent

95 4176 309 4240 magnopere,
325 4157 420 4222 utilia
447 4159 546 4241 plane
571 4166 650 4222 sunt
676 4175 764 4239 quae
791 4152 953 4237 agitanda
974 4153 1070 4217 vobis
1086 4174 1207 4235 propo·

95 4260 229 4325 suistis:
256 4263 386 4326 scilicet
417 4261 520 4327 fidem
551 4263 584 4326 in
618 4261 740 4326 animis
766 4257 1016 4335 stabiliendam,
1042 4256 1208 4320 catholica

94 4365 249 4430 instituta
264 4387 323 4431 scu
341 4367 452 4450 pueris
468 4365 653 4432 educandis
670 4385 729 4429 seu
746 4360 908 4445 operariis
922 4360 1092 4425 sociandis
1112 4369 1206 4424 tuen·
