3117 4859
412 364 463 414 DE
492 362 655 415 ROSARIO
682 363 855 415 MARIALI.
1143 364 1181 413 11

95 522 238 595 relictam,
255 537 380 599 magno
396 516 577 599 complexa
592 518 716 594 anim0,
730 527 881 581 materna
897 518 930 582 in
948 515 1187 583 omnesofficia
1250 583 1266 618 s
1267 536 1325 620 12²1}

96 624 256 688 confestim
281 624 392 703 coepit
421 622 624 702 impendere.
642 658 685 669 -
708 622 795 683 Tam
826 641 923 684 carae
940 622 1188 686 misericordiae
1253 611 1328 693 18qu

97 725 256 789 consilium
283 725 317 787 in
335 723 445 787 Maria
471 723 631 787 divinitus
659 724 852 788 institutum
880 737 914 789 et
938 726 1061 791 Christi
1087 736 1188 789 testa·
1214 746 1301 810 Ipsam
1315 746 1368 795 Der·

98 842 198 893 mento
214 838 333 905 ratum,
349 828 428 891 inde
444 828 487 891 ab
503 828 599 890 initio
622 829 730 893 sancti
746 829 907 911 Apostoli
924 831 1091 913 priscique
1108 830 1187 893 lide-
1213 812 1357 942 ww·

98 934 136 996 les
151 953 277 997 summa
303 952 379 995 cum
409 931 538 994 laetitia
563 942 760 1010 senserunt;
786 943 964 997 senserunt
979 936 1061 999 item
1078 942 1113 997 et
1127 935 1188 997 do-
1213 951 1278 1019 tmn
1301 945 1365 1007 Apo.

96 1048 221 1101 cuerunt
244 1036 452 1099 venerabiles
471 1036 643 1099 Ecclesiae
669 1037 795 1115 Patres,
810 1058 997 1121 omnesque
1029 1041 1062 1101 in
1093 1039 1187 1101 omni
1211 1008 1367 1124 {fflfflj

93 1150 191 1203 aetate
206 1140 406 1203 christianae
422 1150 540 1221 gentes
564 1141 744 1204 unanimae
768 1160 988 1205 consensere:
1012 1143 1114 1226 idque
1138 1143 1187 1222 ip·
1214 1140 1321 1216 indeque

94 1263 164 1317 sum,
176 1244 228 1305 vel
244 1244 408 1307 memoria
425 1242 517 1307 omni
535 1242 721 1325 litterisque
736 1243 923 1321 silentibus,
936 1268 1004 1309 vox
1020 1246 1188 1327 quaedam
1213 1206 1367 1334 ‘'pllssfffl.

93 1368 107 1409 e
127 1350 286 1429 cuiusque
311 1346 484 1410 christiani
510 1348 657 1411 nominis
686 1358 822 1428 pectore
837 1370 1027 1432 erumpens,
1043 1349 1191 1431 loquitur
1215 1336 1368 1465 mm:

94 1450 307 1515 disertissima
330 1450 410 1515 Non
439 1450 575 1515 aliunde
599 1461 651 1516 est
677 1472 757 1516 sane
782 1473 884 1536 quam
911 1475 956 1517 ex
984 1454 1099 1517 divina
1114 1451 1190 1528 fide,
1216 1469 1284 1525 καί,-

94 1556 171 1636 quod
198 1574 259 1619 nos
285 1554 498 1637 praepotenti
525 1558 672 1637 quodam
698 1557 845 1639 impulsu
862 1560 992 1639 agimur
1010 1557 1189 1622 blandissi·
1273 1582 1369 1631 ,anm

95 1680 199 1741 meque
225 1662 375 1744 rapimur
401 1661 444 1723 ad
463 1660 630 1737 Mariam;
656 1662 747 1741 quod
776 1661 858 1723 nihil
883 1671 933 1725 est
948 1663 1119 1744 antiquius
1135 1664 1188 1725 vel
1214 1650 1344 1762 χζξζζζξ

94 1765 240 1845 optatius,
254 1784 357 1847 quam
375 1773 411 1828 ut
428 1784 490 1827 nos
506 1764 539 1825 in
556 1766 627 1827 eius
644 1766 785 1827 tutelam
799 1764 968 1847 fidemque
977 1768 1189 1849 recipiamus,
1214 1795 1277 1839 mae,
1289 1779 1366 1855 fuet-

93 1870 138 1929 coi
153 1869 288 1933 consilia
304 1878 338 1933 et
354 1888 466 1948 opera,
481 1868 710 1949 integritatem
728 1878 760 1931 et
773 1870 1028 1950 poenitentiam,
1043 1890 1188 1951 angores
1213 1846 1371 1972 man}

92 1980 120 2033 et
134 1974 258 2053 gaudia,
276 1990 391 2052 preces
419 1978 452 2033 et
479 1982 567 2046 vota,
583 1980 697 2034 nostra
724 1972 839 2034 omnia
864 1971 962 2053 plene
989 1974 1188 2051 credamus;
1214 1976 1332 2051 Mariam

92 2077 173 2155 quod
196 2095 312 2139 omnes
339 2076 486 2137 iucunda
513 2095 590 2155 spes
617 2085 650 2137 et
678 2073 802 2137 fiducia
829 2083 931 2151 tenet,
947 2074 1017 2136 sore
1041 2086 1086 2152 ut,
1101 2096 1189 2157 quae
1214 2047 1339 2103 rapamur.

95 2176 164 2239 Deo
181 2179 290 2241 minus
305 2188 402 2259 grata
427 2198 446 2238 a
473 2178 571 2239 nobis
587 2176 830 2241 exhiberentur
845 2178 1004 2259 indignis,
1021 2198 1070 2254 ea,
1086 2178 1189 2241 Matri

93 2284 313 2345 sanctissimae
329 2282 577 2357 commendata,
593 2284 659 2344 sint
676 2293 774 2363 grata
789 2302 890 2365 quam
909 2285 1058 2347 maxime
1074 2294 1108 2347 et
1135 2304 1188 2347 ac-

92 2398 189 2467 cepta.
206 2388 359 2472 Quarum
388 2388 529 2451 veritate
556 2397 589 2451 et
617 2390 783 2452 suavitate
802 2410 910 2452 rerum
938 2399 1102 2472 quantam
1119 2391 1188 2453 ani·

93 2508 157 2551 mus
173 2492 260 2573 capit
278 2492 555 2569 consolationem,
571 2500 668 2555 tanta
694 2512 751 2555 eos
776 2495 987 2575 aegritudine
1013 2493 1106 2557 dolet
1124 2496 1190 2576 qui,

91 2594 195 2659 divina
211 2595 277 2660 fide
293 2606 457 2674 carentes,
473 2598 617 2661 Mariam
647 2619 756 2680 neque
771 2600 922 2663 salutant
937 2619 1048 2680 neque
1063 2600 1189 2664 habent
1247 2609 1308 2659 luas
1330 2627 1366 2687 se-

90 2709 239 2765 matrem:
255 2720 441 2783 eorumque
458 2702 603 2783 amplius
618 2702 712 2765 dolet
741 2704 908 2766 miseriam
926 2704 993 2785 qui,
1009 2702 1086 2767 fidei
1115 2724 1189 2765 san·
1209 2676 1346 2805 mffi'

91 2811 157 2865 ctae
171 2824 274 2885 quum
303 2805 371 2868 sint
387 2805 576 2885 participes,
592 2805 699 2867 bonos
727 2816 841 2869 tamen
869 2806 963 2869 nimii
992 2808 1025 2870 in
1045 2807 1188 2869 Mariam
1214 2807 1367 2882 qaisaluta-

90 2905 274 2991 prolusique
298 2908 408 2972 cultus
433 2910 560 2971 audent
586 2929 745 2999 arguere:
770 2930 838 2992 qua
864 2932 899 2976 re
915 2912 1087 2992 pietatem,
1103 2933 1189 2992 quae
1215 2871 1370 3001 22}chle

91 3009 257 3075 liberorum
276 3022 337 3090 est,
354 3032 560 3095 magnopere
578 3014 725 3080 laedunt.
1214 3002 1361 3052 detrahunt.

128 3115 185 3179 Per
217 3117 306 3181 hanc
334 3118 446 3199 igitur,
470 3138 537 3199 qua
569 3118 723 3182 Ecclesia
755 3120 937 3200 asperrime
968 3119 1189 3195 conflictatur,

91 3218 242 3283 malorum
260 3219 452 3301 procellam,
468 3241 585 3283 omnes
602 3221 660 3284 lilii
671 3222 742 3285 eius
759 3224 805 3303 pii
822 3222 919 3285 facile
943 3223 1058 3286 vident
1085 3242 1188 3304 quam

89 3330 196 3384 sancto
206 3320 316 3385 officio
328 3322 581 3405 adstringantur
591 3323 804 3407 supplicandi
817 3325 1049 3389 vehementius
1062 3324 1146 3402 Deo,
1157 3335 1190 3387 et

88 3441 149 3503 qua
163 3424 339 3506 praecipue
366 3427 496 3487 ratione
524 3426 585 3490 niti
612 3426 768 3503 debeant,
796 3435 834 3490 ut
859 3428 998 3489 eaedem
1023 3424 1192 3507 supplica·

88 3528 186 3592 tiones
203 3530 390 3593 maximam
407 3528 641 3595 efficacitatem
670 3532 738 3594 sint
753 3531 939 3595 habiturae.
963 3529 1189 3612 Religiosissi-

89 3647 209 3692 morum
237 3640 372 3713 patrum
399 3640 433 3692 et
461 3631 625 3701 maiorum
653 3632 819 3711 persecuti
844 3630 1014 3712 exempla,
1038 3631 1081 3692 ad
1116 3630 1189 3693 Ma-

89 3732 163 3795 riam
189 3742 340 3797 sanctam
367 3733 552 3796 Dominam
579 3742 728 3797 nostram
757 3733 1012 3817 perfugiamus3
1044 3734 1188 3796 Mariam

89 3832 224 3901 Matrem
241 3836 365 3903 Christi
388 3846 421 3901 et
443 3847 593 3901 nostram
611 3839 822 3921 appellemus
850 3835 1101 3920 concordesque
1129 3837 1188 3901 ob-

87 3946 264 4004 testemur:
290 3940 447 4005 Monstra
474 3950 505 4003 te
526 3962 594 4005 esse
618 3952 765 4020 matrem,
796 3952 909 4005 sumat
924 3953 989 4023 per
1011 3952 1043 4006 te
1069 3954 1190 4024 preces,

88 4042 141 4120 qui
146 4052 206 4124 pro
220 4043 312 4107 nobis
327 4054 434 4121 natus,
449 4044 529 4107 tulit
543 4066 609 4107 esse
624 4056 698 4109 tuus
714 4046 727 4127 (
746 4052 767 4127 ).
783 4084 827 4093 —
845 4046 1008 4121 lamver0,
1030 4046 1074 4109 de
1090 4046 1189 4109 variis
1260 4061 1368 4137 stasmi

88 4145 211 4213 divinae
226 4148 348 4213 Matris
363 4151 524 4213 colendae
549 4151 700 4215 formulis
727 4161 760 4215 et
789 4150 985 4229 rationibus,
1007 4170 1111 4232 quum
1129 4170 1188 4213 eae
1214 4132 1366 4241 {wip

89 4247 149 4313 sint
176 4253 435 4331 praeoptandae,
465 4273 548 4335 quas
579 4264 613 4317 et
644 4274 702 4335 per
728 4274 764 4317 se
791 4255 881 4336 ipsas
908 4255 1056 4334 potiores
1083 4262 1117 4314 et
1141 4253 1188 4315 illi
1214 4257 1366 4321 tuiisprae·

116 4386 134 4419 1.
146 4376 186 4419 Ex
195 4391 255 4425 sacr.
269 4376 355 4437 liturg.
