3117 4859
390 373 457 444 162
488 389 670 446 snrsronn
699 391 913 444 sucrccrcs
942 381 964 410 ‘¹
983 393 1089 446 sarrs
1115 393 1333 446 cocumuu.
1350 371 1370 398 '⁰

384 550 403 605 t
420 545 490 601 tem
507 555 604 602 mons
620 555 687 601 non
705 539 762 614 sic,
777 538 857 620 quia
868 537 1022 620 impleuit
1034 538 1225 602 universam
1237 535 1362 601 faeiem
1375 547 1501 602 terrae:

387 649 454 708 (et
470 641 512 705 de
539 640 597 706 illo
624 641 768 706 dicitur:
799 651 937 724 paratus
959 642 993 705 in
1018 641 1192 706 oecumine
1220 641 1392 705 montium
1409 641 1499 724 (¹l)

251 776 358 822 Um„
386 743 475 809 Illud
490 745 630 822 accedit,
645 745 736 828 quod
755 744 943 810 Ecclesiam
970 746 1078 810 Filius
1093 745 1158 809 Dei
1175 746 1362 828 mysticum
1377 765 1503 828 corpus

217 841 252 882 “²
263 835 359 882 ΜΗ
384 867 482 912 suum
498 847 646 912 decrevit
662 848 741 925 iore,
757 869 903 932 quocum
919 849 991 932 ipse
1007 850 1212 932 velutcaput
1223 850 1502 932 coniungeretur,

207 903 291 954 corpus
302 911 348 955 my·

208 955 360 1073 “³13sz
384 952 427 1016 ad
444 952 701 1018 similitudinem
718 955 867 1036 corporis
883 954 1023 1020 humani
1038 956 1132 1037 quod
1158 954 1334 1036 suscepit:
1350 957 1406 1018 cui
1428 955 1500 1036 qui-

219 1075 361 1144 santonus
385 1056 462 1120 dem
479 1057 623 1122 naturali
639 1058 928 1142 conglutinatione
939 1060 1092 1125 inhaeret
1105 1059 1259 1124 naturale
1271 1070 1387 1141 eaput
1406 1060 1501 1126 Sicut

209 1139 356 1182 unumst.
386 1160 487 1244 igitur
503 1161 644 1226 mortale
659 1183 783 1248 corpus
798 1165 862 1229 sibi
878 1166 1025 1248 sumpsit
1040 1166 1186 1242 unicum,
1200 1166 1294 1248 quod
1310 1164 1444 1228 obtulit
1458 1166 1498 1228 ad

385 1266 551 1330 cruciatus
567 1275 602 1331 et
618 1285 745 1344 necem,
760 1277 799 1331 ut
813 1266 1023 1333 liberationis
1037 1267 1208 1332 humanae
1224 1269 1374 1350 pretium
1385 1266 1498 1330 exsul

384 1379 485 1448 veret,
500 1369 546 1434 sic
572 1372 695 1454 pariter
722 1391 826 1436 unum
853 1371 957 1438 habet
980 1391 1103 1456 eorpus
1119 1373 1312 1454 mysticum,
1328 1372 1365 1435 in
1381 1391 1454 1454 quo
1467 1381 1499 1434 et

384 1473 478 1538 cuius
493 1473 598 1557 ipsius
613 1479 717 1558 opera
734 1476 813 1540 lacit
832 1477 1023 1541 sanctitatis
1049 1475 1235 1558 salutisque
1262 1483 1427 1540 aeternae
1442 1477 1497 1538 bo

385 1577 493 1644 mines
519 1587 711 1661 compotes:
738 1579 852 1662 Ipsum
878 1581 1115 1663 (CHRISTUM)
1138 1579 1232 1643 dedit
1256 1578 1388 1661 (Deus)
1401 1587 1498 1661 caput

383 1693 484 1766 supra
500 1703 625 1748 omnem
642 1683 831 1760 Ecclesiam,
847 1694 992 1768 quaeest
1017 1695 1130 1768 corpus
1144 1685 1248 1767 ipsius
1261 1683 1316 1766 (²).
1334 1683 1496 1766 Dispersa

384 1786 536 1851 membra
560 1797 662 1871 atque
689 1788 841 1854 seiuncta
868 1808 935 1852 non
960 1797 1106 1873 possunt
1130 1789 1251 1852 eodem
1276 1807 1357 1851 cum
1379 1786 1495 1869 capite,

384 1911 489 1956 unum
524 1891 623 1955 simul
651 1887 813 1956 effectura
839 1911 970 1976 corpus,
996 1893 1186 1958 cohaerere.
1212 1891 1323 1973 Atqui
1356 1889 1489 1965 Paulus,

387 1995 509 2062 Omnia
524 2005 642 2073 aretem,
659 1996 775 2077 inquit,
787 1996 932 2060 membra
947 1997 1087 2079 corporis
1100 2017 1173 2060 cum
1188 1996 1259 2058 sint
1272 1993 1492 2073 multasnum

385 2109 493 2166 tamen
519 2113 632 2183 corpus
658 2111 758 2165 sunt:
783 2101 832 2164 ita
855 2111 887 2164 et
915 2099 1069 2167 Clrrr'stus
1083 2100 1135 2183 (3).
1161 2101 1345 2181 Propterea
1372 2119 1491 2182 corpus

385 2203 474 2268 istud
487 2205 665 2286 mysticum
678 2215 875 2289 compactum
887 2205 934 2270 ait
944 2226 1018 2270 esse
1041 2215 1073 2269 et
1082 2225 1266 2268 conanum.
1279 2201 1391 2286 caput
1400 2201 1489 2269 ciri-

384 2317 468 2372 stus:
479 2329 520 2371 ex
532 2329 594 2390 quo
608 2317 711 2372 totum
722 2321 835 2394 corpus
848 2318 1057 2392 compactum,
1066 2319 1097 2374 et
1107 2329 1283 2372 connexum
1291 2319 1359 2390 per
1371 2327 1490 2370 omnus

385 2411 573 2476 iuncturam
588 2413 915 2491 subministrationis,
929 2413 1104 2478 secundum
1116 2412 1332 2496 matrim
1343 2412 1381 2475 in
1405 2433 1485 2474 m-

228 2553 360 2611 N„„„„„
383 2537 499 2582 suram
526 2516 778 2600 tiniuscuiusque
805 2517 942 2582 membri
961 2517 1014 2599 (⁴).
1040 2516 1271 2600 Quamobrem
1298 2515 1451 2598 dispersa
1472 2533 1490 2574 a

222 2628 276 2660 ‘'⁰'‘
288 2614 360 2660 “⁸⁶⁶⁰
385 2619 544 2687 membris
561 2620 678 2686 ceteris
694 2622 790 2704 siqua
806 2621 958 2685 membra
974 2632 1149 2703 vagantur,
1163 2639 1239 2683 cum
1257 2619 1381 2683 eodem
1394 2629 1490 2701 atque

282 2673 359 2730 capite

215 2791 220 2802 ,
262 2733 359 2800 curun
384 2727 484 2791 unico
500 2726 610 2809 capite
626 2725 859 2808 conglutinata
875 2743 948 2788 esse
964 2735 1136 2808 nequeunt
1149 2737 1187 2790 :t
1204 2721 1308 2788 Unus
1324 2721 1421 2784 Deus
1433 2727 1488 2794 est,

203 2805 360 2910 mmm
388 2839 454 2900 tet
479 2830 670 2896 CHRISTUS
698 2849 794 2905 unus,
813 2838 848 2894 et
875 2850 943 2894 una
961 2829 1113 2894 Ecclesia
1129 2829 1201 2892 eius
1227 2837 1261 2890 et
1278 2826 1364 2890 fides
1379 2845 1446 2888 una
1459 2831 1488 2885 et

225 2910 360 3015 suissiffni
387 2949 405 3004 t
420 2934 515 3018 plebs
531 2955 599 2999 una
615 2935 648 2996 in
660 2933 804 2998 solidam
816 2933 965 3017 corporis
975 2935 1139 2998 unitatem
1153 2931 1355 2996 concordiae
1364 2931 1487 3014 glutino

248 3029 360 3074 ’mm'
387 3041 588 3123 «copulata.
601 3039 718 3106 Scindi
736 3039 849 3104 unitas
864 3059 931 3102 non
948 3047 1070 3122 potest,
1086 3056 1147 3101 nec
1164 3055 1288 3118 corpus
1304 3055 1413 3100 unum
1428 3034 1487 3099 dis·

207 3087 322 3147 mm
386 3145 509 3214 (cidio
536 3145 746 3228 compaginis
771 3145 917 3227 separari
933 3143 1021 3226 (5).)
1049 3142 1129 3226 Quo
1155 3142 1277 3206 melius
1304 3139 1487 3205 Ecclesiam

207 3247 358 3316 ''Halwn‘t
382 3247 522 3333 effingat
548 3251 691 3326 unicam,
707 3247 964 3312 similitudinem
980 3247 1121 3311 animati
1145 3247 1294 3329 corporis
1321 3245 1488 3318 informat,

231 3313 359 3426 ”iiiiii
382 3355 476 3418 cuius
493 3374 559 3418 non
587 3353 684 3417 aliter
700 3353 829 3416 victura
857 3351 1009 3416 membra
1024 3362 1113 3429 sunt,
1140 3352 1203 3415 uisi
1231 3349 1393 3432 colligata
1417 3365 1486 3411 cum

206 3425 355 3534 „iiiiii
382 3461 502 3543 capite,
518 3459 585 3524 vim
598 3457 688 3522 adse
701 3456 837 3521 vitalem
851 3476 896 3521 ex
908 3457 1020 3538 capite
1029 3457 1038 3518 i
1042 3473 1104 3538 pso
1115 3457 1297 3519 traducant
1311 3455 1488 3526 :seiuncta

382 3582 517 3626 necesse
531 3571 581 3626 est
597 3561 722 3625 emori:
742 3575 759 3629 t
777 3560 856 3624 Nou
873 3569 985 3642 potest
1000 3558 1226 3641 (Ecclesia)...
1244 3558 1389 3623 divulsis
1403 3558 1487 3621 lace·

382 3679 399 3733 t<
417 3666 545 3729 ratione
561 3664 744 3727 visceribus
760 3665 793 3728 in
820 3662 925 3727 lrusta
941 3662 1094 3745 discerpi.
1121 3662 1297 3746 Quidquid
1314 3682 1334 3726 a
1351 3661 1486 3725 matrice

381 3768 615 3844 «discesserit,
640 3787 790 3831 seorsum
817 3767 925 3830 vivere
953 3776 986 3830 et
1013 3766 1140 3848 spirare
1166 3785 1233 3829 non
1261 3764 1387 3846 poterit
1401 3761 1483 3843 (ἢ)

380 3873 552 3936 Mortuum
580 3892 659 3935 vero
680 3891 802 3952 corpus
827 3870 908 3953 quid
935 3869 1038 3936 hebet
1053 3889 1130 3933 cum
1146 3869 1224 3933 vivo
1239 3863 1487 3931 similitudinis?

377 3975 483 4041 Nemo
493 3977 580 4040 enim
596 3995 742 4058 unquam
757 3993 887 4038 carnem
901 3994 998 4038 suam
1014 3971 1087 4037 odio
1101 3972 1221 4036 habuit
1231 3994 1244 4035 .·
1258 3970 1320 4034 sed
1331 3967 1486 4040 nutriat

368 4079 543 4158 fhueteam
554 4080 639 4144 sr'cut
652 4088 683 4142 et
691 4076 1043 4143 ChristusEcclesiam:
1053 4077 1134 4160 quia
1145 4074 1291 4140 numbra
1302 4093 1418 4138 sumus
1425 4089 1484 4134 cur·

369 4183 463 4263 poris
474 4183 593 4257 eiusde
604 4203 701 4244 carne
710 4181 781 4246 eius
790 4191 823 4244 et
832 4181 871 4244 de
882 4181 1007 4246 ossibus
1015 4181 1142 4262 eius(⁷).
1153 4179 1258 4244 Aliud
1271 4180 1375 4260 igitur
1383 4173 1483 4240 simile

407 4321 427 4354 r.
441 4306 560 4363 [nepus.
573 4305 640 4351 loen.
662 4314 730 4351 tract.
745 4317 762 4357 r.
775 4319 800 4351 n.
814 4319 849 4364 13·
864 4330 893 4338 -
913 4320 934 4352 a.
956 4305 1053 4366 Epter„
1067 4316 1083 4357 ι.
1096 4317 1174 4362 aa·a3.
1196 4329 1228 4338 -
1249 4319 1271 4363 ³·
1293 4305 1309 4349 I
1320 4304 1385 4354 Cer„
1398 4311 1480 4354 ntra

376 4382 397 4422 4.
411 4366 505 4423 Epter..
518 4374 552 4415 tv,
568 4365 645 4420 15-16.
656 4389 685 4398 -
701 4377 722 4424 5.
735 4365 759 4410 S.
774 4365 917 4422 Cyprianus,
930 4365 1041 4412 Decatt
1054 4363 1119 4411 scu.
1136 4364 1248 4416 (leuitate.
1267 4377 1290 4409 u
1304 4376 1342 4421 23„
1354 4386 1386 4396 -
1401 4363 1424 4406 b
1438 4359 1480 4408 lc.

376 4425 421 4470 loc.
435 4423 474 4469 eit.
484 4445 513 4456 -
529 4436 550 4477 7.
561 4422 654 4480 Ephes,
668 4434 692 4475 v,
707 4435 784 4481 29-3o
