3117 4859
383 395 453 466 332
736 396 860 447 ruoux
888 396 1139 449 auanvmcus.

381 540 445 609 lege
456 539 532 595 civili
543 540 659 610 junctis,
672 540 806 597 Ecclesia
818 542 972 612 impeditur
979 542 1117 613 judicare,
1128 558 1234 612 magno
1244 557 1355 595 morum
1363 536 1481 610 periculo

384 642 442 697 ¹5⁰·
455 628 588 699 -Cogit
601 628 702 683 lexilla
711 639 801 685 testes
811 632 913 686 occulti
927 629 1101 687 matrimonii
1111 631 1270 701 proditores
1281 645 1384 698 agere;
1397 640 1484 681 sacer·

381 719 465 773 dotes
481 733 548 774 vero
560 717 720 775 animarum
737 721 824 775 saluti
842 724 1033 789 consulentes,
1047 720 1179 791 gravibus
1192 717 1398 790 poenisafficit.
1414 718 1484 769 Dum

379 809 501 861 multum
524 806 613 862 hodie
636 808 673 863 de
689 808 784 877 legum
802 809 954 866 severitate
978 810 1139 879 remittitur,
1158 809 1239 879 pejor
1257 809 1287 863 fit
1312 806 1438 860 fidelium
1463 812 1487 857 et

380 895 562 950 sacerdotum
576 895 703 951 conditio
719 909 842 966 15o·151.
855 928 889 938 -
902 898 1054 954 Concludit
1066 898 1194 953 Pontifex
1206 898 1269 965 lege
1283 895 1331 949 illa
1344 890 1487 949 Ecclesiae

380 995 409 1040 et
422 984 525 1038 civium
536 984 601 1054 jura
612 985 762 1055 bonosque
774 1002 870 1041 mores
884 987 967 1053 laedi,
981 1003 1093 1041 necnon
1110 984 1317 1040 dissentionem
1331 980 1488 1037 Ecclesiam

380 1071 455 1126 inter
478 1081 507 1127 et
531 1072 679 1127 civitatem
700 1074 803 1128 nutriri
828 1088 885 1143 151.
908 1104 941 1113 -
957 1074 1094 1145 Episcopi
1108 1073 1180 1143 legis
1193 1072 1332 1127 maiitiam
1347 1068 1488 1125 Fidelibus

381 1155 587 1225 demonstrent,
597 1174 705 1230 eosque
715 1160 753 1215 ad
763 1161 856 1230 ipsam
866 1160 1091 1230 impugnandam
1101 1161 1287 1216 adhortentur
1298 1171 1355 1228 151.
1367 1187 1402 1197 -
1410 1155 1487 1209 Cleru

381 1260 434 1298 suo
456 1245 627 1301 imitandum
648 1260 811 1319 proponant
836 1251 997 1319 exemplum
1017 1248 1133 1325 Christi,
1145 1247 1193 1319 qui
1206 1247 1333 1302 animam
1348 1262 1429 1301 suam
1442 1257 1487 1313 pre

381 1331 482 1386 ovibus
495 1334 590 1403 posuit
607 1347 731 1404 151-152.

417 1424 467 1473 28.
481 1424 704 1475 LITTERAE
718 1427 1008 1478 apostoncae:
1023 1428 1064 1477 de
1077 1427 1199 1478 Ordine
1216 1426 1406 1477 cistercien·

380 1512 468 1560 stum
488 1510 744 1563 reformatorum
763 1513 877 1565 beatae
899 1516 1026 1565 Martae
1048 1514 1194 1577 virginis
1215 1514 1256 1563 de
1275 1513 1406 1573 trappa

380 1598 621 1648 constituendo.
643 1624 677 1635 -
696 1600 732 1651 17
753 1602 867 1652 Martii
889 1602 978 1653 1893.
1336 1610 1403 1665 pag·
1441 1600 1483 1658 153

418 1681 543 1738 Sanctae
556 1681 640 1737 Sedis
653 1696 789 1740 constans
803 1685 854 1741 fuit
868 1685 1030 1741 sollicitudo
1048 1702 1116 1756 erga
1130 1685 1278 1754 religiosas
1297 1681 1420 1738 familias
1434 1690 1484 1747 155

382 1794 418 1805 -
429 1767 476 1823 Ab
497 1767 559 1838 ipsa
573 1770 696 1825 Romam
708 1772 858 1827 convocati
872 1772 1039 1841 Superiores
1053 1773 1236 1841 Trappenses
1249 1769 1378 1823 omnium
1397 1766 1482 1821 obser·

382 1857 551 1923 vautiamm,
563 1858 657 1928 prima
674 1859 793 1914 comitia
813 1861 959 1929 generalia
981 1858 1170 1921 celebrarunt,
1184 1858 1288 1930 quibus
1306 1856 1413 1926 optime
1433 1863 1481 1905 turn

343 1983 349 1996 .
381 1946 417 2001 de
432 1946 563 2001 Ecclesia
575 1959 636 2002 tum
644 1948 680 2002 de
693 1966 745 2003 suo
758 1948 859 2004 ordine
872 1948 964 2003 meriti
974 1959 1041 2003 suut
1055 1962 1177 2018 153·154.
1186 1978 1221 1987 -
1232 1947 1317 2001 Plura
1330 1954 1392 1999 sunt
1402 1938 1482 1997 inillis

380 2034 504 2089 comitiis
517 2036 671 2105 proposita,
680 2054 754 2107 quae
773 2037 931 2107 perpendet
949 2037 1022 2091 intra
1035 2052 1143 2091 annum
1161 2032 1353 2105 Congregatio
1373 2029 1481 2099 Reguli·

381 2122 453 2177 rium
465 2141 473 2187 ;
495 2124 532 2177 de
544 2124 608 2178 aliis
619 2125 679 2193 jam
700 2125 845 2195 provisum
859 2134 912 2193 est,
924 2136 953 2179 et
966 2133 1073 2179 statuta
1086 2124 1210 2178 citantur
1225 2138 1235 2175 1
1243 2134 1301 2190 54-1
1309 2134 1322 2190 5
1328 2134 1350 2189 5.
1363 2149 1396 2160 -
1410 2119 1480 2171 Prae·

381 2219 477 2263 sentes
491 2210 603 2266 litterae
617 2212 715 2267 firmae
726 2224 863 2283 rataeque
874 2198 1036 2266 lrabeantur
1053 2212 1108 2280 156.

416 2302 470 2354 29.
497 2302 705 2354 EPISTOLA
730 2307 772 2354 ad
795 2305 891 2355 Card.
913 2300 1056 2354 thbons
1077 2298 1224 2365 archiep.
1242 2302 1403 2351 Baltlmo-

383 2385 511 2423 rensem
531 2375 571 2425 de
585 2376 705 2426 scholis
716 2378 860 2437 publtots
874 2378 907 2425 tn
924 2378 1086 2425 Amerina.
1109 2398 1144 2409 -
1158 2373 1194 2424 31
1210 2374 1293 2423 ldail
1312 2372 1400 2421 1893.

1341 2471 1402 2523 Pass·
1441 2460 1480 2517 ¹57

420 2546 474 2599 Pro
496 2546 697 2601 benevolentia
717 2563 769 2601 sua
791 2564 859 2617 erga
883 2546 1045 2601 Ecclesiam
1066 2545 1226 2611 Americae,
1247 2543 1377 2598 Pontifex
1403 2552 1483 2607 nuper

382 2632 546 2701 delegatum
560 2634 645 2703 misit,
657 2634 822 2690 adfuturum
836 2634 952 2688 nomine
966 2634 994 2688 S.
1010 2633 1093 2688 Sedis
1106 2632 1135 2686 in
1160 2631 1341 2687 dedicatione
1354 2622 1483 2698 amplissi·

384 2736 447 2773 mae
461 2720 562 2789 copiae
576 2738 669 2775 rerum
683 2721 711 2774 in
720 2722 790 2775 urbe
801 2721 928 2790 Chicago
937 2720 1130 2789 expositae,ac
1139 2718 1167 2773 in
1178 2718 1294 2773 civitate
1303 2716 1485 2783 Wasningrou

383 2807 481 2861 sedem
499 2808 704 2862 collocaturum
723 2808 918 2878 permanentis
940 2808 1131 2877 delegationis
1144 2806 1330 2877 apostolicae,
1343 2794 1486 2873 cujusqui·

383 2894 450 2949 dem
460 2896 618 2950 uberrimos
630 2897 691 2950 sore
704 2897 811 2951 fructus
825 2896 942 2952 confidit
960 2910 1016 2965 157.
1031 2924 1065 2934 -
1080 2896 1252 2949 Mandatum
1264 2894 1360 2961 legato
1373 2890 1449 2945 dedit
1461 2892 1489 2937 ut

383 3000 469 3038 omne
481 2984 659 3053 extingueret
673 2985 824 3039 dissidium
839 2985 875 3039 de
888 2984 1049 3039 catholicae
1065 2984 1223 3053 juventutis
1234 2979 1409 3035 institutione
1432 2986 1489 3043 157·

386 3071 444 3138 158.
457 3100 493 3109 -
503 3072 567 3125 Hac
580 3072 616 3127 de
629 3089 659 3125 re
671 3073 708 3127 ab
721 3072 953 3141 Archiepiseopis
967 3081 1032 3125 acta
1046 3072 1074 3125 in
1085 3067 1340 3125 NeoEboracensi
1354 3070 1493 3120 conventu

383 3158 512 3228 probavit
525 3161 643 3229 legatus,
657 3176 691 3213 ac
704 3160 854 3215 confirmat
864 3160 992 3213 Pontifex
1010 3160 1066 3228 158.
1080 3188 1115 3197 —
1127 3156 1372 3228 Propositionibus
1385 3152 1420 3209 ad
1435 3164 1493 3205 rem

383 3246 573 3301 dirimendam
585 3264 603 3301 a
622 3247 716 3315 legato
734 3246 923 3315 concinnatis,
937 3248 1040 3301 allatae
1059 3246 1171 3301 fuerunt
1190 3246 1228 3299 ab
1247 3244 1319 3313 ipso,
1333 3238 1495 3313 petentibus

384 3333 576 3401 Praesulibus,
584 3335 727 3405 quaedam
740 3335 948 3389 declarationes
962 3346 990 3389 et
1003 3333 1223 3389 emendationes
1237 3332 1295 3401 158.
1309 3360 1343 3369 -
1360 3330 1416 3385 lllis
1430 3341 1495 3399 pro·

383 3422 573 3490 positionibus
585 3424 749 3493 importune
762 3424 792 3476 in
810 3424 911 3491 vulgus
925 3422 1019 3491 editis,
1032 3424 1172 3493 novisque
1185 3422 1253 3476 inde
1266 3420 1372 3475 exortis
1384 3426 1497 3474 contru-

383 3510 493 3576 versiis,
512 3509 690 3579 singulorum
710 3511 879 3565 Antistitum
895 3513 948 3566 hac
966 3512 1004 3565 de
1017 3528 1046 3565 re
1056 3511 1196 3581 judicium
1211 3508 1341 3563 Pontifex
1356 3499 1496 3577 quaesivit

387 3594 509 3663 158-159.
517 3596 650 3652 -Variis
659 3596 805 3666 responsis
814 3596 1081 3666 acceptis,declarat
1092 3596 1155 3651 illas
1164 3594 1412 3664 interpretationes
1421 3599 1497 3661 quae

383 3680 507 3749 delegati
521 3683 732 3752 propositiones
756 3684 785 3737 in
799 3702 916 3738 sensum
929 3685 1044 3737 trahunt
1058 3682 1183 3737 alienum
1197 3680 1378 3751 adisciplina
1388 3674 1495 3735 sancita

384 3768 411 3820 in
426 3770 537 3836 synodo
549 3772 760 3841 Baltimorensi,
768 3773 879 3827 alienas
892 3772 1009 3826 omnino
1022 3788 1087 3825 esse
1099 3788 1116 3825 a
1137 3781 1234 3826 mente
1245 3770 1377 3839 delegati,
1385 3776 1492 3822 necnon

382 3873 401 3910 a
413 3859 555 3911 sententia
569 3861 752 3929 Apostolicae
767 3860 850 3915 Sedis
867 3872 974 3931 ;atque
996 3859 1084 3914 fusius
1098 3858 1221 3927 explicat
1239 3859 1349 3912 illarum
1370 3848 1489 3927 proposi·

384 3947 494 4000 tionum
512 3946 742 4003 convenientiam
756 3949 950 4002 omnimodam
964 3964 1028 4001 cum
1046 3948 1180 4001 laudatae
1195 3946 1303 4016 Synodi
1321 3942 1465 4013 disciplina
1479 3953 1486 3999 i

384 4033 544 4105 iterumque
563 4036 690 4091 decernit
703 4037 844 4091 servanda
856 4053 891 4091 ea
903 4054 978 4107 quae
991 4036 1152 4105 insynodis
1169 4032 1424 4090 Baltimorensibus
1436 4036 1483 4081 sta·

384 4134 447 4178 tuta
466 4124 587 4191 fuerunt,
612 4136 641 4180 et
658 4142 847 4197 quaecunque
866 4127 921 4180 hac
942 4124 978 4180 de
1000 4143 1030 4180 re
1052 4142 1070 4178 a
1091 4124 1216 4179 romanis
1236 4121 1417 4177 Pontificibus
1428 4120 1480 4169 sunt

384 4213 561 4283 praescripta
576 4229 586 4267 1
593 4214 699 4283 59·160.
719 4244 754 4253 -
768 4216 871 4281 Sperat
886 4213 1037 4267 Praesules
1051 4212 1142 4281 magis
1156 4210 1185 4265 in
1199 4210 1261 4265 dies
1276 4206 1416 4277 Religioni
1427 4216 1475 4275 pru·

383 4301 493 4356 futuros
505 4314 533 4356 et
547 4302 729 4372 reipublicae,
742 4312 828 4372 atque
845 4300 1069 4356 controversiam
1083 4299 1196 4370 penitus
1209 4298 1366 4354 extinctum
1383 4292 1413 4349 iri
1423 4300 1472 4345 curt

385 4390 486 4443 etzelo
498 4388 717 4459 Archiepiscopi
732 4388 949 4443 Baltimorensis
966 4386 1089 4442 160-161.
