3117 4859
176 356 227 407 DE
245 353 466 405 DISCIPLINA
484 355 778 407 ECCLESIASTICA
799 356 840 405 IN
860 356 1073 409 HUNGARIA.
1138 361 1206 429 311

98 504 270 585 expleant,
286 522 388 585 quum
417 503 518 585 plane
544 504 767 567 certissimum
797 504 841 566 sit
868 503 1066 585 sanguinem
1095 506 1210 569 ovium
1300 519 1333 565 28

98 626 233 670 suarum
249 626 268 670 e
284 606 439 671 manibus
455 626 570 672 eorum
596 607 750 672 aludice
774 626 934 689 supremo
958 608 1138 689 repetitum
1162 610 1211 677 iri.
1274 577 1354 693 Isioi!

99 711 145 775 Et
159 730 233 773 cum
240 719 409 792 praecepto
423 710 538 775 divino
559 710 754 775 mandatum
769 711 817 773 sit
830 710 988 789 omuibus,
1003 710 1122 791 quibus
1137 713 1211 776 ani·
1236 742 1278 787 cp,-
1289 744 1372 804 impl„

98 835 229 878 morum
238 834 318 877 cura
333 814 504 878 commissa
518 824 575 891 est,
589 835 665 879 oves
675 835 755 879 suas
769 834 949 897 agnoscere,
958 825 1022 896 pro
1041 815 1094 878 his
1108 817 1209 880 soori-
1236 804 1390 909 zssffb'l'?

97 919 207 987 ficium
223 917 345 1001 offirre,
360 917 510 1001 verbique
524 918 638 983 divini
650 920 905 1001 praedieatione,
929 932 1210 986 sacramentorum
1233 923 1348 1028 efflantis,

95 1022 394 1099 administratione,
408 1044 448 1085 ao
461 1022 616 1087 bononem
627 1024 775 1088 omnium
785 1035 917 1107 operum
928 1026 1067 1108 exemplo
1072 1037 1211 1108 poscere,
1236 994 1279 1027 mu
1308 988 1389 1043 pm

89 1137 272 1209 pauperum
287 1125 494 1207 atiammque
510 1126 750 1191 miserabilium
770 1138 991 1210 personarum
1013 1150 1128 1193 cruram
1147 1140 1210 1211 pa·

97 1240 224 1294 ternam
233 1250 356 1311 gerere,
370 1239 403 1292 et
428 1230 463 1293 in
484 1240 587 1294 cetera
612 1232 729 1295 munia
745 1232 933 1313 pastoralia
961 1233 1144 1298 incumbere
1158 1234 1212 1316 (1),

96 1346 273 1418 propterea
309 1334 469 1416 Episcopi
491 1344 664 1416 opportune
691 1336 883 1418 importune,
909 1350 946 1401 ut
973 1348 1088 1402 monet
1117 1338 1211 1419 Apo·

96 1439 211 1515 stoluS,
228 1436 395 1501 instentut
406 1438 465 1502 viri
476 1437 693 1504 ecclesiastici
707 1441 739 1505 in
753 1461 834 1505 cura
845 1441 1033 1505 animarum
1046 1442 1212 1524 occupati,

97 1543 189 1607 nulla
212 1543 245 1606 in
274 1562 309 1606 re
332 1542 542 1625 negligentes
558 1552 592 1608 et
607 1543 767 1608 desidiosi
785 1546 1008 1610 inveniantur.
1027 1546 1159 1610 Instent
1176 1548 1210 1609 in

96 1666 189 1710 sacra
204 1646 396 1710 visitatione
412 1646 521 1711 aliave
542 1648 660 1729 quavis
687 1657 788 1730 capta
815 1651 1079 1731 opportunitate,
1096 1659 1132 1713 ut
1154 1669 1210 1714 cu·

97 1754 207 1816 riones
223 1769 436 1833 nequaquam
453 1750 679 1815 intermittant
696 1753 839 1835 propriis
855 1753 976 1817 ovibus
1000 1753 1127 1831 adesse,
1142 1755 1212 1816 sive

97 1855 356 1925 sacramentales
373 1854 600 1919 consessi0nes
623 1857 836 1939 excipiendo,
861 1857 931 1921 sive
958 1856 1108 1921 infirmos
1134 1856 1210 1919 visi·

97 1964 212 2041 tando,
227 1962 297 2025 sive
314 1958 522 2022 moribundis
545 1960 751 2037 adsistendo,
768 1962 838 2024 sive
862 1960 1065 2025 catechesim
1091 1962 1212 2042 imper-

96 2068 221 2143 tiendo,
259 2064 329 2128 sive
360 2062 573 2145 evangelium
605 2065 648 2127 ad
679 2074 817 2147 captum
849 2065 965 2148 populi
997 2065 1210 2146 explicando,

97 2172 165 2235 sive
181 2169 327 2251 denique
344 2166 491 2231 fidelium
509 2167 671 2251 pietatem
688 2168 869 2232 alliciendo
894 2167 1058 2233 canonica
1081 2168 1212 2249 piarum

97 2275 307 2342 Societatum
331 2290 369 2334 ac
391 2270 637 2336 Sodalitiorum
656 2272 869 2337 institutione
895 2272 946 2336 vel
975 2291 1142 2335 sacrarum
1167 2272 1213 2335 ie·

96 2381 283 2443 stivitatum
295 2375 529 2454 celebratione,
540 2377 764 2459 omnibusque
775 2375 943 2459 operibus,
955 2397 1041 2460 quae
1057 2375 1213 2459 religiosa

97 2484 222 2566 proprii
239 2481 385 2545 muneris
401 2480 538 2545 solertia
554 2480 712 2564 suggerit.
729 2482 775 2545 Et
803 2482 964 2564 quoniam
981 2482 1152 2545 nonnullis
1176 2482 1211 2546 in
1306 2500 1388 2545 arura

95 2588 177 2651 locis
194 2585 331 2670 parochi
348 2604 531 2668 eorumque
542 2584 574 2649 ln
591 2605 671 2648 cura
682 2584 871 2649 animarum
882 2586 1064 2663 adiutores,
1074 2586 1118 2648 ad
1130 2583 1210 2649 fide·
1233 2559 1388 2679 galim

97 2691 178 2756 lium
192 2690 420 2754 consessiones
436 2689 621 2753 audiendas
638 2698 773 2771 praesto
800 2710 874 2754 esse
900 2710 968 2752 non
992 2689 1132 2764 soleant,
1147 2688 1211 2754 nisi
1236 2679 1367 2785 ξιζξξῖζξ

96 2796 216 2871 vocati,
232 2793 318 2858 adeo
334 2804 380 2870 ut,
396 2794 485 2875 quod
499 2813 580 2857 sane
591 2795 775 2858 admodum
790 2794 975 2858 dolendum
988 2803 1048 2871 est,
1060 2792 1210 2875 plerique
1236 2797 1368 2845 aenomaus

93 2898 374 2983 parochianorum
405 2897 465 2961 vix
496 2917 645 2979 unquam
679 2908 777 2962 extra
809 2907 945 2979 tempus
976 2896 1135 2979 paschale
1166 2894 1209 2957 ad

94 3011 304 3067 sacramenta
334 3000 506 3078 accedant,
539 3001 699 3083 Episcopi
727 3022 773 3064 ex
804 3002 1006 3065 auctoritate
1038 3008 1142 3083 agant
1169 3009 1206 3066 ut

94 3106 241 3190 parochi,
268 3106 418 3168 maxime
444 3104 477 3167 in
506 3104 687 3168 maioribus
714 3103 1011 3180 sollemnitatibus,
1035 3103 1113 3166 licet
1142 3121 1208 3165 non

93 3210 212 3292 rogati,
229 3210 261 3272 in
277 3206 514 3272 confessionali
529 3228 565 3271 se
588 3208 709 3271 sistant
733 3218 937 3289 paratosque
963 3227 998 3269 se
1015 3205 1211 3281 exhibeant,

94 3316 199 3377 immo
216 3311 329 3376 fideles
347 3311 537 3394 frequentes
553 3311 777 3375 exhortentur
793 3320 830 3374 ut
846 3320 918 3375 tam
941 3312 1069 3374 eximia
1091 3309 1210 3373 salutis

94 3417 243 3481 subsidia
259 3436 300 3479 ne
317 3416 493 3498 negligant
507 3424 542 3480 et
558 3416 620 3480 rite
636 3415 832 3497 percipiant.
844 3414 984 3478 Assidui
997 3432 1133 3497 quoque
1142 3413 1210 3477 sint
1234 3422 1379 3493 usnemu·

94 3520 247 3582 curiones
264 3520 296 3583 in
315 3521 417 3584 verbo
432 3520 495 3584 Dei
509 3520 743 3602 praedicando.
757 3520 803 3584 Et
815 3538 930 3601 quum,
945 3526 983 3582 ut
999 3519 1047 3582 ait
1063 3517 1210 3601 Chryso·
1235 3482 1284 3587 22¹
1309 3482 1390 3593 ‚hiri

94 3633 232 3701 stomus,
261 3622 402 3705 exemplo
431 3624 576 3705 quinon
597 3622 776 3705 praedicat,
799 3623 909 3686 doctor
930 3622 1131 3687 miserabilis
1156 3623 1210 3701 sit,
1235 3602 1348 3719 {2¹22}ss

94 3726 238 3791 sollicite
254 3737 371 3791 curent
389 3728 549 3810 Episcopi
566 3737 604 3792 ut
628 3748 737 3791 mores
763 3729 977 3792 sacerdotum
1003 3726 1093 3810 plebi
1121 3726 1211 3791 fideli

93 3827 298 3894 offendiculo
315 3831 453 3895 minime
469 3832 545 3896 sint.
564 3830 701 3895 Frustra
716 3832 807 3895 enim
832 3852 852 3895 a
877 3830 1004 3913 populo
1020 3832 1110 3895 vitae
1125 3832 1209 3896 chri·

93 3936 224 3998 stianae
237 3935 412 4017 integritas
426 3936 636 4017 quaeritur,si
650 3936 683 4000 in
695 3936 767 3999 elus
779 3936 972 4019 pastoribus
981 3936 1088 3999 sancti
1100 3956 1209 3999 mores

95 4056 162 4101 non
180 4039 425 4119 resplendeant.
442 4037 555 4121 Quare
575 4038 704 4103 sortiter
720 4048 992 4122 constanterque,
1008 4047 1111 4121 quum
1124 4059 1210 4122 opus
1261 4054 1387 4124 eomun-

96 4138 205 4219 Iuerit,
236 4142 406 4208 Ordinarii
438 4152 652 4225 exequantur
677 4163 764 4225 quae
789 4164 810 4207 a
837 4145 939 4207 sacris
966 4144 1152 4207 canonibus
1177 4151 1212 4207 et
1235 4118 1379 4231 iiim.

98 4246 284 4310 maximea
312 4246 464 4311 Concilio
480 4246 679 4311 Tridentino
695 4247 738 4330 (²)
763 4247 850 4311 circa
874 4246 1069 4311 clericorum
1097 4247 1211 4311 incon·
1236 4233 1367 4339 mig?

129 4388 150 4422 1.
166 4376 235 4422 Cone.
249 4374 330 4429 Trid..
343 4388 401 4423 sess.
414 4384 526 4430 xx111,e.
542 4388 563 4430 1,
575 4376 604 4421 de
614 4375 710 4435 rrs‘ornr.
723 4400 753 4411 -
767 4390 790 4423 2.
804 4376 867 4423 Sese
881 4386 946 4430 xxii.
959 4390 980 4423 c.
996 4390 1032 4434 14.
1044 4376 1073 4423 de
1084 4376 1181 4436 repom.
