3117 4859
381 348 451 415 ¹14
504 347 688 399 nrrsrona
705 345 919 400 sucucurcn
940 332 962 363 ‘⁴
981 344 1145 397 uacuae
1164 344 1232 395 our
1251 344 1399 397 uarius,
1414 322 1429 347 ''

376 502 561 579 subveniet,
576 511 704 585 quanta
719 510 754 566 et
765 503 905 566 caritate
921 498 1045 565 reficiet
1057 509 1092 564 et
1107 500 1229 565 virtute
1245 498 1389 565 firmabit
1403 500 1410 565 l
1423 499 1472 563 Per

375 608 439 671 iter
450 606 616 684 euntibus,
628 606 744 671 divino
756 604 881 671 Christi
892 604 1056 689 sanguine
1065 613 1099 669 et
1112 604 1240 669 Mariae
1252 604 1394 669 lacrimis
1406 623 1471 668 coo·

375 723 552 791 secretum,
568 724 678 780 certus
687 714 750 779 erit
759 714 859 778 nobis
876 732 937 777 nec
949 712 1093 777 difficilis
1106 714 1220 777 exitus
1232 712 1276 777 ad
1292 712 1471 778 societatem

375 834 510 899 quoque
525 816 742 881 beatissimae
759 835 875 882 eorum
892 816 1019 900 gloriae
1042 816 1228 881 fruendam.

258 932 348 993 Qum·
421 920 515 1003 Ergo
531 919 711 985 Rosarium
741 920 871 985 Mariae
887 920 1045 1004 Virginis,
1061 920 1095 985 in
1112 940 1180 1003 quo
1198 929 1279 1003 apte
1294 920 1474 1003 utiliterque

231 995 349 1111 {mg
376 1023 543 1089 habentur
565 1024 744 1089 coniuncta
760 1035 794 1089 et
819 1024 944 1089 eximia
973 1004 1176 1107 precationis
1198 1023 1340 1089 formula
1356 1033 1388 1089 et
1413 1021 1474 1086 ido

196 1126 348 1204 aceram·
378 1147 477 1193 neum
493 1127 573 1193 fidei
582 1128 834 1194 conservandae
846 1129 1105 1193 instrumentum
1122 1139 1156 1194 et
1166 1128 1297 1211 insigne
1314 1128 1474 1211 specimen

196 1192 349 1317 insciis
376 1233 695 1315 perfectaevirtutis,
707 1235 848 1317 dignum
861 1233 961 1319 plane
977 1232 1129 1319 estquod
1146 1232 1215 1297 veri
1231 1233 1377 1297 nominis
1399 1230 1473 1295 chri·

194 1325 348 1452 ἱΐθῖξὲ
376 1339 494 1403 stianis
509 1341 553 1403 sit
565 1339 756 1422 frequenter
770 1338 804 1402 io
819 1338 974 1403 manibus
985 1338 1108 1422 piaque
1123 1337 1321 1401 recitatione
1334 1346 1367 1401 et
1379 1335 1473 1401 medi-

196 1405 349 1531 cfaeqFami-
377 1443 505 1507 tatione
533 1443 670 1508 colatur.
686 1481 729 1493 -
746 1442 842 1507 Haec
867 1452 980 1507 autem
1007 1441 1244 1507 commendata
1271 1439 1473 1523 singulariter

197 1522 350 1636 'mn-m
377 1544 531 1609 volumus
551 1546 582 1612 ei
601 1544 851 1625 consociatam,
879 1565 980 1627 quam
1003 1565 1109 1628 nuper
1139 1546 1241 1609 etiam
1273 1543 1474 1609 laudavimus

200 1667 289 1701 nomen
298 1652 339 1701 de·
376 1647 591 1731 legitimeque
616 1648 840 1731 probavimus,
855 1668 876 1711 a
901 1646 1007 1713 sacra
1031 1646 1181 1711 Familia
1207 1646 1419 1735 appellatam.
1441 1644 1473 1711 Si

197 1718 297 1768 lm·
376 1752 512 1834 quidem
528 1752 611 1815 rum
629 1751 753 1817 christi
770 1750 910 1816 Domini
928 1752 1134 1833 mysterium,
1160 1752 1251 1835 quoa
1275 1752 1379 1815 vitam
1395 1750 1473 1815 intra

375 1855 518 1937 parietes
554 1854 812 1920 Nazarethanae
845 1855 966 1917 domus
998 1856 1135 1921 tacitam
1174 1856 1394 1951 qbditamque
1425 1854 1477 1917 diu

374 1960 691 2043 transegerit,eidem
705 1958 956 2024 Consociationi
969 1958 1028 2022 dat
1039 1952 1256 2035 caussani,'ita
1267 1968 1303 2025 ut
1313 1959 1355 2023 ad
1369 1977 1476 2024 exem·

372 2064 446 2146 plar
462 2063 625 2127 Familiae
641 2062 874 2126 sanctissimae
897 2061 1058 2125 divinitus
1082 2065 1286 2129 constitutae
1302 2084 1375 2127 sese
1396 2062 1474 2128 chri-

372 2168 502 2231 stianae
518 2166 666 2231 familiae
681 2175 799 2230 curent
811 2164 930 2230 sedulo
945 2164 1165 2245 conformare,
1184 2168 1251 2232 iam
1267 2168 1338 2232 eius
1355 2166 1475 2250 perspi·

372 2290 435 2335 cua
451 2278 501 2335 est
525 2290 602 2334 cum
627 2269 771 2333 Rosario
787 2268 964 2352 singularis
992 2271 1158 2352 quaedam
1184 2270 1379 2336 coniunctio
1392 2293 1399 2349 ;
1414 2290 1477 2352 qua

373 2373 568 2455 praesertim
590 2372 711 2437 attinet
727 2373 769 2438 ad
788 2373 949 2455 mysteria
964 2374 1175 2456 gaudiorum,
1191 2374 1223 2437 in
1244 2394 1284 2437 eo
1312 2375 1387 2458 ipso
1402 2394 1477 2439 con·

371 2477 465 2541 clusa
484 2496 588 2561 quum
603 2478 705 2556 Iesus,
728 2488 805 2559 post
829 2476 1034 2541 declaratam
1065 2478 1099 2541 in
1127 2478 1256 2561 templo
1282 2478 1477 2561 sapientiam

372 2599 478 2657 suam,
492 2600 568 2645 cum
586 2580 696 2645 Maria
712 2590 746 2647 et
764 2580 910 2662 losepho
937 2580 1029 2645 venit
1042 2580 1215 2645 Nazareth
1231 2592 1263 2645 et
1277 2590 1350 2646 erat
1371 2581 1479 2647 subdi·

372 2692 426 2748 tus
447 2682 524 2759 illis,
555 2694 666 2749 cetera
689 2685 785 2767 quasi
810 2684 977 2748 instruens
1005 2686 1175 2767 mysteria,
1191 2705 1278 2770 quae
1304 2686 1478 2750 hominum

372 2788 559 2853 doctrinam
590 2798 624 2854 et
649 2789 916 2871 redemptionem
941 2788 1080 2871 propius
1104 2787 1282 2855 efficerent.
1299 2786 1411 2871 Quare
1434 2790 1479 2853 vi-

372 2887 475 2952 deant
488 2888 680 2953 Consociati
704 2907 822 2951 omnes
850 2907 951 2970 quam
979 2888 1022 2952 sit
1048 2908 1155 2966 suum,
1170 2888 1315 2953 cultores
1347 2886 1477 2952 Rosarii

372 3000 474 3074 atque
484 2992 586 3055 etiam
599 3001 840 3075 propagatores
857 3010 929 3054 sese
944 2991 1124 3074 diligentes
1140 2994 1307 3075 praebere.

239 3110 345 3186 canaa-
417 3095 590 3179 Quantum
607 3106 658 3159 est
681 3116 727 3159 ex
744 3094 863 3171 Nobis,
886 3102 959 3158 rata
986 3094 1148 3179 firmaque
1173 3095 1337 3161 habemus
1367 3114 1481 3158 sacrae

209 3177 344 3225 “²⁸²''dul'
371 3199 599 3283 indulgentiae
631 3220 778 3277 munera,
803 3200 1030 3283 superioribus
1054 3198 1152 3263 annis
1178 3218 1346 3276 concessa,
1362 3218 1477 3263 eorum

242 3242 343 3305 gentius

235 3306 344 3382 conada
370 3306 478 3387 gratia
500 3306 557 3387 qui
583 3304 756 3370 octobrem
789 3322 939 3368 mensem
966 3302 1029 3367 rite
1055 3304 1099 3367 ad
1125 3322 1164 3367 ea
1185 3302 1258 3385 ipsa
1275 3301 1482 3385 praescripta

215 3372 344 3485 simii
371 3411 519 3492 egerint:
535 3419 663 3472 vestrae
686 3417 809 3485 autem,
825 3406 1045 3471 Venerabiles
1062 3407 1205 3485 Fratres,
1229 3405 1422 3472 auctoritati
1447 3415 1478 3469 et

220 3502 345 3616 {2²:255}
369 3512 536 3575 sollertiae
557 3512 656 3577 valde
673 3512 860 3589 tribuimus,
876 3521 913 3576 ut
929 3520 1108 3595 paratque
1129 3521 1230 3575 antea
1254 3511 1286 3575 in
1304 3510 1478 3574 catholicis

214 3639 342 3681 uacarent
369 3616 525 3697 gentibus
553 3615 661 3681 caleat
684 3616 803 3699 religio
827 3624 861 3679 et
884 3615 1058 3679 contentio
1090 3628 1206 3683 sancta
1230 3618 1273 3682 ad
1296 3616 1481 3699 Virginem,

211 3697 343 3826 Vssgfffl
369 3718 635 3784 Christianorum
650 3720 871 3798 Adiutricem,
888 3719 1020 3787 Rosarii
1037 3739 1136 3802 prece
1159 3720 1344 3785 colendam.
1361 3756 1405 3767 -
1429 3720 1479 3783 At

186 3829 342 3891 periucun-
368 3842 455 3898 vero,
479 3823 568 3887 unde
593 3844 713 3889 exorsa
741 3836 791 3889 est
822 3823 1010 3888 cohortatio
1037 3822 1171 3902 Nostra,
1188 3824 1266 3888 inde
1298 3823 1408 3906 placet
1436 3824 1478 3886 ad

190 3900 230 3940 tea
238 3892 343 3956 seram
416 3928 424 3941 .
660 3929 668 3943 ,
895 3929 903 3943 ,

190 3959 324 4007 colendam.
368 3937 498 3991 exitum
514 3938 643 4011 pergat,
659 3939 779 3994 iterum
797 3938 1011 4012 apertiusque
1026 3929 1183 3993 testando
1207 3947 1307 4011 quem
1325 3926 1478 3992 fovemus

367 4050 447 4113 erga
464 4052 622 4116 magnam
641 4033 706 4099 Dei
719 4034 924 4099 Genitricern
941 4034 1091 4097 animum
1109 4044 1142 4098 et
1167 4040 1350 4098 memorem
1374 4031 1475 4096 bene-

223 4166 273 4213 p„
292 4166 341 4214 Ec·
367 4131 517 4199 ficiorum
548 4146 582 4201 et
605 4138 677 4220 spei
707 4136 844 4220 plenum
876 4137 1087 4202 laetissimae.
1104 4136 1273 4220 Suffragia
1304 4134 1477 4200 christiani

233 4232 308 4280 [Μία
319 4238 343 4279 ‘¹
366 4238 482 4321 populi
494 4240 537 4303 ad
550 4243 621 4305 eius
636 4260 711 4304 aras
727 4240 935 4323 pientissime
950 4240 1170 4323 supplicantis
1187 4260 1293 4323 aeque
1316 4256 1478 4321 rogamus

250 4303 299 4414 pro
317 4312 342 4345 π
368 4342 537 4408 Ecclesiae
550 4348 677 4422 caussa,
693 4355 762 4409 tam
780 4344 927 4409 adversis
948 4344 1214 4423 turbulentisque
1229 4346 1374 4411 iactatae
1390 4355 1476 4407 tem-
