3117 4859
90 1194 327 1273 ΜΘΝ
339 1194 405 1246 EST
414 1201 499 1263 opus
513 1180 619 1245 multa
632 1181 796 1245 disserere
806 1180 897 1263 apud
908 1199 977 1256 vos,
983 1186 1020 1243 ut
1031 1179 1198 1261 intelliga-
1263 1197 1328 1283 D1Erc

91 1275 113 1347 il
246 1272 332 1419 {tis
347 1284 570 1349 domesticum
587 1306 664 1349 cum
683 1284 836 1349 Ecclesia
851 1292 1033 1362 certamen,
1045 1284 1198 1365 quamvis
1264 1295 1336 1358 1891.

90 1350 113 1423 'l
138 1303 215 1465 N
287 1409 354 1453 non
368 1409 436 1454 uno
451 1408 583 1470 semper
595 1399 710 1453 tenore
725 1388 906 1453 violentiae
914 1396 1059 1471 geratur,
1067 1388 1197 1452 verissi·
1225 1408 1373 1459 ualerem.

90 1420 272 1571 &marg
289 1514 343 1560 me
354 1505 469 1559 tamen
482 1494 599 1557 indies
611 1494 849 1575 ingravescere.
861 1492 939 1556 Plus
952 1494 1057 1557 nimio
1069 1493 1197 1556 italica·
1224 1473 1374 1589 {farm

90 1620 158 1665 rum
173 1619 286 1665 rerum
304 1618 409 1681 perse
426 1598 574 1681 loquitur
585 1617 710 1663 cursus.
721 1634 765 1645 —
776 1597 945 1661 Videlicet
958 1598 1079 1679 premit
1095 1606 1197 1680 atque
1223 1606 1336 1655 Ecclesia

91 1716 179 1785 urget
212 1702 370 1767 vecordia
396 1702 555 1785 pertinax
587 1701 809 1780 inimicorum,
832 1700 955 1785 quibus
979 1702 1196 1765 circumventi
1223 1679 1373 1786 mm

90 1826 221 1871 sumus:
246 1805 305 1889 qui
332 1814 404 1870 arte
416 1804 533 1869 confisi
549 1805 685 1889 dispari,
711 1805 833 1889 partim
859 1804 994 1887 quidem
1020 1804 1195 1888 propalam
1218 1817 1370 1917 {ravenna

89 1922 184 1993 atque
200 1909 322 1975 acerbe
344 1918 547 1992 grassantur,
574 1907 630 1972 alii
655 1928 714 1992 per
738 1907 908 1973 occultum
935 1917 969 1972 et
993 1907 1027 1970 in
1051 1908 1195 1989 speciem
1223 1869 1374 1999 amala.

89 2014 198 2078 lenius.
220 2012 337 2077 Unum
353 2032 461 2095 genus
477 2021 529 2076 est
541 2030 667 2090 eorum,
683 2012 739 2096 qui
752 2011 920 2075 insensum
937 2010 1088 2074 animum
1102 2010 1197 2073 dissi·
1219 1999 1308 2064 palam
1309 1999 1375 2112 ,{¹”·

89 2117 212 2183 mulare
244 2117 330 2181 adeo
355 2134 421 2179 non
447 2125 575 2194 curant,
601 2124 639 2179 ut
664 2116 777 2200 potius
804 2134 884 2199 prae
911 2133 948 2178 se
963 2114 1091 2178 serant:
1107 2112 1197 2195 iique
1217 2072 1348 2192 {limpar'

87 2222 184 2303 vulgo
200 2222 378 2299 iactantes,
389 2220 524 2285 hostilia
541 2218 711 2302 quaelibet
734 2222 894 2283 adversus
921 2216 1119 2285 Pontificem
1145 2237 1195 2281 ro·
1221 2195 1352 2245 occultum.

86 2344 232 2401 manum,
258 2332 295 2388 ut
327 2325 485 2387 adversus
509 2323 654 2400 hostem,
677 2323 844 2399 audenda,
871 2342 974 2386 novas
1000 2320 1195 2385 iniuriarum

85 2448 216 2497 caussas
230 2431 380 2516 quotidie
392 2432 585 2514 exquirunt,
596 2451 635 2496 ac
648 2431 740 2494 velut
756 2439 875 2514 aperto
887 2430 1015 2511 praelio
1024 2429 1196 2496 dimicant.

84 2531 281 2599 Remotiora
297 2554 339 2597 ne
355 2544 556 2616 repetamus,
574 2553 689 2597 recens
705 2545 757 2598 est
774 2552 889 2597 earum
903 2531 1065 2596 memoria
1078 2551 1198 2608 rerum,
1252 2540 1372 2588 Admen-

315 2638 324 2653 .
432 2639 440 2653 .
529 2639 538 2653 .
669 2638 677 2653 .
958 2638 966 2653 .
1222 2611 1374 2654 tenerevocat

84 2658 163 2719 quas
179 2637 324 2705 Octobrr
341 2658 500 2721 proximo
528 2658 561 2701 rn
590 2638 695 2703 oculrs
723 2658 829 2722 prope
851 2637 986 2702 Nostrrs
1013 2646 1197 2718 patravere.
1217 2669 1362 2735 mm„

85 2740 253 2807 Nimirum
270 2762 346 2806 cum
371 2752 442 2807 tam
468 2740 656 2806 luculentas
680 2742 943 2826 significationes
969 2752 1086 2805 tantae
1111 2741 1196 2806 mul·
1222 2735 1365 2863 {Jngfs‘g

83 2848 237 2911 titudinis
250 2846 431 2930 asperrime
444 2856 648 2929 paterentur,
659 2848 811 2931 adeoque
823 2846 1018 2929 perturbare
1030 2865 1087 2908 eas
1103 2845 1196 2909 omni
1223 2867 1310 2915 ruam
1332 2866 1372 2914 in·

84 2951 277 3016 conditione
292 2951 526 3027 decrevissent,
543 2948 690 3013 effudere
713 2949 785 3013 sine
809 2948 974 3014 modestia
1001 2948 1073 3010 sine
1094 2946 1196 3011 modo
1214 2933 1373 3063 {ffiff

84 3052 172 3133 quod
188 3052 360 3118 habebant
375 3053 526 3117 clausum
544 3054 577 3116 in
595 3062 742 3136 pectore:
759 3052 805 3115 nil
822 3052 918 3116 veriti
928 3050 1112 3134 exagitare,
1124 3051 1195 3114 sine
1221 3080 1278 3142 ”tm
1289 3062 1371 3139 cams-

85 3154 169 3219 iusta
198 3176 326 3237 caussa,
352 3158 510 3223 atrociter
534 3157 632 3222 dictis
649 3157 812 3240 factisque
842 3154 997 3221 homines
1027 3155 1195 3231 innoxios,
1220 3146 1267 3245 223}
1278 3144 1374 3258 W,

84 3260 209 3340 pietate
227 3279 296 3353 uoq
311 3260 463 3325 civilibus
478 3260 599 3325 studiis
614 3280 752 3343 peregre
768 3260 947 3324 advectos:
971 3260 1120 3341 itemque
1148 3257 1193 3320 la·
1213 3260 1352 3377 {2222ss-

85 3382 222 3440 cessere,
236 3362 346 3427 Roma
358 3374 454 3443 teste,
471 3362 677 3443 Pontificem,
695 3364 803 3429 mistis
818 3364 906 3427 inter
921 3362 1072 3427 convicia
1087 3380 1195 3426 mrnrs.
1222 3391 1343 3456 mn„

86 3464 183 3531 Nunc
201 3468 369 3551 progressi
379 3468 521 3551 longius,
531 3468 619 3533 ciere
634 3466 1112 3551 scriptisconcionibus,Italia
1123 3469 1196 3531 tota
1221 3455 1375 3588 &221⁸ss

86 3571 345 3647 multitudinem,
370 3571 509 3636 connixi
537 3592 596 3655 per
612 3570 772 3655 suffragia
787 3570 964 3654 popularia
990 3571 1195 3634 evincerent
1221 3596 1252 3640 ut
1273 3586 1373 3638 christi

84 3684 204 3755 agatur
220 3694 295 3739 cum
314 3676 403 3740 lusu
420 3674 479 3741 CH
506 3690 580 3742 18T1
597 3676 735 3742 Vicario
751 3676 877 3752 durius,
889 3695 950 3739 nec
963 3674 1038 3757 plus
1051 3674 1081 3737 ei
1098 3675 1195 3739 relin·
1220 3653 1375 3785 mm

86 3786 207 3858 quatur
223 3777 310 3857 iuris,
325 3798 465 3863 quamq
491 3790 608 3845 antum
625 3780 757 3862 privato
781 3779 919 3843 cuilibet
938 3776 1012 3861 lege
1027 3778 1195 3844 tribuitur.
1221 3803 1299 3852 quam
1316 3784 1372 3859 pp]-

86 3880 207 3963 Neque
224 3890 335 3947 tamen
352 3884 381 3947 is
396 3902 499 3966 prave
514 3892 709 3966 coeptorum
726 3883 858 3948 futurus
886 3882 982 3946 finis:
1007 3902 1043 3945 se
1069 3882 1195 3964 quippe
1221 3849 1372 3980 ffissssl*

85 3983 168 4047 velle
197 3984 344 4050 fatentur
370 3985 604 4068 pontificatum
631 3988 742 4071 ipsum
769 3986 942 4071 perimere,
966 3984 1133 4068 huiusque
1149 3986 1195 4049 rei
1219 3983 1325 4099 w}

86 4088 206 4152 caussa
222 4108 433 4173 nequaquam
450 4101 669 4168 recusaturos,
680 4092 707 4155 si
723 4091 861 4176 quando
877 4088 1019 4157 facultas
1032 4090 1197 4168 inciderit,
1221 4115 1272 4166 ,·„„
1279 4121 1372 4177 m.

88 4191 128 4254 ad
144 4191 216 4255 vim
232 4192 443 4257 descendere.
454 4232 497 4243 -
513 4196 557 4259 Id¹
570 4195 708 4279 quidem
726 4194 838 4278 palam
867 4212 935 4258 non
963 4194 1090 4256 audent
1118 4212 1195 4275 pars
1222 4180 1333 4311 gfff
1346 4242 1376 4291 m·

89 4290 192 4357 altera
210 4294 439 4360 inimicorum:
463 4296 660 4381 quinetiam
678 4297 846 4362 exercitas
861 4315 938 4361 cum
956 4295 1108 4360 Ecclesia
1134 4292 1194 4357 ini·
1222 4312 1345 4368 alhibita,

92 4396 235 4461 micitias
249 4396 359 4462 verbis
374 4406 503 4480 tegunt,
513 4411 570 4466 aut
585 4401 738 4483 quaesita
753 4401 973 4463 excusatione
998 4396 1194 4461 defendunt.
1215 4379 1370 4443 mm·
