3117 4859
116 1131 434 1432 ῼΜὲῑίκῐετῐ
468 1129 620 1207 Domini,
644 1129 886 1214 Redemptoris
920 1131 1061 1195 humani
1089 1131 1231 1214 generis,
1316 1143 1348 1190 2⁶

117 1188 277 1450 {U
325 1232 473 1296 auctoris
485 1235 799 1316 conservatorisque
813 1233 999 1312 Ecclesiae,
1010 1235 1146 1300 assidue
1159 1236 1232 1302 Nos
1293 1203 1368 1320 fag?

326 1343 360 1399 et
372 1336 548 1400 caritatem
569 1335 718 1402 divinam
742 1337 864 1402 intueri
881 1347 915 1403 et
935 1337 1080 1402 salutare
1111 1359 1230 1421 prove·
1303 1372 1407 1418 cmm

117 1433 304 1510 amit
326 1440 405 1503 here
417 1460 504 1522 opus
519 1460 581 1522 pro
599 1441 746 1505 muneris
763 1441 881 1505 Nostri
897 1442 1080 1507 sanctitate
1091 1452 1229 1507 conten·
1254 1432 1408 1536 ffifffm

116 1546 235 1611 dimus.
246 1543 468 1626 Gratiaruque
483 1545 513 1607 ei
531 1544 694 1608 debemus
708 1543 890 1628 plurimam
916 1553 1020 1628 atque
1042 1566 1088 1609 ex
1114 1546 1229 1610 animo
1254 1554 1408 1668 mxu&

116 1648 422 1732 profitemur‚quod
441 1647 550 1712 Nobis
566 1649 599 1711 in
616 1669 673 1712 eas
688 1649 964 1713 incumbentibus
981 1670 1077 1715 curas
1087 1653 1228 1734 quaead
1254 1669 1327 1713 laetos
1341 1669 1410 1740 gaer<

116 1774 239 1817 nomen
256 1751 460 1818 catholicum
477 1753 547 1817 sive
557 1751 769 1819 inserendum
786 1753 1058 1818 reducendumve
1071 1755 1105 1818 in
1117 1775 1224 1839 popu·
1246 1740 1409 1846 s'sswm

116 1858 165 1922 los
181 1857 253 1922 sive
268 1855 510 1922 stabiliendum
529 1858 561 1920 in
589 1855 653 1921 illis
670 1857 934 1941 augendumque
950 1857 1143 1937 attinerent,
1159 1860 1228 1923 suis

114 1963 187 2044 ipse
202 1960 359 2045 auspiciis
376 1961 612 2045 praesentique
629 1981 695 2042 ope
710 1972 783 2026 tam
810 1962 978 2044 benignus
995 1962 1151 2029 adsuerit.
1165 1963 1229 2028 Cui

117 2067 220 2130 etiam
237 2073 415 2147 acceptum
432 2065 593 2147 singulari
620 2066 724 2130 modo
750 2065 936 2142 referimus,
951 2067 1118 2148 quasdam
1134 2067 1229 2131 bien·

118 2171 176 2233 nio
206 2168 365 2251 proximo
391 2168 523 2233 oblatas
547 2188 622 2232 esse
652 2179 844 2253 temporum
861 2169 1089 2246 maturitates,
1103 2170 1226 2253 quibus

115 2274 270 2339 instituta
285 2273 442 2338 catholici
459 2274 606 2338 nominis
622 2275 830 2338 incrementa
847 2274 979 2338 licuerit
993 2272 1101 2338 Nobis
1116 2275 1230 2339 studio

115 2378 318 2460 impensiore
333 2386 435 2460 atque
451 2397 554 2460 opera
570 2379 735 2462 persequi.
754 2378 990 2443 Providentiae
1002 2386 1116 2443 autem
1127 2378 1228 2444 ratio·
1257 2463 1259 2468 Α

115 2503 174 2546 nes
189 2502 275 2565 quas
290 2483 324 2545 in
340 2501 416 2545 eam
433 2501 503 2544 rem
520 2481 680 2546 adhibere
696 2482 805 2547 visum
823 2490 885 2561 est,
908 2482 999 2546 datis
1028 2485 1227 2564 praesertim

114 2607 181 2670 qua
201 2586 354 2650 universe
370 2605 438 2668 qua
453 2586 649 2669 singillatim
667 2587 819 2669 epistolis
836 2587 1043 2670 apostolicis,
1063 2587 1153 2652 haud
1171 2608 1227 2651 va·

114 2710 197 2754 cuae
220 2710 302 2754 sane
329 2689 448 2768 fructu,
474 2690 590 2755 divina
617 2689 752 2756 fovente
776 2693 896 2775 gratia,
910 2701 1104 2757 cesserunt:
1125 2702 1228 2775 atque

114 2796 200 2858 adeo
216 2793 289 2858 Nos
305 2794 462 2858 eumdem
491 2795 685 2859 insistentes
709 2816 854 2874 cursum,
875 2796 1050 2861 laetiorem
1077 2796 1228 2879 quotidie

111 2908 267 2963 votorum
284 2907 443 2963 eventum
460 2896 578 2963 fidenti
597 2900 805 2982 cogitatione
815 2901 1050 2984 prospicimus.
1067 2937 1111 2950 -
1125 2901 1158 2964 N
1162 2919 1227 2964 unc
1277 2939 1404 2994 cmm„

112 3000 200 3066 inter
210 3012 337 3067 ceteras
355 3002 527 3066 nationem
544 3011 647 3085 atque
663 3003 839 3068 ecclesiam
856 3003 1047 3086 Coptorum
1058 3003 1226 3086 complec·
1251 2999 1393 3105 §2222

111 3106 448 3189 timurperamanter‚
459 3106 734 3189 destinatumque
746 3106 1112 3188 habemuspeculiaria
1123 3125 1225 3188 quae.
1252 3131 1313 3170 mus.

46 3203 54 3214 '
112 3210 190 3273 dam
207 3210 240 3273 in
257 3212 328 3273 eius
344 3210 471 3274 bonum
488 3219 522 3274 et
538 3220 775 3276 ornamentum
793 3231 838 3274 ex
854 3210 1045 3293 apostolica
1058 3219 1227 3292 potestate

112 3313 299 3378 decernere.

155 3417 333 3500 Copticam
349 3428 486 3501 gentem
505 3417 621 3499 paucis
648 3428 728 3482 ante
755 3419 928 3483 mensibus
953 3416 1092 3482 allocuti
1109 3437 1225 3482 sumus
1249 3436 1372 3494 nuperau

111 3521 254 3604 epistola
270 3524 415 3604 propria,
430 3532 464 3586 et
489 3531 603 3586 vetera
630 3521 791 3586 ecclesiae
818 3522 1080 3586 Alexandrinae
1107 3541 1224 3586 monu·
1250 3494 1406 3600 wem

111 3634 226 3690 menta
241 3626 543 3689 commemorando
559 3626 785 3690 excitavimus
799 3647 807 3706 ;
823 3627 925 3710 idque
935 3625 1063 3707 duplici
1074 3625 1216 3689 consilio
1251 3613 1397 3659 ’ΜΝ

1218 3677 1226 3704 ’
1249 3677 1273 3717 et
1286 3672 1405 3718 dissidan-
1454 3702 1459 3710 ·

111 3740 148 3794 ut
164 3729 322 3794 nimirum
339 3749 383 3792 ex
400 3730 638 3794 benevolentia
653 3739 755 3813 atque
770 3730 964 3795 hortatione
982 3729 1108 3794 Nostra
1120 3749 1224 3813 quum
1249 3732 1390 3837 κονά-

110 3833 265 3898 catholici
282 3833 562 3897 confirmarentur
578 3833 611 3897 in
630 3833 869 3899 coniunctione
889 3843 923 3898 et
939 3831 1006 3897 fide
1022 3853 1103 3916 erga
1129 3833 1225 3915 Apo·
1307 3826 1314 3839 ’

110 3936 263 4002 stolicam
282 3937 417 4013 Sedem‚
433 3947 506 4002 tum
523 3957 603 4002 vero
630 3938 834 4003 dissidentes
851 3940 894 4002 ad
911 3938 1068 4002 eamdem
1086 3937 1226 4002 coniun-

110 4041 255 4106 ctionem
273 4041 494 4106 invitarentur
511 4041 740 4126 quaerendam
757 4052 791 4108 et
807 4041 1051 4107 renovandam.
1071 4041 1226 4125 Utraque

111 4165 156 4210 ex
173 4156 267 4228 parte
284 4144 347 4208 suit
363 4145 472 4210 Nobis
489 4146 580 4228 quod
602 4165 801 4228 caperemus
827 4156 1012 4228 conceptae
1040 4147 1113 4228 spei
1139 4146 1225 4210 sola·

112 4249 205 4312 tium.
222 4248 389 4314 Catholici
405 4250 438 4312 in
456 4250 581 4332 primis,
598 4258 635 4314 ut
651 4269 798 4333 aequum
815 4261 896 4330 erat,
912 4249 1103 4315 maximum
1115 4249 1225 4313 Nobis
1284 4313 1290 4323 ,
1324 4254 1404 4300 Missa

114 4352 312 4437 obsequium
329 4373 368 4418 ac
378 4355 539 4435 pietatem
557 4353 591 4418 in
609 4373 736 4419 morem
747 4353 892 4419 filiorum
903 4353 1020 4419 testati
1032 4353 1224 4430 sunt‚iidem
1250 4313 1361 4432 {wa
