3117 4859
363 367 428 434 142
519 369 700 421 smsroun
730 358 749 386 ‘¹
770 371 950 422 rusronrss
978 373 1055 424 oso
1081 374 1271 426 suasano.
1295 355 1314 382 ‘’

183 527 329 598 prtnrrpm,
358 504 617 591 dedicatumque
643 509 758 586 voluit,
779 510 864 575 inita
885 520 938 576 est
953 511 1039 576 inter
1054 531 1214 580 romanos
1230 514 1412 579 Pontifices
1435 529 1470 580 et

198 587 333 694 {wig
357 627 451 692 reges
467 611 698 696 populumque
723 613 922 696 Hungariae
936 614 994 679 illa
1008 616 1196 680 studiorum
1211 617 1470 703 officiorumque

175 707 331 812 ijz‘gf
355 713 560 792 vicissitudo,
584 736 672 800 quae
697 737 717 782 a
743 715 852 783 Nobis
881 719 965 783 alias
994 727 1046 784 est
1075 719 1277 788 collaudata
1303 723 1470 788 Eiusdem

174 825 331 872 tissime
355 817 600 885 coniunctionis
624 830 792 886 sacratum
817 821 914 905 quasi
936 822 1108 888 vinculum
1135 825 1179 888 ad
1203 828 1469 908 perpetuitatem

170 892 332 1003 praeriis?
355 919 418 987 luit
432 942 556 987 corona
574 925 674 1008 regia,
693 923 819 990 Christi
835 925 1025 991 Servatoris
1040 936 1074 991 et
1091 927 1339 1009 Apostolorum
1363 932 1469 996 iconi-

353 1025 416 1090 bus
431 1027 599 1104 distincta,
614 1048 716 1111 quam
742 1027 920 1113 Stephano
934 1028 1096 1096 Silvestcr
1114 1033 1147 1096 ll
1165 1033 1322 1097 decessor
1339 1035 1467 1099 Noster

350 1130 442 1194 dono
459 1131 558 1208 misit,
568 1151 672 1216 quum
684 1135 812 1216 regium
825 1134 856 1196 ei
872 1135 1026 1199 attribuit
1042 1155 1178 1214 nomen,
1192 1138 1282 1219 quod
1300 1141 1391 1222 apud
1406 1160 1466 1203 vos

352 1232 480 1298 Christi
491 1234 598 1320 fidem
621 1236 714 1319 longe
736 1237 866 1320 lateque
887 1239 1062 1323 diffiderit
1082 1239 1135 1324 (¹).
1160 1240 1249 1307 Illud
1272 1252 1389 1308 autem
1417 1254 1468 1307 est

348 1349 614 1404 commemoratu
628 1341 779 1423 dignum,
791 1343 882 1424 quod
894 1343 995 1407 simul
1006 1335 1248 1428 Hungarorrssr
1260 1347 1467 1429 comprobat

349 1445 382 1508 in
410 1444 575 1526 obsequio
601 1445 689 1509 Petri
712 1446 949 1524 constantiam,
976 1457 1012 1511 ut
1037 1448 1165 1513 scilicet
1191 1449 1311 1513 eadem
1337 1471 1466 1515 corona

349 1549 458 1612 varias
495 1567 681 1630 gravesque
710 1559 904 1632 temporum
944 1551 1108 1634 procellas
1147 1554 1241 1617 salva
1277 1554 1466 1638 pertulerit,

349 1650 491 1734 pristino
508 1649 638 1733 fulgens
650 1652 788 1732 honore,
803 1653 943 1735 perinde
957 1674 1091 1736 semper
1105 1651 1223 1719 habita
1239 1656 1463 1740 religioseque

348 1755 517 1819 custodita
533 1765 708 1838 tamquam
724 1757 820 1840 regni
835 1756 938 1822 decus
954 1759 1144 1825 maximum
1160 1769 1196 1826 et
1210 1762 1427 1842 praesidium.

235 1891 327 1938 M„
394 1857 571 1924 Eiusmodi
588 1859 747 1943 auspiciis
770 1859 897 1926 iactum
920 1871 980 1942 est,
994 1872 1034 1926 ut
1048 1882 1201 1928 crescens
1221 1865 1347 1948 opibus
1366 1865 1461 1930 Hun-

206 1952 324 2020 P0’2t's‘x
348 1963 442 2045 garia
466 1965 602 2028 easdem
631 1965 781 2048 ingressa
806 1967 850 2031 sit
876 1967 948 2032 vias
975 1968 1097 2050 quibus
1124 1968 1241 2053 populi
1257 1971 1460 2035 incedebant

184 2024 219 2054 eos
229 2024 272 2069 qur
283 2024 323 2056 ru·

182 2075 326 2189 :2332
348 2068 549 2133 christianae
566 2067 724 2153 Europae
740 2069 973 2149 adolescentis,
984 2080 1018 2135 et
1034 2074 1208 2155 proprium
1224 2075 1359 2156 generis
1371 2075 1458 2156 inge-

145 2239 153 2254 Ι,
184 2189 323 2259 suturam
349 2173 452 2250 nium,
466 2172 615 2238 validum
643 2183 870 2257 erectumque,
895 2195 937 2239 eo
961 2174 1090 2240 felicius
1114 2178 1159 2242 ad
1174 2197 1312 2240 omnem
1328 2179 1459 2241 virtutis

167 2249 322 2353 '‘72²3ssssss
347 2276 635 2362 humanitatisque
659 2277 828 2360 appulerit
851 2278 995 2344 laudem.
1022 2280 1115 2357 Inde,
1132 2293 1265 2362 practer
1280 2283 1457 2345 commoda

182 2367 322 2484 ’ᾕξξὲαζῗ
346 2391 381 2446 et
414 2393 614 2446 ornamenta
643 2392 763 2459 cetera,
793 2381 884 2446 haud
914 2385 1060 2465 exiguus
1091 2385 1246 2467 provenit
1280 2383 1455 2450 homiuum

164 2486 319 2590 mcsst‘ti'm'
345 2505 513 2562 numerus,
543 2487 601 2569 qui
632 2487 813 2550 sanctitate
842 2486 941 2563 vitae,
966 2486 1129 2564 doctrina,
1159 2488 1291 2567 litteris,
1322 2489 1458 2562 artibus,

342 2592 445 2674 gestis
466 2590 669 2668 muneribus,
689 2589 894 2677 semetipsos
908 2601 942 2656 et
959 2591 1102 2674 patriam
1121 2593 1295 2658 verissime
1312 2594 1455 2658 illustra·

341 2707 426 2762 runt
438 2695 609 2779 —Atque
623 2714 693 2758 rem
711 2714 793 2758 sane
809 2696 974 2777 optimam
991 2696 1014 2758 ii
1031 2696 1223 2774 moliuntur,
1239 2698 1308 2781 qui,
1324 2707 1361 2761 ut
1377 2698 1455 2761 alla·

340 2810 411 2866 tum
431 2811 491 2878 est,
515 2801 634 2865 talium
660 2800 831 2881 religionis
856 2793 1121 2882 promeritorum¹
1132 2802 1293 2868 selectam
1312 2804 1456 2883 copiam,

340 2905 566 2969 monumentis
593 2925 638 2968 ex
665 2903 835 2968 oblivione
859 2915 894 2970 et
909 2906 1044 2970 silentio
1058 2907 1200 2983 eductis,
1215 2907 1248 2970 in
1266 2906 1378 2972 lucem
1396 2927 1454 2990 per

337 3011 514 3075 sollemnia
530 3011 603 3091 ipsa
619 3009 855 3093 proferendam
871 3012 1044 3095 oculisque
1063 3013 1308 3095 exponendam
1326 3022 1454 3077 curant

339 3115 441 3179 Porro
469 3124 688 3178 monumenta
714 3112 909 3195 litterarum,
924 3135 1028 3197 quum
1046 3127 1167 3192 vestra,
1184 3127 1256 3180 tum
1273 3136 1315 3179 ea
1329 3117 1455 3198 quibus

336 3219 523 3301 apostolica
539 3217 665 3281 Nostra
682 3217 848 3281 tabularia
863 3218 1048 3294 abundant,
1070 3238 1204 3283 summa
1227 3220 1452 3283 consensione

335 3323 418 3387 illud
431 3333 598 3388 testantur
613 3323 705 3403 quod
722 3322 898 3404 permagni
912 3323 1060 3400 interest,
1072 3323 1270 3404 praesertim
1283 3324 1350 3388 hoc
1365 3332 1452 3386 tem·

335 3448 424 3510 pore,
435 3435 597 3508 reputare.
608 3425 777 3489 Videlicet
790 3425 906 3507 quales
920 3425 1041 3490 luerint
1054 3428 1145 3508 apud
1163 3428 1308 3490 maiores
1321 3438 1450 3491 vestros

335 3531 507 3595 Ecclesiae
535 3540 648 3612 partes
678 3528 711 3593 in
743 3529 814 3592 iure
844 3529 980 3611 publico
1007 3531 1077 3594 sive
1107 3531 1349 3595 constituendo
1379 3532 1447 3594 sive

334 3635 621 3699 administrando:
645 3635 716 3697 eius
747 3643 839 3698 certe
870 3634 1047 3715 sapientia,
1073 3635 1265 3716 disciplina,
1295 3635 1447 3717 aequitas

333 3740 463 3804 cunctis
485 3738 660 3802 ordinibus
692 3736 932 3815 libentissimis,
963 3759 1206 3822 usquequaque
1236 3737 1381 3802 influxit
1403 3773 1445 3785 -

198 3863 309 3910 Ostendat
334 3843 450 3909 Civilis
462 3853 635 3925 praeterea
651 3841 827 3918 libertatis,
841 3862 900 3922 pro
912 3861 979 3924 qua
992 3842 1137 3925 populus
1147 3851 1258 3906 vester
1274 3859 1441 3924 nunquam

153 3926 308 4039 μηῖξῇζῖἷζῗ
333 3947 463 4011 destitit
479 3965 700 4028 propugnare,
717 3942 896 4006 Pontifices
925 3945 1053 4006 romani
1079 3929 1208 4009 tutores
1230 3944 1442 4024 vindicesque

156 4045 307 4149 mssjljo‘sljs'jj
332 4070 377 4127 se,
392 4051 630 4133 quodcumque
646 4048 702 4111 illa
719 4048 751 4110 in
770 4046 954 4129 periculum
981 4068 1020 4110 ac
1041 4047 1221 4112 discrimen
1250 4058 1369 4112 vocata
1382 4057 1439 4119 est,

177 4159 307 4220 Pompam
332 4153 384 4218 vel
402 4155 509 4235 rogati
532 4153 585 4216 vel
607 4152 694 4216 ultro
718 4151 955 4232 praebuerunt.
982 4152 1021 4215 ld
1043 4153 1179 4234 saepius
1203 4153 1285 4216 olim
1301 4148 1437 4224 accidit3

155 4231 272 4274 '‘mm‘'
332 4267 412 4318 tunc
439 4257 471 4317 in
497 4255 614 4335 primis
641 4275 743 4335 quum
772 4255 919 4334 impetus
940 4257 1178 4320 acerrimorum
1204 4255 1282 4319 fidei
1306 4261 1435 4317 sanctae

363 4386 382 4418 1.
396 4372 507 4418 Clemens
518 4356 626 4417 mlii?
634 4374 667 4418 u.
681 4374 705 4418 tn
715 4375 784 4419 aloc.
799 4375 830 4418 sc
839 4375 884 4431 qur
894 4375 1012 4427 militari,
1025 4379 1064 4420 me
1076 4390 1086 4420 t
1099 4384 1146 4420 oet.
1158 4389 1198 4421 an.
1210 4384 1359 4422 nocemur.
