3117 4859
368 329 417 398 90
537 332 719 384 aprsroun
747 333 959 384 nncvcmcn
988 319 1008 348 ‘⁸
1028 331 1281 384 coturnicem.
1303 311 1323 338 ’'

367 471 490 548 pariter
505 471 713 544 administra,
736 474 900 552 permissa
927 475 957 536 ei
973 493 1082 554 paene
1100 473 1265 536 immensa
1291 482 1471 554 potestate.

191 559 338 666 ⁰⁸33,
368 573 458 638 Hinc
471 588 559 640 recte
575 577 759 640 admodum
776 577 819 640 ad
838 575 993 652 Mariam,
1008 577 1100 641 velut
1116 577 1232 640 nativo
1248 577 1399 658 quodam
1412 578 1473 641 im·

192 677 339 748 ‘liliati'
364 679 462 761 pulsu
487 680 663 756 adductae,
690 679 824 744 animae
854 679 1058 744 christianae
1082 681 1258 758 feruntur;
1288 700 1367 744 cum
1399 680 1472 763 ipsa

187 751 338 857 millo
365 781 507 847 fidenter
518 782 658 847 consilia
673 793 708 847 et
719 803 833 866 opera,
847 803 991 867 angores
1006 794 1041 848 et
1056 783 1181 867 gaudia
1197 785 1453 849 communicant
1466 804 1474 860 ;

203 858 288 962 ’ἲῖ
281 857 338 974 {122
363 907 529 971 curaeque
556 907 595 950 ac
616 887 761 951 bonitati
777 887 849 952 eius
865 908 902 951 se
927 908 1055 971 suaque
1079 888 1196 952 omnia
1217 887 1363 952 filiorum
1381 907 1474 951 more

187 975 290 1022 Mam*
362 992 611 1058 commendant.
630 992 720 1056 Hinc
745 991 931 1056 rectissime
946 992 1061 1056 delata
1075 992 1106 1056 ei
1123 994 1156 1056 in
1173 992 1267 1056 omni
1282 1001 1386 1074 gente
1401 1011 1471 1054 om-

363 1094 464 1179 nique
476 1097 540 1161 ritu
553 1097 668 1178 ampla
677 1097 868 1178 praeconia,
879 1095 1041 1179 suffragio
1052 1097 1237 1160 crescentia
1247 1095 1473 1160 saeculorum:

362 1202 450 1264 inter
461 1200 684 1282 multa,ipsam
697 1200 864 1264 ‹hereinam
877 1200 1260 1277 nostrornmedtatricem
1270 1200 1474 1281 nostram(¹)‚

363 1305 470 1388 ipsam
489 1304 718 1386 reparatricem
735 1305 834 1368 totius
848 1304 937 1368 orbis
952 1304 1006 1388 (²),
1022 1305 1131 1388 ipsam
1148 1303 1307 1368 donorum
1322 1303 1393 1368 Dei
1402 1323 1473 1366 esse

223 1444 279 1502 Im
291 1443 333 1488 pr.
361 1407 607 1472 conciliatricem
623 1407 674 1490 (³).
686 1445 730 1458 -
747 1407 792 1472 Et
809 1409 968 1490 quoniam
986 1428 1163 1474 munerum
1180 1409 1383 1486 divinorum,
1399 1407 1470 1490 qui·

186 1503 336 1621 ‘afim‘
363 1514 425 1577 bus
440 1513 543 1576 homo
558 1533 659 1594 supra
676 1522 815 1576 naturae
826 1513 978 1576 ordinem
996 1509 1169 1595 perficitur
1179 1513 1221 1577 ad
1240 1523 1389 1589 aeterna,
1401 1511 1474 1575 lun·

184 1621 287 1674 tortrix
363 1618 561 1680 damentum
576 1628 610 1680 et
634 1626 736 1698 caput
763 1625 813 1679 est
830 1615 923 1692 fides,
947 1617 991 1680 ad
1014 1617 1102 1678 hanc
1122 1617 1200 1680 ideo
1226 1616 1473 1698 assequendam

362 1720 620 1804 salutariterque
643 1721 867 1785 excolendam
884 1722 955 1783 iure
971 1721 1150 1784 extollitur
1166 1739 1288 1785 arcana
1304 1721 1472 1802 quaedam

362 1824 433 1887 eius
448 1825 547 1902 actio,
569 1845 656 1907 quae
679 1825 853 1888 Auctorem
878 1823 986 1888 edidit
998 1824 1094 1907 fidei,
1122 1844 1275 1906 quaeque
1301 1824 1347 1887 ob
1372 1823 1473 1887 fidem

363 1927 456 1992 beata
472 1939 522 1992 est
551 1929 718 1992 salutata:
745 1929 853 1992 Nemo
865 1938 923 2006 est,
942 1949 961 1990 o
978 1929 1199 2006 sanctissima,
1212 1929 1274 2010 qui
1286 1929 1356 1993 Dei
1367 1926 1474 2010 cogni·

362 2033 447 2096 tione
456 2033 627 2116 replentur,
642 2032 712 2095 m'si
717 2043 781 2115 per
795 2042 825 2094 te
836 2056 851 2108 ,·
867 2053 958 2095 nerem
973 2042 1020 2095 est
1037 2031 1098 2115 qui
1109 2031 1266 2110 salvetur,
1281 2032 1352 2095 nt'si
1357 2044 1422 2115 per
1433 2041 1473 2107 te,

361 2138 568 2220 oDetjoara,·
581 2158 680 2212 ruina,
695 2136 754 2218 qui
775 2136 899 2200 donum
926 2157 966 2198 ex
995 2135 1223 2200 misericordia
1248 2147 1474 2218 consequatur,

236 2283 294 2328 eece
303 2283 333 2328 a,
364 2241 432 2305 nisi
433 2252 498 2325 per
506 2252 536 2304 te
551 2243 602 2326 (⁴).
621 2241 740 2322 Neque
756 2241 784 2302 is
800 2241 924 2304 nimius
951 2252 1042 2304 certe
1060 2240 1230 2305 videbitur
1244 2239 1303 2322 qui
1319 2239 1473 2314 affirmet,

183 2343 334 2448 afferesne
362 2347 432 2409 eius
444 2345 592 2410 maxime
608 2346 711 2408 ductu
728 2343 924 2426 auxilioque
941 2344 1069 2408 iactum
1087 2357 1125 2408 ut
1152 2345 1319 2426 sapientia
1329 2355 1363 2409 et
1379 2344 1471 2408 insti·

243 2435 248 2454 ’
362 2461 435 2513 tuta
462 2452 664 2532 evangelica,
690 2469 750 2531 per
773 2449 972 2531 asperitates
1000 2446 1274 2532 offensionesque
1298 2449 1474 2523 immanes,

362 2556 594 2635 progressione
609 2566 679 2617 tam
698 2553 796 2617 celeri
813 2552 856 2617 ad
874 2552 1134 2616 universitatem
1151 2553 1328 2617 nationum
1355 2571 1472 2636 perva-

360 2658 472 2736 serint,
488 2678 575 2722 novo
592 2657 714 2740 ubique
740 2657 888 2720 iustitiae
904 2666 938 2718 et
954 2656 1047 2736 pacis
1062 2656 1180 2720 ordine
1201 2656 1351 2721 inducto.
1367 2655 1470 2738 Quod

360 2762 497 2844 quidem
522 2763 629 2825 sancti
659 2761 776 2844 Cyrilli
802 2759 1017 2823 alexandrini
1045 2760 1195 2824 animum
1220 2771 1256 2824 et
1280 2761 1470 2824 orationem

361 2867 534 2946 permovit,
550 2867 597 2928 ita
614 2865 789 2946 Virginem
806 2863 1031 2946 alloquentis:
1046 2863 1117 2926 Per
1131 2865 1322 2946 teApastoli
1332 2863 1472 2928 salutem

355 2969 509 3050 gentibus
516 2969 765 3052 praedicament.
774 3017 795 3031 ..
811 2991 826 3043 ,·
835 2978 900 3050 per
912 2977 943 3030 te
956 2965 1049 3032 Crux
1056 2967 1202 3050 pretioso
1216 2969 1398 3032 celebratur
1406 2975 1473 3031 toto

360 3073 432 3137 orbe
446 3083 478 3138 et
490 3073 689 3137 adoratur...
704 3096 719 3148 ,·
731 3083 791 3154 per
800 3070 1192 3153 tefagarttterdaemones,
1202 3082 1234 3135 et
1243 3071 1338 3136 homo
1349 3072 1415 3154 ipse
1425 3068 1474 3133 od

359 3179 484 3242 caelum
497 3187 667 3242 revocatur
677 3200 691 3250 ,·
701 3189 765 3258 per
778 3185 808 3238 te
823 3175 930 3239 omnis
942 3183 1096 3239 creatura
1118 3175 1279 3239 idolorum
1292 3195 1403 3240 errore
1416 3174 1469 3237 dr·

360 3291 459 3359 tenta,
473 3303 626 3347 conversa
641 3292 690 3345 est
703 3281 752 3344 ad
762 3278 966 3362 agnitionem
977 3279 1131 3342 veritatn
1142 3302 1157 3354 ,·
1172 3291 1235 3360 per
1246 3290 1277 3342 te
1283 3278 1403 3363 fideles
1416 3278 1470 3341 lra-

362 3387 465 3450 mines
475 3387 525 3450 ad
535 3396 683 3450 sanctum
699 3385 862 3466 bapte'sma
867 3391 1097 3464 pervenerunt,
1111 3394 1207 3467 atque
1231 3385 1380 3448 ecclesiae
1393 3391 1472 3447 sunt

259 3507 332 3561 arque
361 3491 470 3554 ubive‘s
489 3492 641 3572 gentium
649 3488 847 3570 fiendatae(
865 3489 887 3567 ).
901 3523 946 3536 -
961 3486 1167 3569 Quinetiam
1184 3497 1344 3569 sceptrum
1361 3486 1466 3551 artlto·

193 3568 335 3666 &⁶322ss
360 3593 461 3657 doxae
466 3593 561 3677 fidei,
577 3607 676 3676 prout
693 3595 783 3656 idem
800 3592 1007 3656 collaudavit
1017 3592 1137 3655 doctor
1151 3591 1204 3674 (⁶),
1220 3593 1390 3674 praestitit
1409 3592 1468 3654 illa

184 3679 245 3791 ‘ff'
262 3682 332 3726 ’Μ’
361 3699 551 3781 valuitque:
566 3719 654 3781 quae
670 3697 732 3761 luit
748 3699 820 3760 eius
836 3715 904 3759 non
918 3696 1107 3758 intermissa
1124 3715 1201 3759 cura
1213 3707 1249 3760 ut
1260 3696 1345 3761 fides
1354 3695 1469 3760 catho-

362 3802 425 3866 lica
441 3813 604 3884 perstaret
621 3801 717 3865 firma
730 3803 764 3863 in
776 3799 910 3882 populis
923 3808 1025 3880 atque
1036 3799 1167 3882 integra
1179 3812 1213 3865 et
1225 3799 1370 3865 secunda
1381 3800 1469 3882 vige-

364 3917 422 3968 ret.
439 3905 622 3986 Complura
647 3907 681 3968 in
709 3906 773 3968 hoc
801 3913 880 3967 sunt
906 3904 1057 3984 satisque
1084 3905 1221 3986 cognita
1250 3914 1469 3969 monumenta

272 4047 340 4106 pq„
363 4029 483 4085 rerum,
501 4011 591 4073 miris
608 4019 781 4092 praeterea
799 4006 910 4069 modis
927 4024 1171 4087 nonnunquam
1189 4007 1371 4072 declarata.
1390 4006 1469 4089 Qui-

396 4209 415 4240 1.
428 4197 453 4241 S.
469 4195 603 4242 Bernartius
609 4211 679 4242 serm.
690 4205 708 4240 ιι
721 4196 748 4240 in
761 4195 825 4240 eido.
838 4190 950 4244 Domini,
959 4203 1042 4249 n.5.—
1053 4206 1073 4237 2.
1084 4193 1108 4239 S.
1119 4193 1261 4245 tamasim.
1272 4207 1306 4239 er.
1318 4197 1346 4240 in
1353 4197 1470 4253 merent.

366 4264 434 4322 Deip.
447 4287 477 4296 -
492 4279 513 4322 3.
527 4265 557 4308 ln
568 4266 622 4324 offic.
636 4278 723 4322 graec..
735 4273 784 4308 unt
795 4255 1008 4316 eeaneoroatov
1014 4267 1068 4321 post
1076 4262 1135 4307 oeten
1147 4273 1183 4308 nc
1201 4285 1231 4296 —
1256 4277 1278 4319 4.
1292 4261 1317 4308 ἃ
1340 4261 1473 4307 Gernranus

365 4331 543 4388 constantinop.
556 4344 590 4377 or.
605 4327 664 4376 rien
676 4331 772 4377 dormit.
786 4332 815 4377 B.
829 4333 866 4379 M.
886 4332 912 4379 V.
926 4358 956 4366 —
971 4346 993 4391 5„
1006 4331 1075 4377 Hom
1088 4333 1173 4375 coroa
1190 4328 1340 4375 Nestor-tun.
1354 4353 1384 4362 -
1403 4330 1425 4374 6.
1438 4328 1469 4373 lt.
