3117 4859
187 398 238 450 DE
265 393 547 479 PROHIBlTIONE
575 391 623 442 ET
650 389 828 442 CENSURA
855 385 1067 438 LIBRORUM.
1125 379 1196 450 247

82 550 179 606 cusat
195 563 203 604 ε
219 538 312 603 nulla
335 547 449 602 tamen
466 534 597 598 ratione
623 533 734 614 pueris
758 531 810 594 vel
838 527 1119 604 adolescentibus,
1134 525 1198 588 nisi
1294 551 1316 600 5

82 643 199 709 solerti
215 662 295 706 cura
311 639 502 723 expurgati,
518 636 672 702 tradendi
689 644 748 700 aut
765 631 980 717 praelegendi
997 639 1101 695 erunt.

551 847 678 914 Carus
701 846 744 911 V.

270 1024 322 1088 Dc
336 1021 534 1105 quibusdam
548 1019 696 1103 specrblr's
710 1015 900 1101 argumenti
913 1017 1017 1082 libris.

135 1241 182 1288 rr.
206 1224 424 1286 Damnantur
439 1220 525 1295 libri,
540 1219 574 1282 in
591 1217 713 1300 quibus
733 1217 818 1294 Deo,
835 1225 892 1280 aut
919 1216 1046 1280 Beatae
1065 1213 1198 1296 Virgini

84 1329 226 1404 Mariae,
234 1328 287 1390 vel
301 1327 445 1402 Sanctis,
457 1336 514 1389 aut
528 1323 726 1389 Catholicae
738 1322 910 1385 Ecclesiae
923 1322 1060 1403 eiusque
1075 1320 1200 1395 Cultui,

83 1432 137 1496 vel
163 1431 401 1506 Sacramentis,
417 1440 476 1493 aut
504 1428 724 1510 Apostolicae
753 1426 833 1492 Sedi
861 1425 1056 1490 detrahitur.
1074 1423 1197 1488 Eidem

84 1535 332 1618 reprobationis
348 1534 472 1598 iudicio
487 1533 660 1597 sabiacent
677 1552 717 1595 ea
739 1550 851 1612 opera,
867 1531 901 1593 in
919 1530 1041 1610 quibus
1058 1529 1199 1610 inspira·

84 1640 187 1704 tionis
215 1639 338 1704 Sacrae
364 1637 558 1718 Scripturas
589 1643 772 1716 conceptus
807 1634 1016 1716 pervertitur,
1041 1642 1100 1695 aut
1129 1631 1200 1696 eius

86 1743 244 1807 extensio
272 1741 372 1806 nimis
398 1751 596 1804 coarctatur.
621 1738 846 1802 Prohibentur
872 1757 1007 1820 quoque
1035 1736 1117 1813 libri,
1143 1739 1199 1818 qui

86 1848 166 1911 data
182 1865 285 1929 opera
301 1845 570 1908 Ecclesiasticam
591 1841 834 1917 Hierarchiam,
844 1835 909 1904 aut'
917 1849 1043 1904 statum
1066 1840 1200 1904 clerica·

87 1951 154 2014 iem
171 1950 225 2012 vel
242 1950 435 2031 religiosum
452 1947 581 2030 probris
598 1945 755 2010 afficiunt

135 2070 183 2118 12.
205 2052 311 2116 Nefas
326 2062 401 2116 esto
416 2051 518 2114 libros
534 2051 644 2128 edere,
660 2051 771 2131 legere
782 2059 841 2114 aut
857 2052 1000 2113 retinere
1016 2050 1050 2114 in
1078 2051 1200 2132 quibus

88 2159 268 2239 sortilegia,
294 2158 469 2232 divinatio,
496 2155 617 2236 magia,
643 2154 798 2217 evocatio
834 2154 1021 2234 spirituum,
1047 2154 1202 2237 aliaeque

87 2262 187 2325 huius
202 2262 334 2343 generis
352 2260 606 2342 superstitiones
630 2261 803 2334 docentur,
818 2258 869 2320 vel
887 2258 1176 2322 commendantur.

137 2382 184 2445 13.
208 2365 301 2429 Libri
318 2374 376 2427 aut
403 2362 528 2445 scripta
558 2382 645 2445 quae
668 2370 806 2424 narrant
832 2382 936 2425 novas
962 2364 1202 2446 apparitiones,

88 2469 318 2545 revelationes,
334 2468 489 2543 visiones,
512 2465 715 2547 prophetias,
732 2466 901 2545 miracula,
917 2467 969 2530 vel
993 2488 1079 2549 quae
1095 2489 1199 2532 novas

88 2574 254 2637 inducunt
268 2573 476 2647 devotiones,
491 2571 593 2634 etiam
611 2572 674 2635 sub
701 2580 880 2653 praetextu
897 2574 988 2654 quod
1006 2575 1074 2636 sint
1091 2574 1199 2654 priva·

88 2689 154 2755 tae,
169 2679 196 2740 si
213 2676 425 2759 publicentur
450 2676 577 2758 absque
602 2675 754 2758 legitima
783 2675 1000 2759 Superiorum
1028 2678 1203 2743 Ecclesiae

89 2781 234 2857 licentia,
250 2780 510 2862 proscribuntur.

138 2903 184 2964 14
210 2883 432 2948 Prohibentur
448 2885 571 2958 pariter
598 2884 682 2961 libri,
697 2886 754 2967 qui
770 2886 931 2964 duellum,
946 2887 1134 2964 suicidium,
1148 2889 1199 2952 vel

89 2989 270 3054 divortium
288 2989 378 3051 licita
394 2999 557 3063 statuunt,
573 2989 630 3069 qui
647 2989 689 3051 de
716 2990 816 3054 sectis
833 2991 1041 3066 massonicis,
1057 2992 1109 3054 vel
1124 2993 1198 3055 aliis

89 3095 240 3158 eiusdem
268 3092 398 3174 generis
426 3090 646 3154 societatibus
672 3103 788 3173 agunt,
814 3113 938 3175 easque
966 3095 1065 3159 utiles
1081 3107 1115 3159 et
1132 3116 1199 3159 non

89 3197 293 3281 perniciosas
311 3195 482 3259 Ecclesiae
505 3205 539 3258 et
554 3195 643 3257 civili
669 3197 823 3261 societati
840 3217 913 3261 esse
929 3201 1150 3274 contendunt,
1166 3211 1201 3263 et

89 3302 147 3385 qui
163 3320 290 3365 errores
305 3300 350 3363 ab
363 3298 561 3381 Apostolica
574 3297 664 3364 Sede
680 3303 886 3383 proscriptos
903 3312 1049 3369 tuentur.

537 3513 665 3579 capus
688 3514 750 3579 VI.

296 3687 349 3749 De
365 3684 480 3750 Sacris
494 3686 704 3770 Imaginibus
717 3698 750 3752 et
759 3690 991 3772 Indulgentiis.

137 3879 184 3946 15.
210 3866 382 3948 Imagines
398 3867 718 3952 quomodocumque
730 3871 913 3953 impressae
930 3873 1071 3937 Domini
1083 3875 1199 3939 Nostri

89 3972 178 4036 IESU
200 3970 368 4045 CHRISTI,
384 3969 510 4032 Beatae
528 3970 655 4035 Mariae
679 3973 839 4056 Virginis,
855 3975 1064 4059 Angelorum
1097 3989 1199 4063 atque

89 4074 304 4150 Sanctorum,
319 4074 370 4136 vel
388 4074 529 4137 aliorum
556 4074 736 4140 Servorum
764 4077 829 4141 Dei
846 4082 889 4142 ab
914 4079 1086 4144 Ecclesiae
1101 4102 1200 4145 sensu

88 4187 123 4239 et
150 4175 292 4239 decretis
317 4174 499 4254 difformes,
525 4179 664 4243 omnino
690 4192 857 4246 vetantur.
876 4181 994 4247 Novae
1021 4207 1107 4263 vero,
1130 4187 1202 4251 sive

90 4300 206 4362 preces
233 4278 381 4343 habeant
404 4281 566 4359 adnexas,
591 4283 660 4346 sive
692 4284 819 4368 absque
854 4287 918 4352 illis
953 4289 1104 4369 edantur,
1129 4293 1201 4355 sine
1268 4255 1275 4280 ⁹

92 4383 351 4448 Ecclesiasticae
366 4387 545 4467 potestatis
561 4386 694 4451 licentia
710 4409 778 4452 non
795 4390 1015 4472 publicentur.
