3117 4859
387 348 434 440 58
513 370 703 423 tisanana
730 356 989 427 arosrourcaa
1009 362 1029 392 ‘⁴
1046 375 1100 425 nn
1126 373 1341 427 uurvnasns
1359 349 1379 380 ”

384 517 417 581 in
434 518 570 582 civitate
587 518 730 584 Manaos
757 531 921 605 perpetuo
944 521 1135 599 fundamus,
1150 539 1349 601 sacramque
1375 520 1481 586 aedem

383 622 503 687 honori
520 623 687 706 Deiparae
702 625 946 691 Immaculatae
963 627 1066 691 modo
1082 625 1230 691 dicatam
1247 625 1291 689 ad
1309 622 1483 689 Cathedra·

383 724 424 789 lis
441 726 613 792 Ecclesiae
628 730 770 812 gradum
795 730 965 814 erigimus.
982 728 1189 793 Huiusmodi
1214 738 1329 793 autem
1345 727 1483 792 Amazo-

270 848 358 927 ‘Fines
384 850 464 893 num
479 831 651 897 Dioecesis
668 832 750 897 fines
767 834 801 897 in
816 834 906 898 hunc
919 833 977 916 qui
990 834 1141 916 sequitur
1153 833 1293 897 modum
1304 832 1485 895 statuimus:

239 913 358 1029 :mnis
383 934 426 998 ad
443 934 586 1001 Boream
614 956 737 1019 nempe
764 944 862 1001 erunt
888 937 1094 1002 territorium
1119 935 1266 1018 Goyana
1293 934 1486 1017 Anglorum,

205 1051 258 1095 rur.
383 1038 608 1121 Respublicae
624 1041 668 1105 de
682 1040 929 1119 Venezuela,et
947 1061 1035 1107 nova
1051 1038 1281 1105 Granatensis
1297 1037 1410 1104 -Ad
1425 1036 1483 1103 Oc·

382 1164 497 1211 casum
516 1144 741 1226 Respublicae
762 1145 980 1228 Aequatoris‚
1007 1156 1042 1210 et
1071 1146 1268 1211 Peruviana.
1282 1180 1329 1193 -
1346 1143 1406 1209 Ad
1423 1142 1486 1207 Au·

381 1257 487 1312 strum
505 1249 710 1331 Respublica
727 1249 927 1313 Boliviensis
942 1259 977 1315 et
990 1248 1163 1314 Dioecesis
1174 1247 1419 1330 Cuyabensisa
1429 1264 1487 1329 qua

380 1351 550 1416 dividetur
577 1350 771 1416 fluminibus
798 1349 980 1434 Giparana,
1003 1352 1157 1435 Tapajoz
1182 1360 1261 1435 post
1280 1349 1382 1417 Ostia
1397 1348 1486 1414 Tres·

381 1455 503 1519 Barras
530 1456 701 1533 usquead
725 1455 968 1521 confluentiam
986 1456 1175 1540 Urugnata‚
1200 1455 1293 1539 quod
1319 1455 1355 1519 in
1371 1451 1486 1517 flumen

381 1559 532 1641 Tapajor
548 1560 668 1627 influit.
681 1598 726 1611 -
736 1562 794 1627 Ad
812 1560 986 1628 Orientem
998 1563 1134 1627 demum
1147 1561 1271 1626 limites
1283 1569 1384 1625 erunt
1395 1558 1487 1623 Dioc-

380 1663 465 1727 cesis
482 1662 689 1728 Belemensis
704 1666 747 1729 de
765 1663 850 1729 Para
866 1665 1057 1748 perflumen
1070 1666 1276 1730 Rhamunda
1289 1684 1350 1745 per
1363 1672 1486 1728 montes

382 1766 558 1845 Parintius‚
568 1769 659 1833 unde
670 1768 758 1833 linea
771 1779 863 1834 recta
872 1770 1023 1853 sequitur
1034 1788 1142 1852 usque
1151 1770 1194 1833 ad
1207 1770 1338 1833 laevam
1351 1763 1487 1831 fluminis

381 1871 532 1957 Tapajoz
557 1893 577 1937 e
603 1875 740 1955 regione
763 1874 963 1939 confluentis
986 1874 1215 1940 Tres-Barras.
1232 1873 1289 1939 Ad
1317 1871 1486 1937 efformas-

227 2064 233 2077 .
269 1996 355 2075 quae
380 1976 459 2041 dam
476 1986 589 2043 autem
605 1977 707 2042 aliam
733 1996 858 2043 novam
876 1976 1125 2059 Paraybensem
1142 1976 1348 2067 Dioecesim,
1363 1971 1486 2038 territo·

202 2064 356 2178 d'ffiffffi
381 2082 464 2144 rium
492 2092 601 2145 status
623 2073 838 2163 cognominis
864 2089 900 2145 et
925 2079 1073 2145 fluminis
1101 2080 1215 2162 magni
1241 2077 1383 2155 nordici‚
1409 2091 1487 2158 quae

229 2144 353 2271 ordiari-
381 2184 644 2249 Pernabucensis
662 2183 838 2248 Dioecesis
863 2194 996 2267 partem
1021 2186 1055 2248 in
1082 2202 1242 2265 praesens
1272 2180 1485 2247 constituunt¹

201 2274 251 2375 {ij}
259 2259 353 2373 {iffi
381 2289 461 2353 item
478 2296 641 2369 perpetuo
656 2287 886 2365 distrahimus,
901 2288 1018 2371 illique
1033 2287 1264 2351 attribuimus:
1280 2284 1315 2347 in
1332 2281 1417 2347 urbe
1432 2280 1485 2343 Pa·

200 2389 303 2439 recma·
315 2389 353 2437 ‘1⁸'-
380 2387 535 2471 raybensi
552 2388 687 2468 Sedem‚
713 2401 747 2455 et
773 2392 807 2455 in
836 2390 989 2455 Ecclesia
1016 2388 1258 2455 Sanctissimae
1285 2384 1422 2468 Virgini
1449 2380 1486 2445 ad

221 2460 353 2567 'zmi
381 2492 485 2555 Nives
496 2503 689 2575 nuncupata
700 2494 896 2560 cathedram
907 2493 1146 2577 Episcopalem
1157 2491 1487 2569 tondamusdictarn·

201 2580 290 2699 ᾆξ’·
306 2584 352 2687 θ”ζ
379 2616 445 2678 que
458 2596 644 2661 Ecclesiam
662 2608 839 2680 propterea
861 2600 904 2663 ad
921 2597 1197 2665 Cathedralitatis
1224 2596 1398 2679 fastigium
1421 2613 1486 2676 per·

201 2647 353 2777 ddurrffseidi-
380 2706 483 2782 petuo
515 2697 697 2763 evehimus.
725 2698 929 2763 Huiusmodi
959 2719 1038 2764 vero
1070 2698 1292 2781 Paraybensis
1320 2691 1488 2762 Dioecesis

202 2786 353 2894 ''gfff‘'
380 2799 504 2863 limites
520 2798 710 2865 Orientales
730 2810 763 2863 et
780 2801 938 2865 Boreales
955 2799 1130 2884 praefiniet
1147 2820 1254 2885 usque
1268 2799 1313 2863 ad
1327 2799 1420 2862 ostia
1434 2794 1488 2858 ilu-

381 2901 481 2965 minis
499 2900 653 2967 Massord
670 2901 828 2969 Oceanus
843 2904 1047 2970 Atlanticus
1063 2940 1107 2954 -
1133 2904 1191 2969 Ad
1216 2902 1388 2969 Occasum
1412 2895 1489 2963 limi·

380 3014 432 3070 tes
447 3016 544 3071 erunt
560 3015 681 3071 catena
702 3009 868 3073 montium
885 3008 1000 3090 Apadi
1016 3016 1050 3072 et
1067 3006 1204 3090 Pajeha
1220 3005 1342 3089 quibus
1359 3026 1381 3069 a
1397 3003 1489 3068 nioe-

379 3110 446 3176 cesi
465 3109 711 3175 Fortalexiensi
727 3112 906 3180 dividetur.
922 3148 965 3161 -
979 3111 1037 3176 Ad
1055 3111 1219 3175 Austrum
1236 3109 1379 3175 tandem
1397 3105 1489 3171 Dioe·

379 3216 464 3278 cesis
480 3212 676 3280 Olindensis
703 3235 762 3296 per
788 3223 943 3279 catenam
971 3216 1137 3281 montium
1156 3213 1293 3303 Cairiris
1307 3212 1448 3289 Veliam,
1461 3215 1489 3270 et

381 3334 440 3397 per
464 3325 618 3381 catenam
647 3316 812 3381 montium
832 3317 1028 3383 Imbulanos
1054 3316 1143 3381 linea
1165 3326 1257 3381 recta
1272 3316 1317 3381 ad
1333 3315 1424 3379 ostia
1437 3310 1490 3376 flu·

382 3418 482 3481 minis
499 3417 643 3501 Goyana
659 3418 741 3483 fines
758 3429 865 3485 crunt.

241 3562 355 3617 Am,
426 3522 483 3585 Ad
495 3532 624 3604 partem
642 3542 721 3586 vero
748 3522 942 3588 Australem
958 3521 1050 3608 quod
1065 3523 1197 3599 attinet,
1211 3522 1312 3608 huius
1324 3521 1490 3601 Metropo

203 3634 238 3683 lis
249 3629 356 3711 provin·
383 3625 479 3690 litam
500 3626 736 3690 constituimus
760 3636 795 3690 et
817 3626 1026 3692 declaramus
1039 3627 1240 3692 Antistitem
1257 3626 1378 3692 Sancti
1391 3624 1488 3714 Seba-

203 3694 358 3825 ffiffi
383 3729 484 3794 stiani
502 3726 666 3793 Fluminis
681 3728 841 3811 Januarii.
870 3728 1108 3813 Episcopalem
1124 3731 1250 3795 idcirco
1262 3729 1351 3794 illius
1369 3729 1488 3798 Seden

224 3825 357 3940 ,ranzan-
385 3843 419 3896 et
444 3830 659 3909 Cathedram,
696 3832 897 3914 Episcopale
932 3852 1066 3910 nornen,
1103 3841 1241 3910 statum,
1278 3840 1436 3897 naturam
1459 3834 1491 3891 et

204 3908 332 3957 regnam.
385 3934 565 3998 essentiam
594 3933 869 4001 Cathedralitatis
885 3935 928 3999 ad
955 3933 1113 3999 effectum
1130 3932 1366 4017 infrascriptae
1391 3947 1492 3997 novae

386 4039 563 4104 erectionis
590 4036 791 4121 Apostolica
826 4039 1027 4103 auctoritate
1064 4037 1306 4122 supprimimus
1330 4048 1367 4103 et
1388 4035 1492 4124 extin-

385 4142 530 4225 guimus,
556 4142 732 4225 ipsamque
770 4142 813 4205 ad
841 4142 1097 4207 eminentiorem
1122 4140 1412 4225 Metropolitanae
1434 4137 1491 4203 Ec·

268 4260 271 4267 ’
385 4246 507 4310 clesiae
529 4246 670 4327 gradum
699 4255 733 4310 et
748 4245 949 4328 dignitatem
974 4244 1047 4328 pari
1072 4245 1275 4329 Apostolica
1297 4243 1492 4310 auctoritate

387 4359 550 4434 perpetuo
571 4349 790 4429 extollimus;
816 4350 866 4415 ita
880 4360 917 4416 ut
933 4351 1006 4433 ipsa
1020 4370 1067 4440 err
1083 4370 1173 4415 nunc
1193 4348 1355 4433 deinceps
1374 4348 1494 4413 Metro·
