3117 4859
348 397 395 470 54
458 395 648 448 mrranas
666 395 924 448 mosroucita
943 382 965 410 ⁴⁴
983 391 1095 444 sicur
1113 393 1297 444 axrmuu.
1319 369 1337 394 '¹

345 535 560 600 devotionem
587 533 706 600 Cordis
730 535 818 600 lusu
844 534 1028 618 provehere
1050 542 1221 616 satagunt,
1235 541 1339 614 atque
1353 552 1452 614 opera

168 662 320 712 wuoran-
346 641 568 724 quarumdam
600 637 776 702 mulierum
805 637 1046 706 (oblatarum
1074 636 1268 700 docentium
1299 656 1321 699 a
1352 635 1452 700 Sacro

167 737 230 829 ,2522
239 722 320 826 {⁰⁶3}
347 743 457 810 Corde
472 757 490 811 )
506 752 785 824 nuncupatarum,
794 741 946 826 integrae
958 741 1146 823 puellarum
1159 739 1366 804 institutioni
1379 759 1453 804 con-

170 840 320 946 ng'e'm·
347 847 470 924 sulunt,
485 865 609 928 easque
632 848 676 909 ad
703 845 838 911 virtutis
863 846 1020 910 semitam
1043 845 1286 909 decutiendam
1303 843 1453 908 alliciunt

167 907 322 1008 saltatim
347 961 449 1034 atque
460 949 646 1032 impellunt.
657 947 751 1033 Quot
763 959 877 1014 autem
889 960 924 1013 et
935 957 1082 1031 quantos
1092 949 1169 1032 ipsa
1180 950 1236 1031 pia
1253 947 1348 1013 Unio
1357 957 1454 1012 nacta

197 1053 321 1158 'wlf
346 1056 390 1119 sit
406 1055 439 1117 in
456 1053 554 1117 vinea
570 1053 710 1116 Domini
723 1053 860 1129 fructus,
869 1073 915 1117 ex
926 1073 969 1117 eo
980 1051 1078 1116 facile
1093 1053 1212 1116 coniici
1229 1062 1354 1135 potest,
1363 1052 1451 1136 quod

182 1112 319 1232 ⁸210le
346 1178 413 1222 non
427 1158 529 1239 longo
540 1157 716 1221 interiecto
724 1177 891 1222 annorum
904 1158 1025 1240 spatio,
1035 1176 1103 1220 non
1116 1156 1226 1219 solum
1240 1175 1298 1238 per
1308 1155 1452 1220 Galliam

164 1237 320 1353 emilii}
347 1261 414 1326 sere
440 1261 630 1325 universam
654 1281 694 1324 ac
721 1261 932 1326 Lusitaniam
960 1261 1027 1324 late
1057 1280 1094 1324 se
1123 1262 1375 1343 propagaverit,
1399 1261 1452 1325 sed

167 1351 319 1456 cfflfusffl'
346 1367 447 1429 etiam
473 1363 631 1446 Europae
662 1363 744 1428 fines
774 1365 877 1447 longe
906 1365 951 1427 sit
977 1373 1235 1445 praetergressa
1262 1363 1332 1428 Sed
1365 1365 1455 1429 illam

346 1487 479 1551 quoque
495 1468 620 1550 adepta
635 1479 687 1532 est
704 1470 848 1547 laudem,
863 1469 955 1550 quod
981 1486 1103 1549 nempe
1130 1467 1256 1532 eximia
1279 1469 1349 1531 iam
1365 1468 1453 1552 apud

345 1590 463 1635 omnes
490 1572 648 1654 opinione
672 1571 800 1649 floreat,
816 1564 1016 1636 nominatim
1032 1592 1113 1634 vero
1128 1572 1219 1653 apud
1237 1590 1304 1634 non
1331 1591 1456 1654 paucos

344 1673 515 1758 religionis
532 1674 723 1754 Antistites,
739 1676 797 1758 qui
812 1675 922 1739 dictas
938 1675 1082 1741 Oblatas
1099 1675 1194 1740 Sacri
1217 1675 1339 1740 Cordis
1368 1675 1453 1742 lusu

345 1799 474 1843 sorores
501 1780 635 1862 egregie
662 1781 906 1845 demandatum
934 1799 1057 1842 munus
1072 1781 1167 1843 obire
1182 1799 1221 1842 ac
1237 1780 1281 1842 de
1295 1779 1455 1862 religione

345 1901 447 1963 reque
477 1881 659 1946 christiana
691 1885 808 1946 mereri
838 1883 950 1946 verbis
976 1883 1194 1964 amplissimis
1222 1885 1340 1966 testati
1370 1893 1455 1946 sunt

346 1985 473 2049 Verum
499 2005 575 2048 cum
603 1963 703 2050 dicta·
718 1986 871 2052 Societas
897 1986 1002 2068 probe
1025 1987 1193 2068 intelligat
1219 2007 1264 2050 ex
1279 1985 1344 2049 hac
1361 1986 1455 2049 Beati

241 2110 320 2179 Quam
347 2089 437 2152 Petri
458 2087 628 2154 Cathedra
645 2101 820 2173 tamquam
848 2112 894 2154 ex
919 2094 1024 2173 stirpe
1051 2093 1094 2154 ad
1110 2111 1232 2169 ramos,
1247 2093 1292 2155 ad
1307 2092 1456 2173 singulas

188 2173 321 2275 ‘’3““3122
346 2193 545 2256 christianas
579 2194 808 2258 institutiones
846 2195 1048 2278 principium
1081 2196 1170 2259 vitae
1207 2205 1241 2258 et
1277 2194 1456 2258 viriditatis

168 2287 322 2409 {ssfffflijf
346 2295 491 2374 affluere,
516 2319 576 2381 per
605 2299 804 2363 hodiernam
834 2299 940 2381 ipsius
966 2298 1169 2362 Antistitam
1200 2309 1233 2362 et
1263 2300 1454 2382 generalem

170 2408 321 2514 affirm
348 2402 609 2466 Moderatricem
627 2403 786 2466 dilectam
805 2405 840 2466 in
857 2403 993 2469 Christo
1011 2403 1114 2467 filiam
1131 2402 1266 2469 Claram
1283 2401 1454 2467 Teresiam

169 2531 320 2584 reserregu·
346 2509 389 2572 de
413 2505 599 2584 Seuislhac,
614 2507 783 2588 supplices
798 2508 842 2571 ad
860 2506 932 2571 Nos
948 2508 1076 2572 litteras
1099 2508 1205 2586 dedit,
1227 2509 1351 2590 quibus
1373 2508 1455 2591 peti·

168 2587 321 2692 ,ἔφη’
347 2622 401 2675 tur
417 2620 455 2672 ut
478 2613 766 2691 quemadmodum
790 2612 898 2694 ipsam
925 2611 1096 2676 Unionem
1115 2613 1183 2675 iam
1204 2613 1284 2676 inde
1304 2612 1351 2676 ab
1367 2632 1456 2675 anno

348 2727 592 2780 MDCCCLxxxl
609 2718 730 2779 merito
745 2717 855 2780 laudis
870 2719 1051 2800 praeconio
1066 2716 1262 2799 prosequuti
1278 2735 1408 2796 sumus,
1420 2738 1456 2780 ac

347 2830 467 2903 postea
487 2838 578 2883 anno
593 2832 895 2884 Mucccuxxxvut
911 2842 970 2904 per
985 2822 1159 2884 decretum
1175 2820 1456 2903 congregationis

346 2925 650 3005 disceptationibus
675 2925 923 3007 Episcoporum
950 2945 990 2988 ac
1018 2926 1235 3007 Regularium
1260 2920 1456 2990 dirimendis

346 3029 568 3112 praepositae,
583 3031 638 3092 die
654 3041 719 3090 xvt
737 3029 820 3092 Maii
838 3032 963 3092 mensis
978 3033 1095 3092 datum
1123 3029 1396 3111 approbavimus,
1411 3032 1455 3092 ita

346 3133 436 3198 illius
459 3134 591 3214 regulas
606 3143 641 3196 et
657 3135 918 3198 constitutiones
933 3131 1132 3197 confirmare
1146 3153 1185 3196 ac
1202 3136 1341 3212 sancire,
1358 3136 1455 3198 inter-

346 3239 459 3322 posita
467 3237 668 3318 Apostolica
681 3237 808 3302 Nostra
817 3241 1019 3302 auctoritate
1032 3239 1180 3302 velimus.
1192 3239 1265 3300 Nos
1276 3259 1377 3320 porro
1389 3257 1454 3302 rem

346 3361 482 3406 omnem
500 3344 776 3423 perpendendam
794 3345 1027 3406 commisimus
1044 3343 1120 3407 VV.
1133 3341 1201 3408 FF.
1216 3343 1295 3406 NN.
1312 3342 1346 3408 S.
1365 3344 1406 3409 R.
1418 3343 1455 3408 E.

347 3447 583 3512 Cardinalibus
596 3447 748 3536 similiter
765 3447 1012 3530 Episcoporum
1029 3458 1063 3510 et
1075 3449 1295 3529 Regularium
1313 3449 1456 3531 negotiis

346 3551 556 3632 praepositis,
576 3549 635 3632 qui
659 3551 815 3633 diligenti
842 3553 1042 3633 praehabito
1065 3552 1235 3628 examine,
1251 3564 1456 3616 memoratae

346 3655 422 3735 piae
452 3653 596 3718 Unionis
622 3658 884 3720 constitutiones
914 3678 954 3719 ac
980 3656 1122 3739 regulas,
1149 3664 1268 3738 utpote
1283 3657 1455 3738 proposito

348 3757 527 3822 Societatis
543 3758 601 3822 fini
616 3761 757 3824 idoneas
783 3773 887 3844 atque
912 3763 1196 3838 accommodatas,
1211 3779 1271 3844 per
1285 3763 1453 3825 decretum

330 3863 400 3941 ,die
415 3875 495 3925 xxx
511 3865 635 3928 mensis
654 3865 780 3946 Aprilis
796 3867 876 3927 anni
893 3868 1053 3929 vertentis
1067 3868 1197 3940 datum,
1208 3864 1343 3946 probari
1358 3883 1455 3947 posse

345 3971 593 4034 existimarunt.
609 3969 707 4051 Quae
723 3991 801 4035 cum
826 3973 874 4034 ita
900 3973 977 4049 sint,
994 3971 1067 4034 Nos
1091 3981 1162 4034 tam
1186 3969 1366 4051 frugiferae
1381 3970 1454 4050 piae

346 4075 493 4140 Unionis
509 4077 596 4138 votis
612 4075 730 4139 libenti
746 4075 885 4158 quidem
901 4078 1016 4139 animo
1032 4076 1312 4150 obsecundantes,
1323 4091 1454 4137 omnes-

344 4198 410 4262 que
440 4192 475 4242 et
501 4180 652 4262 singulas
682 4199 855 4264 personas,
880 4184 1002 4267 quibus
1034 4179 1179 4245 Nostrae
1208 4180 1274 4243 hae
1305 4178 1453 4241 Litterae

345 4288 469 4364 favent,
484 4287 644 4371 peculiari
659 4289 895 4356 benevolentia
910 4288 1174 4372 complectentes
1190 4295 1225 4350 et
1239 4306 1260 4348 a
1282 4280 1453 4366 quibusvis

344 4391 709 4460 excommunicationis
725 4407 758 4460 et
775 4397 954 4472 interdicti,
968 4395 1111 4478 aliisque
1126 4389 1361 4456 ecclesiasticis
1380 4405 1452 4449 sen-
