3117 4859
375 346 444 413 262
627 366 810 419 nrisroia
839 352 859 380 ‘⁴
879 364 999 415 rursu
1025 366 1182 417 curves.
1204 342 1220 369 ''

372 520 455 584 biles
472 522 614 601 Fratres,
626 528 792 607 quaedam
809 525 1015 589 enucleatius
1042 528 1299 589 commendasse
1314 526 1419 601 vobis,
1434 528 1478 589 ad

371 646 457 707 quae
478 628 639 692 sollicitos
664 650 742 711 prae
770 628 889 692 ceteris
914 630 1097 691 intendatis
1121 629 1260 693 animos.
1279 629 1331 691 Ea
1353 630 1480 711 quippe

371 742 458 805 sunt,
473 752 559 814 quae
583 730 735 814 apprime
756 733 867 795 valent
884 734 926 797 ad
944 731 1022 795 fidei
1045 734 1134 797 viam
1151 734 1368 797 muniendam
1384 743 1419 794 et
1436 731 1478 795 ad

373 835 542 901 Ecclesiae
557 838 790 903 efficacitatem
807 840 1046 921 explicandam
1062 861 1069 917 ;
1092 860 1179 922 quae
1196 839 1269 901 Nos
1297 836 1433 914 idcirco,
1445 846 1479 898 et

370 942 492 1005 crebris
508 943 606 1007 editis
627 946 863 1009 communibus
890 944 1111 1021 documentis,
1133 951 1166 1007 et
1192 942 1418 1024 singularibus
1434 942 1477 1003 ad

369 1043 557 1126 Episcopos
574 1047 661 1110 datis
677 1046 806 1125 litteris,
822 1048 988 1111 inculcare
1001 1067 1173 1131 nunquam
1189 1045 1388 1110 destitimus.

227 1145 345 1271 'blm
414 1148 514 1232 Quod
532 1151 675 1233 prImum
693 1152 793 1233 igitur
810 1164 869 1229 est,
883 1172 925 1215 eo
941 1153 1127 1216 studiorum
1145 1160 1330 1214 vestrorum
1344 1158 1478 1230 specta-

224 1275 344 1337 Episcopi
369 1256 452 1319 bunt
469 1256 657 1337 praecipua,
673 1266 709 1319 ut
725 1266 916 1338 opportuna
926 1257 1122 1319 adiumenta
1134 1254 1344 1336 excogitatis,
1355 1253 1477 1334 quibus

207 1338 343 1469 {22:225ss
369 1360 401 1422 in
419 1360 563 1423 alumnis
579 1360 662 1421 sacri
679 1360 815 1437 ordinis,
831 1380 899 1423 non
917 1362 1019 1424 modo
1035 1357 1214 1442 disciplina
1225 1378 1354 1420 morum
1367 1378 1476 1419 serve·

206 1471 339 1529 servanda,
368 1470 422 1523 tur
448 1473 571 1539 sancte,
587 1482 701 1525 verum
719 1464 821 1527 etiam
847 1463 1074 1527 doctrinarum
1105 1462 1383 1544 acquirendarum
1410 1470 1477 1524 stet

208 1538 342 1651 {zm
366 1568 467 1630 vivax
484 1565 582 1630 ardor
596 1588 604 1645 ;
621 1586 687 1648 quo
703 1566 770 1645 fiat,
783 1576 821 1631 ut
836 1588 922 1650 quae
938 1568 1024 1629 inter
1033 1566 1182 1648 ephebos
1199 1567 1231 1629 in
1249 1584 1344 1648 spem
1359 1564 1473 1627 Eccle-

189 1668 272 1716 studio
282 1684 339 1715 acu·
367 1664 435 1725 siae
451 1674 696 1749 succrescentes
722 1664 874 1726 inclinari
899 1662 984 1727 sorte
1007 1683 1045 1725 ac
1074 1662 1289 1742 languescere
1318 1660 1475 1724 videntur

238 1734 340 1783 andoin
448 1770 455 1783 .
505 1770 511 1781 .
1298 1766 1305 1779 ,

226 1799 341 1848 alumnis
365 1769 487 1845 studia,
503 1788 535 1831 in
553 1788 628 1831 eum
642 1769 854 1832 adducantur
865 1766 1088 1848 splendorem,
1100 1786 1199 1848 quem
1212 1766 1285 1829 Nos
1297 1784 1367 1827 iure
1379 1776 1474 1847 opta-

241 1864 340 1941 qriiinu
367 1893 449 1951 mus,
475 1892 642 1957 quemque
659 1872 829 1954 religionis
854 1881 1020 1953 expetunt
1047 1881 1208 1951 tempora,
1230 1869 1349 1933 Nostis
1374 1870 1475 1943 euim,

188 1944 262 1979 sam.
365 1976 583 2042 Venerabiles
600 1978 743 2053 Fratres,
759 1977 793 2039 id
811 1974 911 2038 luisse
929 1975 994 2037 Dei
1010 1975 1218 2058 providentis
1233 1974 1423 2051 consilium,
1439 1984 1474 2035 ut

204 2046 339 2160 melai„
364 2102 431 2164 quo
448 2082 591 2163 primum
613 2092 713 2163 pacto
731 2079 919 2143 fortissimis
933 2079 1135 2160 martyribus
1153 2099 1231 2141 usus
1247 2088 1298 2141 est
1313 2079 1356 2140 ad
1379 2098 1473 2160 aper-

208 2178 338 2225 ⁸‘⁸'‘”'¹'⁰''³
364 2197 433 2250 tam
445 2197 663 2269 tyrannorum
675 2185 995 2265 vimsaevitiamque
1007 2181 1291 2265 frangendamita
1301 2192 1338 2245 ut
1349 2194 1473 2263 marty-

209 2249 339 2365 maizi
364 2309 436 2352 rum
449 2290 647 2371 sanguinem
665 2308 778 2351 semen
796 2288 1053 2351 christianorum
1072 2287 1194 2351 laceret
1214 2308 1221 2366 ;
1237 2288 1357 2349 eodem
1373 2296 1474 2368 pacto

187 2388 338 2501 ζξι-’ζᾝζ
364 2393 451 2454 viros
479 2392 600 2473 insigni
625 2392 790 2473 sapientia
817 2392 909 2455 nullo
933 2412 999 2454 non
1031 2401 1184 2472 tempore
1199 2390 1385 2469 destinarit,
1417 2394 1473 2476 qui

187 2503 291 2553 sidiarii.
365 2495 513 2557 veritatis
532 2495 714 2570 thesauros,
729 2514 814 2577 quos
843 2494 1049 2576 Unigenitus
1067 2494 1171 2557 Filius
1188 2516 1207 2557 e
1222 2494 1296 2558 sinu
1316 2496 1425 2559 Patris
1441 2499 1471 2559 in

364 2603 468 2658 terras
492 2594 611 2657 detulit
635 2604 669 2657 et
700 2594 873 2658 Ecclesiae
900 2595 1111 2657 concreditos
1141 2594 1256 2671 voluit,
1287 2615 1354 2658 non
1380 2616 1474 2659 sacra

365 2697 473 2761 solum
490 2697 698 2774 auctoritate,
715 2699 772 2761 sed
792 2698 843 2761 vel
866 2698 1036 2761 humanae
1051 2699 1190 2767 rationis
1207 2700 1382 2782 praesidiis
1403 2710 1473 2763 tue-

245 2820 339 2870 Nosira
366 2814 486 2868 rentur.
504 2804 603 2865 Nunc
631 2812 753 2881 autem,
769 2823 872 2885 quum
890 2822 1119 2883 perversarum
1143 2803 1340 2883 opinionum
1357 2814 1471 2867 conta-

187 2887 340 3015 {e'ss'jssssss}
365 2908 464 2989 gione
480 2906 602 2970 inlecta
614 2917 647 2969 et
659 2917 816 2988 corrupta
828 2906 896 2970 sint
911 2905 1025 2970 omnia
1041 2926 1091 2983 ac,
1102 2908 1213 2989 specie
1228 2910 1470 2990 progredientis

220 3024 340 3080 mquam
365 3013 547 3090 doctrinae,
561 3013 745 3094 sapientiae
768 3014 882 3077 aDeo
894 3014 1038 3076 traditae
1061 3013 1245 3077 obsistatur
1272 3016 1424 3079 maxime
1439 3025 1472 3078 et

189 3084 301 3131 maxime
312 3088 342 3129 ut
853 3117 860 3131 ·
951 3118 957 3130 ·
1064 3118 1083 3131 ··
1290 3122 1298 3133 ·

224 3148 339 3196 scientia·
365 3128 569 3199 repugnetur
585 3138 593 3195 ;
610 3136 751 3198 pronum
776 3127 828 3181 est
852 3117 1046 3199 intelligere,
1062 3138 1102 3179 iis
1132 3118 1363 3183 defensoribus
1387 3142 1471 3203 opus

190 3214 341 3329 ’ttgzsffitg'ff
366 3242 446 3299 esse,
463 3223 529 3303 qui,
545 3220 727 3302 omnigeno
740 3241 909 3284 armorum
926 3242 1048 3304 genere
1063 3243 1083 3285 e
1098 3222 1246 3286 scientiis
1262 3225 1472 3307 deprompto,

188 3345 242 3392 sini
257 3345 339 3405 defen-
358 3326 477 3406 parati
489 3335 614 3406 semper
627 3324 670 3406 (¹)
682 3324 758 3401 sint,
771 3327 819 3388 uti
831 3335 946 3389 monet
956 3325 1152 3407 Apostolus,
1162 3327 1211 3389 ad
1218 3328 1472 3408 satisfactionem

188 3424 229 3457 ’Ν
229 3424 252 3458 '⁸
257 3410 283 3458 F
280 3410 337 3460 uin:
365 3430 607 3511 omniposcenti
621 3429 779 3492 rati'onem
794 3429 834 3491 dc
848 3451 894 3505 ea,
909 3432 1036 3510 quaein
1052 3432 1142 3493 nobis
1157 3442 1211 3508 cst,
1226 3444 1303 3513 spe,·
1318 3443 1351 3496 et
1363 3434 1472 3497 cxlier·

365 3536 436 3597 tari
450 3534 484 3595 iii
506 3532 655 3596 doctrina
678 3554 771 3609 sana,
786 3543 817 3593 et
831 3554 881 3595 eos
900 3534 960 3614 qui
973 3535 1198 3599 contradicunt
1211 3558 1349 3619 arguere
1366 3538 1416 3619 (²).
1434 3538 1470 3599 ln

254 3640 339 3716 Sfrve·
367 3636 572 3700 moderanda
589 3658 667 3701 vero
684 3658 743 3719 pro
761 3638 956 3703 Seminariis
987 3641 1105 3703 vestris
1121 3642 1308 3704 studiorum
1335 3644 1470 3718 ratione,

208 3712 340 3820 ‘2232ss
365 3738 470 3815 vobis,
486 3738 704 3803 Venerabiles
737 3740 879 3817 Fratres,
902 3742 947 3805 ob
969 3743 1084 3807 oculos
1111 3746 1360 3808 essevolumus
1386 3764 1470 3827 quae

196 3836 340 3950 tium&
368 3839 511 3904 Nosmet
527 3842 703 3923 encyclicis
716 3842 835 3907 litteris
847 3864 887 3907 ea
896 3845 938 3908 de
949 3866 983 3909 re
994 3847 1277 3929 praescripsimus.
1290 3847 1339 3913 Ut
1351 3866 1470 3931 nempe

221 3966 340 4030 imiſsa
366 3944 399 4008 in
423 3945 663 4027 philosophicis
687 3948 872 4029 disciplinis
897 3952 1070 4014 tradendis
1097 3954 1266 4016 maximus
1304 3953 1469 4037 Angelico

198 4032 340 4160 llljssffi
366 4050 507 4113 Doctori
523 4048 677 4113 Thomae
690 4050 854 4134 Aquinati
876 4053 1040 4118 habeatur
1055 4056 1173 4135 honos,
1188 4066 1221 4121 et
1236 4078 1324 4140 quae
1339 4079 1385 4122 ex
1400 4058 1472 4137 eius

211 4164 339 4212 niaxrmus
365 4153 589 4218 voluminibus
613 4154 681 4236 iugi
703 4165 736 4219 et
751 4157 938 4237 praedivite
953 4177 1038 4224 vena
1062 4160 1215 4225 dimanat
1238 4162 1412 4245 sapientia,
1426 4162 1467 4225 ab

199 4228 338 4289 mirapelia-
485 4258 520 4279 .Δ
615 4258 622 4272 .
670 4260 676 4272 .
895 4263 903 4276 .
1208 4268 1215 4281 ,
1382 4269 1389 4282 ,

198 4291 288 4340 beatur
299 4293 337 4343 J„
364 4277 510 4322 romanis
525 4256 742 4322 Pontificibus
752 4263 1109 4340 perpetuishonestata
1125 4266 1288 4344 laudibus,
1300 4270 1466 4331 studiosae

367 4358 636 4367 ‚———..-—..--.
720 4361 1456 4374 -—--——--———-————-——--—-——--—-...-—..

395 4397 414 4430 i.
429 4385 443 4429 Ι
452 4385 528 4437 Ρείν.,
542 4394 581 4438 iit,
595 4398 630 4444 15.
643 4360 709 4430 -a
732 4385 755 4430 Τ
754 4387 792 4438 ii,
806 4396 824 4438 1,
836 4401 859 4444 9.
