3117 4859
496 408 732 417 ”””””””””””””
777 409 1049 589 parom¹
1081 411 1402 420 ””””””””””””””””””””

362 1001 448 1020 ¹--..¹rrr
467 1007 610 1013 ¹.„..,..=t....
629 1007 661 1014 ...1
696 1003 1411 1020 ιηιηη-.η.4...-4,,ι.ι,ι4,Α..,ινι-,7,Η,μνν--νινννιιι---ηΗΛιΙ

380 1039 619 1060 ··············
714 1043 734 1060 ν
751 1045 770 1062 v
788 1016 1445 1087 ”mmmmm

672 1090 676 1100 Ι

182 1148 276 1233 svin
330 1160 517 1233 stfflqq
529 1146 689 1211 ITTERAS
701 1168 721 1209 a
734 1148 829 1209 vobis
845 1148 1015 1230 superiore
1031 1169 1121 1213 anno
1137 1150 1441 1230 accepimus,com·

190 1236 263 1299 ¹⁸⁹4·
537 1252 647 1315 munis
673 1250 823 1316 laetitiae
848 1254 1004 1335 gratique
1022 1254 1125 1316 animi
1153 1254 1292 1315 nuncias
1312 1250 1442 1315 dehic·

153 1352 304 1467 mim:
330 1220 512 1477 ξιξ
536 1356 664 1419 rarchia
687 1358 776 1439 apud
802 1378 861 1421 vos
885 1358 987 1440 paulo
1010 1367 1089 1420 ante
1103 1354 1318 1439 amplificata,
1333 1355 1443 1418 altera

177 1482 303 1547 rifialie-
330 1460 517 1533 mis,
539 1459 694 1523 videlicet
719 1460 946 1524 ecclesiastica
973 1460 1129 1524 instituta
1156 1460 1326 1543 provincia
1351 1459 1442 1522 sedi·

152 1548 303 1674 mmlx
331 1565 460 1647 busque
487 1562 736 1645 episcopalibus
763 1574 909 1646 quatuor
935 1564 1084 1629 adiectis.
1100 1601 1144 1614 —
1171 1564 1226 1627 De
1256 1584 1344 1628 nova
1373 1564 1442 1625 hac

176 1680 237 1739 jam
247 1680 305 1755 licet
332 1669 551 1751 Apostolicae
566 1668 599 1730 in
616 1677 752 1750 gentem
769 1678 916 1731 vestram
933 1668 1170 1733 sollicitudinis
1192 1667 1443 1750 significatione

150 1744 305 1873 „fgssfflssj
331 1770 766 1836 saneluitlaetandum.1n
789 1772 939 1855 pluribus
966 1772 1137 1835 enimvero
1161 1772 1288 1835 caussis
1314 1771 1440 1853 quibus

187 1878 303 1988 [Μία
330 1898 382 1940 res
411 1875 577 1940 catholica
607 1875 817 1957 aliquantum
850 1876 941 1958 apud
973 1896 1033 1940 vos
1064 1876 1215 1940 inclinari
1247 1876 1438 1953 videbatur,

149 1949 302 2070 ,pla‘e'rlm'
329 1982 552 2045 recensendus
568 1982 681 2056 etiam,
697 1980 805 2060 impar
821 1981 1038 2063 amplitudini
1063 1980 1208 2063 regionis
1224 2000 1263 2043 ac
1281 1979 1436 2061 frequen·

329 2085 396 2148 tiae
412 2085 607 2161 incolarum,
622 2084 828 2147 Antistitum
856 2104 1025 2147 sacrorum
1054 2104 1221 2149 numerus.
1240 2083 1328 2147 Nam
1355 2084 1441 2147 inde

330 2190 431 2252 fiebat
455 2198 493 2251 ut
510 2187 670 2270 Episcopi
696 2207 763 2251 non
794 2188 859 2263 illa,
875 2208 942 2269 qua
969 2198 1183 2272 exoptarent,
1198 2188 1372 2270 vigilantia
1398 2188 1434 2249 in

327 2294 452 2355 clerum
476 2310 681 2373 gregemque
703 2292 867 2354 creditum
893 2292 941 2354 uti
965 2301 1114 2373 possent,
1136 2300 1208 2355 tum
1239 2290 1282 2353 ad
1307 2290 1437 2353 incom-

328 2397 429 2461 moda
442 2396 763 2480 propulsanda,·tum
774 2396 817 2459 ad
832 2396 988 2459 virtutem
1001 2396 1269 2478 dignitatemque
1278 2393 1437 2459 catholici

327 2498 473 2561 nominis
498 2495 757 2578 provehendam.
776 2495 991 2579 Quapropter
1017 2494 1219 2577 pastoralem
1248 2496 1436 2559 navitatem

326 2610 472 2663 vestram
501 2598 711 2681 probavistis,
729 2618 844 2680 quum,
861 2597 1072 2679 Paulopolim
1099 2598 1279 2680 congressi,
1303 2596 1436 2680 episco-

326 2706 411 2788 palis
427 2702 633 2767 hierarchiae
654 2700 953 2783 amplificationem
976 2722 995 2765 a
1022 2700 1185 2765 Pontifice
1208 2721 1348 2765 romano
1371 2721 1436 2785 po·

325 2811 501 2876 stulastis:
530 2808 652 2892 quibus
686 2807 757 2871 Nos
786 2808 1068 2888 postulationibus
1096 2808 1238 2871 libenter
1269 2807 1435 2871 duximus

170 2880 300 3007 Eam
325 2913 634 2979 obsecundandum,
651 2948 694 2961 -
710 2912 760 2974 At
774 2911 876 2989 enim,
892 2910 1111 2975 Venerabiles
1130 2912 1272 2987 Fratres,
1288 2911 1369 2973 dum
1386 2931 1434 2975 ex

168 3024 235 3122 χῖ
250 3026 298 3122 23·
327 3017 663 3099 Episcopis,numero
675 3035 777 3097 quam
792 3024 892 3077 antea
906 3015 1065 3095 pluribus,
1079 3015 1123 3077 rei
1137 3014 1338 3078 christianae
1353 3034 1435 3096 spes

162 3105 300 3188 tueamur
325 3124 410 3186 nitet
434 3120 546 3184 uberis
571 3119 778 3194 incrementi,
803 3119 836 3181 id
865 3128 977 3181 tamen
1007 3140 1052 3182 ex
1078 3128 1189 3181 vestro
1217 3118 1431 3200 potissimum

161 3205 299 3320 ‘'zm'}
323 3224 484 3306 cuiusque
500 3221 614 3286 studio
629 3222 882 3302 expectandum
900 3230 961 3296 est,
978 3230 1015 3285 ut
1037 3221 1256 3302 gliscentibus
1280 3219 1434 3301 undique

167 3337 295 3413 malistor-
324 3331 420 3393 malis
435 3340 628 3411 opportuna
643 3326 868 3391 adhibeantur
884 3328 1042 3392 remedia.
1061 3328 1161 3391 Hanc
1178 3329 1286 3410 ipsam
1304 3328 1336 3391 in
1354 3346 1433 3407 par·

136 3400 295 3527 bum-op.
322 3438 450 3497 temne
473 3432 685 3515 providentia
709 3431 860 3494 caritatis
878 3430 1024 3495 Nostrae
1046 3432 1264 3509 desideretur,
1279 3430 1430 3513 aperien-

321 3544 402 3603 dum
419 3540 612 3603 censuimus
628 3559 715 3621 quae
737 3539 825 3601 curis
849 3540 967 3600 vestris
985 3539 1164 3620 praecipue
1188 3537 1431 3603 commendata

321 3644 471 3721 velimus,
487 3644 529 3707 ad
547 3642 625 3707 fidei
641 3644 844 3725 pietatisque
860 3644 1064 3707 christianae
1084 3644 1272 3727 proiectum
1289 3662 1429 3726 magno·

321 3767 408 3829 pere,
425 3756 461 3809 ut
478 3764 661 3827 speramus,
677 3746 781 3810 utilia.

251 3896 275 3943 A
277 3894 297 3941 d
365 3850 619 3913 Elaborandum
637 3848 668 3912 in
689 3851 805 3931 primis
829 3860 866 3915 ut
888 3850 1045 3913 homines
1068 3851 1153 3913 sacri
1176 3850 1305 3915 ordinis
1328 3850 1427 3913 disci·

162 3958 292 4033 scientiam
321 3954 420 4036 plinis
439 3954 577 4034 optimis
602 3954 829 4029 instituantur,
847 3954 885 4017 iis
910 3954 1107 4036 praesertim
1131 3954 1252 4037 quibus
1277 3956 1429 4019 maxime

157 4022 292 4137 mm
319 4070 369 4121 est
384 4076 479 4138 opus,
495 4067 532 4120 ut
548 4057 749 4120 catholicam
766 4059 942 4121 veritatem
959 4066 993 4120 et
1019 4066 1099 4143 apte
1125 4078 1185 4141 pro
1212 4056 1322 4121 officio
1351 4078 1427 4140 pro.

139 4156 294 4267 eallhelm
318 4181 444 4245 ponere
459 4171 493 4225 et
509 4172 643 4224 strenue
659 4162 702 4224 ab
717 4161 1029 4245 oppugnationibus
1045 4162 1175 4244 possint
1192 4163 1302 4227 tutari.
1316 4162 1429 4226 Nimis

240 4254 247 4278 '
318 4265 469 4351 quotidie
485 4264 693 4347 experiendo
710 4276 804 4348 patet
815 4265 892 4329 fidei
910 4286 948 4328 ac
966 4265 1136 4347 religionis
1154 4266 1364 4349 ignoratione
1379 4266 1427 4331 ibi

318 4371 386 4435 sere
403 4369 547 4452 populos
568 4370 686 4452 premi,
702 4370 758 4433 ubi
785 4368 973 4433 administri
1000 4388 1170 4434 sacrorum
1196 4379 1427 4435 consentanea
