3117 4859
229 384 418 435 urrraauu
444 380 703 434 urosuourcaa
728 367 749 397 “
769 356 1037 439 saurauuua''.‚
1137 377 1182 451 25

84 537 200 599 Nostra
216 535 416 619 Apostolica
432 534 476 599 ad
493 534 653 599 maiorem
670 534 736 599 Dei
752 532 905 617 gloriam,
932 532 975 597 ad
1000 532 1184 595 incremen-
1248 553 1318 641 idi

83 648 148 703 tum
163 638 348 703 catholicae
365 639 454 721 apud
478 638 616 702 orientis
642 638 786 722 populos
813 636 993 720 religionis,
1017 635 1060 701 ad
1082 636 1184 699 decus
1250 628 1324 717 1891:

84 744 322 829 utilitatemque
338 744 560 811 Maroniticae
575 744 731 823 nationis,
747 742 937 826 Collegium
954 742 988 805 in
1016 741 1079 806 hac
1095 740 1185 803 alma
1237 741 1364 833 Sfflm

85 850 157 915 urbe
171 849 299 913 clericis
315 848 526 913 Maroniticis
536 848 752 913 instituendis
778 847 1016 922 instauramus,
1040 842 1185 909 restitui·
1210 841 1363 949 mm

85 970 151 1016 mus
160 972 199 1015 ac
211 952 324 1016 denuo
334 951 533 1029 excitamus,
544 950 588 1015 ad
599 950 691 1033 leges
701 969 789 1035 quae
804 948 890 1014 infra
902 949 1069 1028 dicuntur,
1080 947 1184 1012 idem·
1211 966 1358 1014 mamm

84 1077 142 1139 que
157 1056 346 1138 Collegium
374 1056 494 1121 codem
511 1057 582 1121 iure
597 1065 670 1122 es'se
685 1054 852 1131 volumus,
866 1074 935 1138 quo
951 1072 1039 1135 quae
1054 1053 1186 1135 optimo
1211 1030 1341 1147 {2¹²5}ss

84 1173 112 1226 et
136 1162 289 1245 legitimo
316 1163 386 1226 iure
417 1159 594 1227 Pontificia
625 1159 821 1225 clericorum
852 1158 1008 1242 Collegia
1038 1158 1071 1221 in
1104 1157 1186 1223 urbe
1212 1161 1335 1221 restituo,

83 1273 160 1328 sunt.

121 1367 203 1433 Cum
220 1388 323 1453 porro
332 1369 484 1433 maxime
498 1379 655 1451 optemus
672 1378 709 1432 ut
724 1368 789 1433 hoc
808 1367 1054 1432 Maronitarum
1072 1364 1183 1432 Colle·

83 1471 165 1551 gium
181 1472 225 1537 ad
242 1480 388 1537 veterem
405 1472 606 1555 dignitatem
623 1480 658 1537 et
673 1471 776 1535 decus
792 1478 957 1553 assurgat,
983 1467 1185 1534 confidimus

83 1574 244 1640 studiosae
259 1576 406 1643 Nostrae
415 1576 449 1640 in
466 1577 576 1659 ipsum
603 1576 769 1640 voluntati
785 1575 904 1640 uberes
919 1575 1133 1640 alumnorum
1149 1574 1184 1637 in

85 1679 195 1743 uinute
211 1688 246 1744 et
261 1680 415 1746 doctrina
430 1700 626 1763 progressus
641 1679 789 1745 vicissim
805 1700 1031 1763 responsuros.

121 1781 306 1866 Collegium
323 1785 438 1867 itaque
453 1784 562 1866 ipsum
584 1784 618 1847 in
635 1782 764 1848 ditione
789 1795 823 1848 et
848 1792 1017 1866 potestate
1044 1780 1185 1847 Consilii
1211 1790 1368 1869 tegqsdefinrr

84 1886 191 1952 Nostri
206 1886 284 1953 fidei
294 1888 545 1971 propagandae,
556 1888 728 1954 orientalis
744 1888 828 1953 ritus
837 1888 982 1971 negotiis
993 1886 1185 1969 praepositi,
1210 1858 1365 1987 mg]

84 2001 235 2073 perpetuo
266 1992 320 2070 sit,
343 2012 383 2056 ac
410 1992 529 2057 iisdem
558 1993 729 2076 regiminis
760 2002 795 2057 et
824 1992 1023 2073 disciplinae
1054 1990 1184 2073 legibus
1211 1994 1264 2049 rur,

84 2104 197 2173 utatur,
211 2096 342 2179 quaein
358 2096 557 2162 Urbaniano
567 2096 711 2179 collegio
721 2094 798 2160 fidei
809 2095 1050 2179 propagandae
1059 2094 1185 2177 vigent.

120 2198 304 2264 Cardinalis
321 2202 377 2283 qui
404 2202 489 2265 sacri
513 2200 651 2266 Consilii
669 2200 747 2265 fidei
762 2200 1002 2283 propagandae
1018 2196 1184 2281 generalis

83 2302 265 2370 Praefectus
289 2317 351 2384 est,
374 2308 501 2390 quique
524 2307 743 2389 inposterum
758 2304 888 2369 futurus
908 2304 961 2381 sit,
974 2303 1111 2367 Patroni
1124 2320 1183 2365 seu

83 2408 275 2474 Protectnris
291 2410 537 2475 Maronitarum
561 2410 595 2474 in
613 2409 694 2474 urbe
710 2409 862 2492 Collegii,
879 2428 1001 2473 munus
1016 2408 1051 2471 in
1067 2426 1184 2491 perpe·

86 2518 171 2577 tuum
185 2523 289 2596 gerat.

120 2615 202 2681 Cum
220 2639 299 2682 vero
316 2618 466 2682 maxime
481 2617 612 2682 intersit
636 2617 679 2681 ad
707 2626 835 2681 rectum
864 2614 1007 2698 Collegii
1034 2614 1183 2697 regimen

81 2719 209 2804 eiusque
232 2722 498 2805 prosperitatem,
526 2722 705 2786 Rectorem
730 2730 926 2803 ceterosque
953 2717 1185 2783 Moderatores

82 2826 231 2889 constitui
246 2824 303 2909 qui
320 2826 428 2909 magis
443 2825 555 2891 idonei
565 2846 605 2890 ac
618 2826 716 2889 utiles
732 2826 824 2889 bono
836 2824 987 2888 eiusdem
998 2824 1185 2901 videantur,

82 2926 244 2994 Cardinali
266 2931 414 2994 Patrono
436 2930 624 3008 tribuimus,
651 2939 688 2993 ut
703 2930 857 3011 quaesita
883 2930 985 2993 etiam
1017 2928 1186 2992 sententia

83 3031 213 3097 Consilii
246 3034 476 3100 Cardinalium
508 3035 551 3099 de
581 3054 650 3115 quo
681 3054 783 3117 supra
813 3034 973 3110 diximus,
1004 3033 1184 3096 Rectorem

83 3137 225 3221 aliosque
241 3137 383 3221 Collegii
400 3138 628 3203 moderatores
639 3138 809 3219 designet,
824 3137 934 3219 deque
949 3136 989 3199 iis
1004 3136 1047 3199 ad
1071 3136 1185 3199 Ponti·

83 3238 169 3307 ficem
196 3244 391 3307 Maximum
419 3242 551 3318 reserat,
574 3252 612 3307 ut
636 3242 693 3323 qui
714 3240 883 3324 designati
910 3239 1041 3315 suerint,
1068 3258 1184 3303 eorum

82 3342 304 3425 eligendorum
322 3344 482 3407 Pontifex
499 3344 674 3408 Maximus
691 3352 808 3407 auctor
818 3342 886 3408 fiat.

120 3443 282 3511 Sacerdos
298 3446 522 3511 Maroniticae
545 3447 691 3511 nationis
716 3467 736 3510 a
762 3448 911 3510 Patrono
933 3444 1101 3524 deligatur
1128 3445 1185 3528 qui
1282 3519 1290 3542 N

82 3550 186 3615 sedem
218 3552 252 3615 in
284 3550 439 3634 Collegio
469 3552 604 3629 habeat,
633 3554 758 3636 quique
785 3551 938 3616 sedulam
965 3551 1022 3615 det
1046 3568 1183 3634 operam

82 3650 219 3717 alumnis
246 3654 443 3719 excolendis
469 3664 503 3719 et
531 3656 728 3719 exercendis
754 3656 790 3717 in
815 3655 855 3717 iis
882 3672 969 3736 quae
994 3654 1037 3717 ad
1054 3672 1184 3718 sacram

81 3753 242 3839 liturgiam
258 3772 362 3842 atque
377 3758 420 3823 ad
442 3778 613 3823 sacrorum
629 3759 722 3837 ritus,
753 3756 999 3822 Maronitarum
1022 3758 1185 3840 proprios,

83 3860 253 3939 pertinent.

121 3964 253 4029 Patroni
268 3974 383 4029 autem
400 3967 583 4030 auctoritas
600 3976 633 4031 et
648 3976 800 4049 potestas
825 3987 865 4031 ea
891 3968 965 4044 erit,
988 3967 1041 4031 cui
1066 3986 1185 4031 omnes

82 4065 132 4144 qui
155 4068 290 4151 regendi
316 4078 350 4133 et
374 4070 632 4135 administrandi
660 4090 783 4135 munus
808 4071 840 4133 in
870 4070 1023 4154 Collegio
1048 4070 1184 4147 habent,

83 4169 199 4236 nedum
211 4172 349 4251 alumni,
363 4175 504 4257 obsequi
521 4185 555 4240 et
567 4196 683 4259 parere
699 4177 855 4240 debeant.

122 4270 204 4337 Cum
221 4274 264 4339 de
278 4276 487 4358 gravioribus
503 4288 623 4360 agatur
638 4278 781 4361 Collegii
810 4281 963 4362 negotiis,
992 4278 1036 4343 de
1055 4278 1095 4341 iis
1122 4277 1184 4340 Pa·

86 4379 190 4441 tronus
206 4377 249 4443 ad
263 4380 457 4446 Pontificem
470 4382 662 4447 Maximum
680 4382 858 4461 faleratae
871 4386 903 4447 in
916 4382 1066 4465 singulos
1077 4400 1184 4445 annos
