3117 4859
228 365 279 416 nn
304 363 524 417 nrscnurua
550 342 821 417 onrsn'mn'ruu
847 363 1140 419 conserviunt.
1167 386 1168 389 κ
1196 369 1264 439 311

161 514 281 590 vocari,
305 511 442 594 infringi
468 531 575 594 posse,
599 530 645 576 ex
671 511 799 593 quavis,
825 510 903 576 licet
919 512 1127 596 privilegiata
1143 534 1269 591 caussa,
1332 512 1405 600 ἦν,

161 615 272 679 colore
299 625 334 681 et
358 615 517 694 nomine;
543 615 602 680 sed
628 613 797 697 plenarios
823 624 858 680 et
873 616 1020 699 integros
1037 617 1175 681 effectus
1191 640 1268 684 suos
1335 612 1407 674 1³⁹4·

160 716 293 797 babere,
317 739 385 784 non
410 718 624 784 obstantibus
650 717 868 801 Apostolicis,
891 720 992 785 etiam
1010 722 1041 783 in
1059 722 1269 803 generalibus
1311 762 1444 811 mm,

161 843 199 887 ac
226 823 487 907 provincialibus
503 821 653 888 conciliis
672 823 783 899 editis,
800 824 1106 901 constitutionibus,
1123 844 1267 891 necnon
1294 826 1436 875 terrvindr'-

161 928 333 1013 quibusvis
361 926 464 992 etiam
488 924 745 991 confirmatione
771 926 970 1009 Apostolica
995 927 1046 991 vel
1072 930 1188 1011 quavis
1204 931 1269 994 alia
1295 898 1342 942 ω’

162 1032 321 1096 firmitate
348 1030 514 1094 roboratis
539 1030 685 1107 statutis,
713 1031 1011 1096 consuetudinibus
1032 1052 1070 1095 ac
1086 1034 1268 1115 praescrip·

161 1135 310 1199 tionibus
323 1154 330 1212 ;
346 1133 468 1218 quibus
484 1134 653 1211 omnibus,
670 1132 808 1217 perinde
817 1154 855 1199 ac
866 1134 893 1197 si
904 1134 947 1198 de
958 1136 1061 1199 verbo
1072 1137 1115 1200 ad
1129 1135 1268 1201 verbum

161 1239 252 1304 hisce
279 1238 399 1303 litteris
429 1238 554 1303 inserta
584 1247 706 1316 essent,
737 1239 779 1303 ad
813 1239 1070 1321 praemissorum
1104 1239 1270 1319 effectum,

161 1342 350 1425 specialiter
371 1351 406 1407 et
429 1361 589 1425 expresse
605 1343 810 1427 derogamus
826 1351 860 1405 et
875 1343 1073 1425 derogatum
1090 1364 1162 1407 csse
1178 1345 1268 1409 volu-

162 1468 247 1527 mus,
258 1447 444 1530 ceterisque
458 1447 493 1510 in
506 1447 712 1510 contrarium
728 1444 930 1510 iacientibus
942 1447 1216 1533 quibuscumque.
1228 1486 1271 1499 -

162 1552 332 1617 Volumus
359 1562 471 1615 autem
495 1561 532 1615 ut
548 1551 666 1615 harum
685 1550 891 1615 Litterarum
908 1553 1075 1635 exemplis
1091 1554 1194 1617 etiarn
1211 1556 1271 1617 im-

163 1655 295 1738 pressis,
322 1673 491 1737 manuque
515 1654 647 1718 Notarii
664 1654 861 1737 subscriptis
877 1665 910 1718 et
927 1674 986 1735 per
1001 1657 1221 1720 constitutum
1239 1657 1272 1719 in

167 1759 391 1824 ecclesiastica
416 1759 584 1841 dignitate
614 1760 722 1821 virum
754 1777 816 1821 suo
843 1759 954 1841 sigillo
980 1760 1127 1837 munitis,
1154 1761 1272 1824 eadem

162 1862 330 1928 habeatur
354 1860 436 1926 fides
463 1881 551 1944 quae
578 1862 811 1944 praesentibus
833 1860 924 1925 hisce
941 1863 1079 1928 Litteris
1095 1864 1273 1927 haberetur

159 1964 316 2030 ostensis.

209 2068 338 2133 Datum
364 2066 496 2131 Romae
520 2066 610 2148 apud
627 2065 661 2132 S.
678 2066 814 2130 Petrum
832 2087 921 2131 anno
939 2067 1184 2132 Incarnationis
1201 2069 1270 2133 Do·

161 2173 305 2237 minicae
315 2171 494 2235 millesimo
503 2171 786 2253 octingentesimo
796 2171 1014 2254 nonagesimo
1024 2183 1154 2253 quarto,
1165 2174 1271 2255 pridie

158 2275 322 2340 calendas
349 2275 566 2353 Decembres,
593 2273 812 2339 Pontificatus
838 2275 953 2340 Nostri
970 2276 1103 2341 decimo
1118 2278 1272 2358 septimo.

218 2430 262 2494 A.
279 2430 397 2496 CARI).
412 2430 622 2496 BIANCHI
639 2467 683 2481 --
699 2432 735 2497 C.
753 2431 870 2498 CARD.
886 2429 952 2496 DE
970 2431 1223 2499 RVGGIERO

299 2552 589 2618 Pro-Dararuvs

658 2655 774 2722 VISA

337 2792 394 2857 De
410 2792 531 2857 curua
549 2790 574 2855 1.
594 2792 652 2855 De
670 2793 818 2870 AQvuA
836 2794 1171 2860 nV1cucou1r1nvs

231 2950 305 3005 Loco
316 2958 347 3020 ›1-
358 2949 467 3003 Pumbr'

302 3064 370 3135 Reg.
382 3067 415 3118 in
427 3063 530 3118 Secret.
544 3062 685 3117 Brern'um

956 3138 979 3202 l.
1004 3136 1181 3203 Cvouoru
