3117 4859
322 375 374 425 1>ss
401 372 734 427 ORDINATIONIBUS
760 373 1008 427 ANGLICANIS.
1158 375 1226 426 201

118 519 255 599 niteque
270 525 417 593 notatur,
431 524 470 580 ut
485 534 604 596 reapse
630 525 710 592 erat,
733 514 863 598 duplex
888 478 1065 578 hominum
1090 513 1231 580 classis:
1319 551 1349 595 η

118 621 196 684 hinc
219 639 335 684 eorum
362 619 419 703 qui
446 637 575 684 sacram
610 619 858 683 ordinationem
887 639 964 682 vere
994 618 1231 702 suscepissent,
1272 599 1363 720 sp&

118 724 245 808 quippe
260 723 294 788 id
310 723 363 788 vel
379 734 458 789 ante
476 722 615 788 Henrici
631 725 865 800 secessionem,
880 723 933 786 vel
957 723 987 786 si
1012 731 1089 804 post
1106 743 1181 787 eam
1199 733 1233 788 et
1260 774 1357 822 aaran
1367 773 1405 819 d„

119 848 178 912 per
193 827 365 892 ministros
380 848 490 892 errore
504 827 689 892 dissidiove
701 826 894 909 implicitos,
904 827 969 891 ritu
986 835 1101 890 tamen
1114 827 1233 891 catho-
1260 834 1415 953 {manli

118 933 384 1012 licocons'uet03
410 932 489 996 inde
512 931 654 996 aliorum
670 932 728 1015 qui
756 931 879 995 initiati
905 939 1018 996 essent
1045 931 1232 995 secundum
1261 952 1415 1000 dolosoru-

120 1036 282 1104 Ordinale
308 1037 562 1112 eduardianum,
589 1035 646 1119 qui
671 1045 849 1118 propterea
870 1044 1009 1116 possent
1031 1034 1234 1118 promoveri,
1260 1014 1415 1120 ljss‘d'ff

119 1138 198 1223 quia
213 1141 460 1205 ordinationem
489 1141 697 1222 accepissent
722 1141 859 1204 irritam.
885 1138 1006 1222 Neque
1033 1140 1123 1205 aliud
1152 1160 1233 1204 sane
1255 1146 1389 1239 {Jg'ggt

120 1244 293 1308 Pontificis
330 1245 507 1309 consilium
539 1244 651 1323 luisse,
681 1245 852 1329 praeclare
883 1243 1062 1308 confirmat
1092 1244 1235 1328 epistola
1260 1251 1383 1322 verunas

117 1348 269 1412 eiusdem
292 1348 423 1430 Legati,
445 1347 500 1413 die
524 1363 620 1413 xxtx
643 1349 783 1413 ianuarii
806 1363 921 1426 MDLV,
948 1348 1126 1413 facultates
1154 1369 1233 1412 suas
1260 1315 1397 1418 illailla

118 1453 278 1535 episcopo
294 1453 501 1517 Norwicensi
516 1453 814 1518 demandantis.ld
832 1454 977 1536 amplius
993 1463 1045 1518 est
1058 1454 1234 1536 potissime
1253 1435 1414 1552 jfmffl,

119 1557 399 1621 considerandum
413 1557 504 1641 quod
521 1578 581 1621 eae
597 1559 690 1640 ipsae
707 1559 783 1623 Iulii
802 1559 857 1622 111
877 1559 1007 1623 litterae
1023 1557 1177 1636 afferunt,
1192 1561 1235 1623 de
1260 1547 1416 1658 gffflm'l

119 1660 336 1725 facultatibus
349 1660 529 1744 pontificiis
539 1660 642 1727 libere
658 1663 804 1740 utendis,
814 1662 917 1726 etiam
932 1663 965 1726 in
976 1683 1092 1727 eorum
1106 1663 1232 1727 bonum

118 1765 241 1848 quibus
272 1787 394 1830 munus
419 1768 689 1844 consecrationis,
716 1767 829 1831 minus
860 1767 923 1830 rite
951 1777 984 1830 et
1012 1788 1074 1830 nare
1101 1767 1234 1830 seruatei

110 1869 231 1949 forma
245 1869 406 1934 Ecclesiae
419 1881 578 1947 consueta,
594 1871 783 1954 impensum
798 1869 861 1935 luit
876 1895 883 1934 :
907 1891 974 1952 qua
989 1872 1127 1954 quidem
1144 1872 1234 1936 locu·

120 1973 214 2038 tione
229 1974 250 2036 ii
267 1985 356 2038 certe
368 1974 634 2057 designabantur
645 1977 703 2057 qui
719 1976 906 2039 consecrati
924 1975 1135 2039 eduardiano
1152 1977 1234 2055 ritu;

120 2086 253 2161 praeter
268 2099 343 2143 eam
360 2099 505 2162 namque
522 2090 555 2144 et
570 2079 771 2143 catholicam
790 2078 932 2143 sormam
955 2080 1021 2142 alia
1044 2080 1135 2144 nulla
1163 2088 1235 2143 erat

122 2201 164 2246 eo
179 2191 330 2265 tempore
351 2184 385 2247 in
401 2183 539 2265 Anglia.

168 2286 264 2351 Haec
280 2297 393 2351 autem
418 2289 587 2370 apertiora
603 2286 685 2352 fient
709 2287 1009 2352 commemorando
1025 2286 1234 2369 legationem
1316 2326 1413 2374 Paul„

74 2391 88 2417 ⁶
123 2410 224 2472 quam
250 2391 427 2473 Philippus
451 2402 485 2455 et
510 2392 621 2455 Maria
645 2411 750 2474 reges,
764 2391 929 2456 suadente
955 2391 1125 2456 Cardinali
1143 2391 1236 2472 Polo,
1262 2387 1405 2506 :milae

124 2493 271 2558 Romam
295 2495 339 2558 ad
357 2495 555 2560 Pontificem
580 2495 747 2560 februario
781 2515 897 2560 mense
931 2509 1038 2558 MDLV
1063 2497 1235 2561 miserunt.
1262 2512 1285 2552 er
1296 2507 1385 2552 Maria

124 2598 225 2681 Regii
240 2610 399 2678 oratores,
415 2600 475 2664 viri
502 2610 570 2664 tres
596 2600 775 2664 adrandum
792 2599 938 2683 insignes
961 2609 992 2662 et
1006 2599 1098 2664 ornni
1111 2600 1236 2665 virtute
1262 2565 1415 2695 iffi&

116 2701 274 2785 praediti,
289 2704 323 2766 in
339 2704 461 2786 quibus
478 2704 629 2769 Thomas
645 2705 799 2787 Thirlby,
814 2707 993 2787 episcopus
1011 2705 1166 2778 Eliensis,
1188 2706 1236 2768 sic
1263 2687 1415 2792 ffj'ssssffff‘

122 2805 294 2872 habebant
321 2809 542 2890 propositum,
566 2809 764 2874 Pontificem
789 2812 831 2873 de
863 2810 1059 2873 conditione
1092 2809 1138 2872 rei
1162 2810 1236 2874 reli·
1260 2818 1369 2924 2223

123 2911 238 2993 giosae
253 2913 287 2975 in
304 2932 345 2975 eo
360 2934 465 2995 regno
490 2914 612 2978 notitia
635 2915 801 2996 ampliore
816 2915 967 2989 edocere,
982 2913 1025 2976 ab
1042 2915 1184 2997 ipsoque
1201 2915 1234 2977 in

123 3015 241 3097 primis
268 3026 381 3098 petere
406 3026 444 3082 ut
468 3037 508 3081 ea
534 3037 623 3100 quae
650 3018 800 3099 Legatus
817 3018 859 3080 ad
877 3017 1030 3080 eiusdem
1048 3019 1142 3099 regni
1159 3038 1235 3082 cum

125 3119 277 3184 Ecclesia
292 3121 599 3186 reconciliationem
616 3130 789 3185 curaverat
801 3129 904 3204 atque
914 3119 1080 3198 effecerat,
1095 3121 1236 3186 haberet

123 3232 198 3288 rata
213 3234 247 3288 et
273 3223 507 3290 confirmaret:
534 3227 606 3290 eius
631 3226 677 3288 rei
701 3226 821 3289 causs'd
847 3226 962 3288 omnia
974 3225 1017 3288 ad
1036 3224 1235 3290 Pontificem

124 3327 227 3393 allata
241 3339 320 3394 sunt
335 3330 530 3395 testimonia
544 3330 669 3413 scripta
683 3348 772 3412 quae
781 3329 968 3411 oportebat,
981 3339 1160 3411 partesque
1173 3329 1237 3394 Or-

124 3432 247 3496 dinalis
263 3435 340 3496 novi
357 3435 514 3517 proxime
529 3435 571 3499 ad
596 3454 666 3497 rem
682 3433 852 3501 facientes.
871 3434 1024 3497 lamvero
1042 3432 1165 3497 Paulus
1185 3431 1236 3497 IV
1261 3459 1404 3505 numan.

122 3535 292 3619 legatione
309 3537 488 3621 magnifice
504 3538 661 3616 admissa,
677 3539 871 3621 eisdemque
881 3538 1085 3602 testimoniis
1096 3557 1155 3620 per
1166 3557 1234 3601 cer·
1260 3519 1415 3626 ffiffla'

122 3649 176 3704 tos
190 3641 320 3724 aliquot
336 3641 534 3708 Cardinales
542 3641 718 3726 diligenter
731 3641 898 3720 discussis,
911 3650 944 3704 et
954 3641 1068 3705 lrabita
1078 3639 1235 3703 delibera·
1259 3639 1303 3744 ἓξ
1311 3638 1413 3754 aestui·

121 3745 208 3810 tiene
219 3756 365 3824 matura,
381 3747 510 3812 litteras
526 3746 708 3811 Praeclara
729 3745 901 3809 carissimi
912 3746 976 3809 sub
992 3745 1236 3828 plombodedit
1259 3759 1350 3828 irruas
1363 3762 1394 3802 n-

121 3849 177 3914 die
192 3863 245 3914 xx
261 3851 343 3915 iunii
365 3851 485 3915 eodem
501 3871 601 3916 anno.
629 3851 669 3915 In
694 3850 748 3914 his
763 3870 866 3933 quum
884 3849 1120 3932 comprobatio
1135 3847 1236 3929 plena
1260 3817 1413 3931 missii.

121 3964 156 4018 et
171 3954 273 4018 robur
291 3955 444 4020 additum
461 3956 505 4020 sit
520 3956 619 4020 rebus
635 3976 655 4019 a
672 3955 755 4018 Polo
770 3955 885 4036 gestis,
899 3955 943 4018 de
966 3952 1235 4018 ordinationibus
1259 3938 1389 4042 fgfffim

121 4059 169 4121 ⁸³⁶
192 4066 244 4122 ‘St
269 4059 576 4142 praescriptum
603 4059 664 4143 qui
686 4059 736 4123 aa'
758 4058 890 4122 ordines
912 4056 1178 4122 ecclesiasticos...
1194 4053 1236 4120 ab
1260 4056 1395 4162 pmii

121 4161 188 4226 alr'o
201 4184 303 4245 quam
326 4163 368 4227 ab
391 4164 529 4247 episcopa
543 4162 608 4227 rite
622 4172 653 4226 et
668 4174 749 4228 recte
767 4163 919 4228 ordinato
927 4161 1233 4244 praenotifuenrnt,
1251 4176 1364 4235 somam

119 4265 244 4331 eosdem
258 4267 428 4332 ordines...
445 4267 485 4331 de
501 4289 581 4333 nova
594 4269 753 4349 suscipere
768 4277 949 4332 teneantur.
960 4266 1108 4350 Quinam
1121 4275 1235 4329 autem
1259 4236 1362 4281 ‘mm

122 4381 235 4436 essent
262 4372 412 4455 episcopi
437 4373 532 4450 tales,
558 4393 621 4437 rron
649 4373 712 4436 rite
727 4383 868 4455 recteque
883 4371 1039 4449 ordinati,
1054 4371 1136 4434 satis
1168 4369 1235 4433 iam
