3117 4859
419 376 469 425 DE
489 375 606 425 SEC'I'A
625 374 846 424 MASSONUM.
1127 372 1188 421 121

87 548 157 591 carn
174 523 378 608 religionem,
395 523 596 606 principium
624 534 658 590 et
686 525 815 589 iontem
844 526 1009 591 bonorum
1027 526 1193 589 maximo·
1240 537 1269 608 ,et
1290 527 1372 605 Eccle-

88 652 166 708 rum,
183 630 297 695 italico
312 632 426 713 generi
440 631 575 713 eripere.
587 666 630 679 --
644 630 736 695 Hinc
751 630 926 695 adhibitae
938 632 981 694 ad
994 649 1193 712 oppugnan-
1216 608 1348 726 2⁸3ssss

87 738 161 799 dam
177 734 279 799 fidem
299 735 449 799 divinam
474 733 626 798 infinitae
652 744 765 812 artes;
791 734 870 799 hinc
886 744 1007 817 spreta,
1033 754 1193 816 oppressa
1220 728 1296 775 ‘fm-

88 840 221 921 legibus,
236 838 388 921 legitima
406 838 578 903 Ecclesiae
595 839 741 904 libertas.
766 837 956 921 Receptum
982 849 1015 903 et
1040 838 1194 902 doctrina

88 953 119 1006 et
132 964 174 1021 re,
190 962 258 1007 non
276 944 343 1007 vim
360 962 427 1007 non
444 944 608 1007 rationem
626 943 660 1007 in
675 942 830 1007 Ecclesia
842 942 1010 1025 perfectae
1022 940 1193 1005 societatis

88 1048 211 1109 inesse:
228 1045 389 1110 antistare
406 1045 660 1128 rempublicam,
687 1065 869 1129 sacraeque
894 1048 1054 1129 potestati
1072 1047 1193 1129 princi·

88 1157 197 1229 patum
214 1147 347 1212 civilem
368 1148 575 1213 antecedere.
601 1148 658 1211 Ex
683 1168 750 1231 qua
776 1149 932 1214 doctrina
948 1148 1137 1231 perniciosa
1160 1157 1193 1211 et

89 1252 175 1330 falsa,
192 1253 292 1318 Sedis
308 1253 530 1336 Apostolicae
556 1254 682 1319 iudicio
697 1274 799 1337 saepe
824 1256 995 1330 damnata,
1009 1274 1087 1319 cum
1105 1253 1194 1317 mala

89 1358 186 1421 multa
201 1368 462 1441 consequuntur,
473 1367 545 1421 turn
562 1358 625 1422 hoc
643 1359 804 1436 maxime,
814 1367 851 1423 ut
867 1360 1013 1423 inierant
1029 1380 1064 1422 se
1074 1358 1192 1441 guber·

88 1473 214 1526 natores
231 1463 278 1525 rei
293 1462 408 1540 civilis,
425 1484 493 1545 quo
509 1464 649 1527 minime
665 1463 716 1528 sas
743 1474 804 1542 est,
829 1484 891 1528 nec
907 1473 1083 1528 vereantur
1099 1464 1142 1527 ad
1158 1480 1193 1525 se

88 1566 254 1630 traducere
271 1568 362 1650 quod
381 1568 553 1631 Ecclesiae
577 1568 795 1632 detraxerint.
814 1607 857 1619 -
872 1569 1006 1633 Videtis
1032 1568 1064 1631 in
1093 1567 1194 1630 bene-

89 1668 165 1732 ficiis
179 1672 416 1736 ecclesiasticis
433 1673 515 1737 illud
531 1673 631 1755 quale
647 1674 700 1752 sit,
715 1675 808 1757 quod
826 1675 877 1737 ius
904 1672 1110 1755 percipiendi
1128 1672 1192 1735 iru-

90 1783 157 1838 ctus
171 1776 236 1838 sibi
252 1787 412 1860 arrogant
427 1779 518 1853 dare,
533 1780 679 1855 demere,
695 1779 738 1842 ad
763 1777 947 1842 arbitrium.
960 1778 1033 1842 Nec
1050 1778 1193 1841 alterum

89 1881 193 1943 minus
209 1881 420 1958 insidiosum,
436 1884 526 1965 quod
544 1882 680 1949 Clerum
705 1882 870 1946 inferioris
894 1882 1021 1946 ordinis
1049 1880 1193 1963 permul-

89 2003 157 2047 cere
180 1984 401 2065 pollicitando
428 1988 589 2067 cogitant.
616 1985 714 2069 Quae
741 2006 792 2049 res
829 2005 989 2069 quorsum
1019 1984 1193 2067 pertineat,

89 2088 179 2151 lacile
194 2098 244 2152 est
260 2090 434 2172 dispicere,
445 2093 595 2155 maxime
607 2094 687 2176 quia
702 2092 766 2175 ipsi
777 2092 876 2155 huius
893 2091 1022 2156 consilii
1040 2098 1193 2154 auctores

90 2191 259 2255 nonsatis
285 2205 402 2256 curant
427 2195 595 2258 occultare
620 2195 701 2277 quid
737 2194 851 2259 velint.
878 2193 1008 2258 Volunt
1035 2192 1191 2257 nimirum

90 2296 300 2359 administros
324 2315 494 2360 sacrorum
523 2298 555 2359 in
594 2307 706 2379 partes
730 2317 808 2361 suas
833 2296 956 2361 blande
980 2295 1193 2377 compellere,

88 2400 328 2481 permistosque
343 2400 447 2463 semel
463 2401 562 2464 rebus
586 2402 681 2464 novis
697 2401 742 2465 ab
756 2400 921 2483 obsequio
945 2400 1117 2483 legitimae
1135 2422 1192 2481 po·

88 2506 215 2567 testatis
229 2502 395 2569 divellere.
413 2503 629 2588 Quamquam
646 2506 736 2569 haud
753 2506 835 2569 satis
851 2505 915 2569 hac
931 2507 964 2569 in
988 2525 1023 2569 re
1039 2504 1194 2571 videntur

88 2606 288 2671 Clericorum
305 2609 507 2672 nostratium
523 2628 687 2691 cognosse
699 2611 856 2673 virtutem
872 2610 949 2693 :qui
966 2630 1047 2674 sane
1062 2620 1112 2676 tot
1125 2610 1191 2675 iam

87 2730 198 2789 annos,
212 2720 283 2775 tam
301 2711 415 2776 multis
433 2712 544 2776 modis
565 2713 717 2790 exerciti,
740 2712 899 2794 exempla
920 2712 1144 2778 abstinentiae
1160 2724 1193 2777 et

89 2812 164 2878 fidei
179 2814 312 2879 edidere
327 2835 395 2880 non
412 2815 565 2893 obscura,
592 2824 627 2879 ut
653 2816 793 2879 omnino
820 2814 1058 2879 confidendum
1083 2818 1135 2894 sit,
1159 2818 1190 2879 in

87 2920 200 2983 eadem
217 2919 379 3002 religione
406 2919 517 2999 officii,
541 2920 802 3003 qualiacumque
827 2929 980 3002 tempora
1006 2922 1192 2998 inciderint,

89 3024 161 3089 Deo
175 3027 335 3105 adiutore,
350 3035 545 3094 constanter
555 3046 801 3109 permansuros.

127 3127 176 3192 At
190 3150 269 3195 vero
285 3149 329 3193 ex
345 3132 407 3207 his,
422 3150 510 3211 quae
526 3129 729 3213 perbreviter
742 3130 927 3213 attigimus,
939 3128 1036 3194 facile
1052 3140 1192 3212 apparet
1301 3156 1372 3205 Sunt

87 3233 164 3312 quid
180 3235 285 3316 possit
298 3244 390 3299 secta
406 3234 776 3318 Massonum,itemque
786 3234 868 3317 quid
880 3244 1021 3316 expetat
1031 3242 1068 3297 ut
1081 3243 1191 3297 extre·
1217 3220 1355 3336 mzz‘,

89 3355 184 3401 mum.
212 3336 314 3420 Quod
340 3347 455 3402 autem
481 3347 583 3419 auget
612 3340 748 3414 malurn,
773 3341 933 3422 quodque
955 3339 1104 3421 cogitare
1119 3340 1191 3402 sine
1217 3353 1369 3429 speurilira·

87 3456 204 3521 magna
215 3442 319 3505 animi
334 3440 561 3506 sollicitudine
574 3444 640 3505 non'
652 3462 841 3524 possumus,
858 3443 957 3507 nimis
975 3442 1071 3506 multi
1088 3444 1190 3506 etiam
1217 3425 1352 3533 {mm

87 3557 127 3603 ex
143 3545 345 3609 nostratibus
362 3554 590 3622 numerantur,
617 3564 704 3627 quos
730 3565 853 3609 nornen
882 3556 995 3629 sectae
1010 3565 1190 3628 operamne

87 3644 169 3725 dare,
183 3668 316 3713 suarum
334 3668 411 3732 spes
428 3648 614 3713 utilitatum
638 3658 672 3713 et
699 3648 822 3713 misera
839 3649 982 3714 ambitio
997 3650 1131 3731 subigit.
1148 3690 1191 3699 -

87 3746 177 3843 Quae
191 3772 267 3818 cum
285 3754 331 3817 ita
347 3754 424 3829 sint,
440 3753 670 3837 episcopalem
686 3753 862 3818 caritatem
875 3764 1034 3832 vestram,
1050 3766 1190 3838 urgente
1250 3784 1312 3833 Illos
1322 3784 1353 3831 ab

86 3848 286 3937 propositum
318 3856 525 3921 conscientia
562 3853 673 3934 officii,
712 3855 934 3939 appellamus,
969 3856 1190 3922 Venerabiles
1217 3849 1369 3898 interitura·

86 3956 220 4038 Fratres,
235 3962 269 4026 in
287 3960 470 4043 primisque
487 3960 635 4043 petimus
662 3970 700 4026 ut
726 3980 854 4038 eorum,
870 3981 953 4044 quos
983 3962 1084 4025 modo
1102 3961 1189 4025 dixi·
1216 3930 1352 4045 msa-

87 4078 163 4139 mus,
178 4066 218 4128 sit
240 4064 338 4128 vobis
365 4065 538 4146 proposita
563 4062 680 4129 salus:
706 4064 740 4128 in
768 4064 808 4127 iis
836 4064 880 4129 ab
907 4085 1018 4129 errore
1038 4066 1189 4130 certissi-
1216 4045 1358 4160 ᾖζῗῗξᾍ

86 4182 200 4248 uroque
223 4168 359 4232 interitu
391 4168 589 4232 revocandis
622 4168 757 4232 assidue
788 4177 822 4232 et
856 4178 1051 4233 constanter
1079 4178 1188 4231 vestra
1216 4178 1250 4225 lio
1254 4176 1329 4240 freti.

85 4278 182 4334 certet
197 4271 369 4336 industria.
387 4270 565 4336 Extricare
580 4291 689 4354 posse,
712 4272 770 4356 qui
795 4291 831 4336 se
857 4272 1055 4337 Massonum
1085 4272 1189 4353 impe-

87 4370 166 4437 divit
179 4373 209 4437 in
226 4375 355 4458 plagas,
382 4394 433 4438 res
462 4372 614 4457 proiecto
641 4384 693 4439 est
719 4385 753 4439 et
783 4374 878 4437 multi
900 4374 1026 4455 negotii
1044 4382 1078 4437 et
1094 4374 1189 4437 exitu
