3117 4859
338 357 386 428 30
505 341 834 406 rscocur1o·‘1u
862 353 1037 404 srsrsms
1065 350 1240 404 uosrms.
1261 327 1279 356 ''

335 495 512 575 confidere,
528 496 620 558 nulla
636 496 735 559 huius
750 495 882 577 generis
898 495 1145 578 impedimenta
1159 491 1302 576 posthac
1325 488 1443 554 sutura

182 621 263 686 manet
273 621 308 660 ta·
334 639 378 650 -
389 600 606 684 Quamquam
619 601 646 664 si
663 599 762 663 luerit
778 598 1001 680 Apostolicae
1018 599 1098 666 Sedi
1114 601 1178 664 hac
1193 619 1239 662 ex
1254 605 1349 680 parte
1362 592 1444 657 satis

157 690 212 722 Μ
227 675 309 780 'yffi
336 707 473 782 iactum,
483 725 549 769 non
563 705 687 770 idcirco
703 715 818 768 tamen
836 714 966 768 mutata
982 706 1167 769 admodum
1183 701 1352 767 censenda
1366 715 1445 762 con·

167 795 310 900 S‘llssffl
335 812 420 877 ditio
436 809 564 874 Nostra
580 829 746 893 praesens,
762 809 921 873 Romano
943 808 1097 874 Pontifici
1122 809 1292 882 iniuriosa,
1308 825 1368 869 nec
1384 803 1444 866 ita·

154 922 311 1020 mmm
336 919 401 982 lico
418 914 588 978 fortunata
599 913 728 996 generi;
745 914 798 976 cui
816 914 889 978 Nos
904 916 1090 979 conditioni
1106 912 1318 995 acquiescere
1332 908 1446 974 volen-

262 1006 268 1018 ’
335 1033 395 1096 tes,
412 1039 479 1084 non
496 1019 657 1082 sanctitas
684 1019 773 1095 iuris,
797 1038 864 1083 non
888 1018 989 1085 officii
1016 1017 1222 1084 conscientia
1248 1014 1318 1079 ullo
1345 1012 1446 1076 modo

335 1127 471 1210 patitur.
484 1123 688 1206 Legitimam
706 1123 883 1204 apostolici
901 1125 1048 1188 muneris
1064 1124 1266 1198 libertatem,
1283 1119 1447 1199 Sedisque

336 1229 557 1312 Apostolicae
573 1229 646 1291 iura
660 1227 775 1292 omnia
791 1229 1012 1304 vindicamus,
1027 1229 1215 1310 eodemque
1230 1235 1349 1288 tenore
1368 1241 1448 1286 con·

336 1335 481 1399 stantiae
497 1333 590 1396 nullo
606 1353 672 1396 non
690 1342 844 1415 ternpore
859 1333 1114 1398 vindicabimus.

217 1436 309 1481 Laudi-
380 1438 537 1504 Ceterum
564 1437 799 1500 auctoritatem
824 1439 971 1502 muneris
997 1439 1113 1503 Nostri
1129 1439 1277 1521 primum
1292 1436 1446 1501 omnium

186 1497 311 1614 hssjffl
336 1542 486 1625 postulat
516 1541 678 1605 hodierna
709 1542 764 1606 die
796 1541 948 1606 Ecclesia
976 1541 1170 1620 Chaldaica,
1200 1541 1359 1607 videlicet
1389 1559 1449 1604 suo

170 1617 311 1720 &2⁸:522ss
336 1649 454 1712 orbata
486 1646 679 1710 Patriarcha
703 1647 749 1710 ob
779 1649 951 1713 interitum
977 1650 1177 1716 venerabilis
1204 1648 1331 1714 Fratris
1360 1642 1450 1709 Petri

162 1734 310 1838 campe
337 1751 432 1816 Eliae
458 1751 662 1822 Obolonian,
684 1773 784 1834 quem
813 1753 1023 1837 Nosmetipsi
1048 1755 1276 1820 Patriarcham
1304 1747 1449 1831 Babylo·

230 1855 306 1906 sm·
336 1877 474 1920 nensem
493 1855 742 1921 Chaldaeorum
769 1859 832 1922 rite
855 1859 936 1924 olim
962 1861 995 1922 in
1013 1859 1224 1926 Consistorio
1239 1851 1449 1922 confirmavi·

336 1983 421 2027 mus.
439 1962 471 2024 Is
488 1961 542 2043 pie
558 1963 658 2024 cessit
674 1983 692 2024 e
708 1963 777 2026 vita
792 1983 884 2027 anno
900 1967 1059 2045 proximo
1075 1965 1255 2046 superiore,
1269 1961 1326 2025 die
1342 1969 1449 2022 xxvlt

336 2067 460 2130 mensis
479 2065 576 2142 lunii,
588 2067 791 2148 integritate,
807 2067 978 2150 religione,
994 2069 1215 2135 beneficentia
1230 2063 1448 2131 commenda-

334 2179 397 2233 tus.
414 2169 477 2235 Cui
494 2171 565 2234 viro
580 2171 662 2233 haec
678 2190 814 2253 quoque
835 2174 1013 2238 tribuenda
1030 2176 1112 2251 laus,
1127 2175 1229 2256 quod,
1245 2167 1448 2236 nominatim

335 2282 453 2355 postea
478 2293 579 2355 quam
596 2273 731 2338 decreta
752 2295 791 2339 ac
807 2278 896 2340 iussa
912 2279 1027 2342 omnia
1043 2277 1303 2344 Constitutionis
1324 2274 1449 2338 Pianae

338 2375 422 2442 Cum
435 2377 646 2442 ecclesiastica
661 2377 836 2460 disciplina
852 2382 1093 2446 demississime
1108 2383 1303 2465 accepisset,
1320 2379 1450 2461 reliquo

335 2492 489 2563 tempore
505 2483 538 2544 in
556 2482 718 2564 obsequio
737 2485 957 2565 Apostolicae
974 2485 1071 2551 Sedis
1088 2487 1273 2568 permansit
1288 2483 1399 2547 lrhens
1417 2491 1449 2543 et

188 2617 309 2663 ,amu-0.
335 2595 503 2650 constans.
518 2623 563 2634 —
579 2585 632 2648 Eo
659 2585 759 2667 igitur
782 2588 972 2665 demortuo,
996 2589 1157 2672 Episcopi
1174 2588 1348 2654 Chaldaici
1366 2588 1450 2649 ritus

174 2691 228 2795 Ἓξ.
237 2677 310 2782 ,2322
336 2691 369 2754 in
386 2690 551 2770 templum
569 2689 695 2753 Beatae
712 2690 843 2756 Mariae
858 2691 1008 2773 Virginis
1024 2714 1128 2776 prope
1152 2713 1277 2775 pagum
1293 2687 1449 2789 Alkosch

158 2797 212 2842 lesu
227 2795 310 2854 ΚΜ·
336 2796 378 2858 ad
396 2794 563 2877 synodum
589 2797 796 2876 congregati,
822 2797 952 2861 cunctis
978 2795 1145 2875 suffragiis
1171 2797 1290 2859 dixere
1306 2793 1449 2857 Patriar-

163 2855 310 2971 yallelrdp‘laess
336 2900 434 2963 cham
458 2899 681 2963 venerabilem
709 2900 861 2964 Fratrem
879 2900 1064 2983 Georgium
1082 2899 1310 2965 Ebed·lesum
1328 2897 1449 2978 Khay-

158 2974 309 3090 ,emm
335 3003 427 3087 yath,
464 3002 766 3086 Archiepiscopum
799 3004 1024 3068 Amidensem
1063 3026 1120 3069 seu
1161 3003 1448 3068 Diarbiltirensem

181 3107 309 3198 Cffijss'
336 3107 593 3172 Chaldaeorum.
610 3105 756 3171 Litteras
781 3107 846 3172 hac
872 3109 916 3172 de
942 3130 976 3172 re
1004 3109 1113 3173 Nobis
1141 3109 1260 3171 misere
1285 3102 1447 3187 Episcopi

157 3225 214 3256 ”tm
335 3213 591 3292 suffragatores:
608 3213 756 3294 itemque
767 3213 859 3276 misit
873 3213 1212 3288 Patriarchaelectus,
1223 3211 1355 3275 adiecta
1366 3203 1446 3270 fidei

334 3317 530 3392 catholicae,
550 3325 587 3378 ut
615 3315 748 3391 assolet,
773 3317 892 3398 suique
916 3337 997 3397 erga
1026 3335 1200 3380 romanam
1226 3312 1447 3394 apostolicam

335 3419 521 3485 Ecclesiam
538 3419 691 3500 obsequii
707 3418 914 3501 professione
929 3443 937 3483 ε
953 3421 1077 3501 quibus
1092 3420 1219 3482 eisdem
1234 3417 1354 3482 litteris
1368 3435 1446 3480 curn

334 3525 451 3600 is,tum
462 3523 510 3587 illi
524 3522 697 3605 postulant
713 3533 750 3586 ut
762 3521 963 3588 electionem
978 3521 1176 3587 confirmare
1188 3523 1339 3604 sacrique
1350 3519 1446 3585 Pallii

334 3628 496 3690 honorem
528 3626 637 3690 electo
669 3627 815 3690 tribuere
845 3628 1050 3692 auctoritate
1080 3625 1267 3710 apostolica
1295 3625 1446 3690 velimus

334 3730 521 3811 Perspectis
538 3729 674 3812 quidem
692 3732 898 3795 ornamentis
914 3731 1019 3795 animi
1037 3739 1072 3795 et
1087 3731 1223 3813 ingenii,
1238 3749 1326 3813 quae
1348 3749 1445 3794 vene·

334 3833 473 3898 rabilem
501 3832 637 3897 fratrem
663 3832 847 3916 Georgium
874 3833 1105 3899 Ebed·lesum
1137 3833 1326 3918 Khayyath
1355 3853 1444 3897 com·

334 3937 506 4013 mendant,
521 3935 699 4018 explorata
720 3957 797 4020 spes
813 3947 873 4018 est,
888 3938 1039 4003 futurum
1057 3948 1095 4002 ut
1111 3957 1325 4002 communem
1341 3955 1444 4020 expc-

333 4041 517 4105 ctationem
541 4040 643 4121 digne
667 4041 816 4124 expleat,
840 4043 1071 4126 collatamque
1093 4043 1297 4124 dignitatem
1321 4059 1443 4123 magna

154 4130 288 4233 confilmar,
333 4165 409 4209 cum
426 4144 535 4208 salute
559 4143 730 4208 Ecclesiae
756 4143 960 4211 Chaldaicae
988 4155 1093 4229 gerat.
1120 4146 1211 4210 Tota
1237 4146 1300 4208 hac
1327 4145 1442 4207 caussa

167 4235 307 4278 ‘mmm‘
333 4269 428 4312 sacro
443 4246 595 4314 Consilio
610 4248 735 4311 Nostro
748 4247 826 4312 fidei
838 4250 1041 4314 christianae
1050 4249 1290 4331 propagandae
1299 4245 1441 4329 negotiis

195 4295 307 4339 uel’rae-

126 4396 132 4408 .
178 4308 192 4351 q
231 4355 306 4399 ”dm
335 4351 560 4417 Ecclesiarum
590 4349 815 4415 Orientalium
840 4354 882 4415 ad
909 4353 1182 4435 cognoscendum
1211 4351 1381 4433 permissa,
1399 4347 1441 4411 de
