3117 4859
423 376 546 426 11111111
573 374 827 428 1111111111.
1102 375 1181 448 ’337

69 543 168 599 recolit
176 542 335 612 officiorum
344 542 572 599 vicissitudinem
580 542 735 611 Hungaros
744 543 818 597 inter
826 550 855 599 et
863 541 1060 613 Apostolicam
1069 543 1183 613 Sedem,

70 639 224 700 speratque
242 646 293 699 per
316 638 486 700 praesentes
511 629 622 685 litteras
642 637 758 684 auctum
789 628 823 683 iri
848 628 1023 684 celebritatis
1047 628 1184 699 gaudium

70 727 158 787 atque
167 717 413 787 11111111141-141.
423 746 458 757 -
471 716 525 773 Rei
537 716 723 786 Hungaricae
731 717 853 772 multum
865 717 1007 786 profuisse
1016 718 1185 787 religionem

71 804 245 860 catholicam
265 805 383 874 exponit
399 819 456 871 141.
476 835 512 844 -
526 806 669 859 Memorat
692 804 808 861 Geizam
821 805 925 859 ducem
946 822 964 859 a
978 806 1007 859 S.
1027 806 1186 860 Adalberto

70 908 242 947 conversum
256 892 294 947 ad
308 893 419 959 Fidem,
434 903 463 948 et
477 894 505 948 S.
521 892 701 963 Stephanum
711 892 820 961 optime
832 892 964 947 meritum
978 892 1014 946 de
1027 902 1113 961 gente
1125 911 1185 962 sua,

70 996 145 1051 quae
157 980 275 1051 quidem
288 982 396 1036 clarum
417 982 564 1035 aemulata
576 980 745 1051 principem,
758 980 827 1034 Sedi
847 980 1034 1050 Apostolicae
1046 991 1076 1035 et
1088 983 1185 1037 catho-

70 1067 142 1123 licae
156 1068 239 1124 Fidei
252 1068 469 1124 devotissimam
483 1086 514 1123 se
527 1084 642 1138 semper
655 1067 798 1137 praestitit
814 1082 938 1134 t4r·142.
950 1070 1099 1124 —Probat
1113 1071 1187 1124 Pon·

71 1156 139 1213 tifex
151 1173 202 1211 eos
222 1157 271 1229 qui
284 1166 384 1212 curant
398 1157 584 1227 exponendas
596 1172 647 1226 per
663 1156 757 1210 futura
769 1156 911 1210 solemnia
920 1168 1017 1225 partes
1039 1156 1188 1214 Ecclesiae

71 1244 99 1298 in
114 1244 153 1299 rei
168 1244 353 1314 Hungaricae
365 1244 550 1300 incrementis
563 1259 661 1309 141-
670 1244 806 1298 Ostendit
816 1243 853 1299 de
861 1243 937 1298 civili
950 1245 1044 1314 ge'ntis
1056 1244 1188 1302 libertate

71 1331 275 1387 benemeritos
289 1350 353 1388 esse
367 1332 522 1387 Pontifices
535 1348 678 1400 romanos,
691 1332 720 1385 in
738 1331 838 1402 prImis
853 1332 1054 1387 Innocentium
1066 1334 1110 1387 XI
1127 1348 1187 1399 142-

75 1434 133 1487 143.
145 1450 181 1459 —
202 1420 347 1475 Memorat
366 1438 384 1475 a
404 1420 546 1489 Gregorio
558 1419 635 1473 XIII
655 1419 803 1474 conditum
821 1418 849 1473 in
864 1420 946 1475 Urbe
963 1420 1115 1490 collegium
1137 1439 1188 1493 pro

74 1506 222 1577 Hungaris
244 1522 301 1576 143.
316 1538 350 1547 -
363 1510 459 1564 Verba
475 1507 595 1578 Joannis
619 1507 784 1576 Hnnyadis,
803 1516 891 1577 atque
910 1508 1034 1578 epistola
1055 1507 1188 1565 ordinum

71 1594 151 1663 regni
165 1595 202 1650 ad
217 1595 372 1651 Nicolaum
386 1596 423 1664 V,
436 1604 578 1651 testantur
601 1595 763 1650 Ecclesiam
777 1595 815 1649 de
835 1596 965 1663 Hungris
984 1596 1093 1665 optime
1105 1598 1187 1653 meri·

71 1692 130 1737 tam
147 1698 205 1752 143.
221 1714 257 1723 -
275 1685 480 1753 Hungarorum
499 1700 618 1753 regnum
641 1682 829 1754 Apostolicae
842 1683 913 1739 Sedi
935 1683 1025 1739 fuisse
1044 1685 1187 1742 deditissi-

71 1788 149 1825 mum
168 1770 284 1827 edicunt
296 1773 443 1841 complura
465 1771 582 1827 exactis
607 1770 738 1842 publicis,
755 1788 870 1826 necnon
889 1771 986 1827 variae
1003 1774 1187 1830 commenda·

70 1860 164 1915 tiones
185 1858 289 1930 quibus
302 1876 320 1913 a
342 1861 371 1914 S.
395 1860 470 1914 Sede
483 1876 555 1928 gens
575 1859 780 1927 Hungarorum
801 1859 922 1928 dignata
941 1868 986 1914 est
1011 1874 1135 1929 143·¹t4
1151 1893 1186 1901 -

72 1946 205 2002 Refertur
215 1963 249 2002 ex
257 1946 416 2017 diplomate
428 1946 586 2002 Clementis
599 1946 675 2000 XIII
685 1947 725 2001 ad
735 1945 861 2001 Mariam
871 1947 1041 2003 Theresiam
1050 1950 1187 2004 illustrior

70 2032 348 2104 paginar44·145.-
357 2036 537 2090 Adhortatur
545 2035 678 2089 Pontifex
690 2035 937 2104 Hungaros,regni
948 2036 991 2090 sui
1003 2036 1103 2092 laudes
1112 2039 1186 2093 cele·

71 2121 210 2189 braturos,
223 2133 254 2177 ut
267 2122 394 2177 nitantur
415 2123 443 2177 ln
470 2121 570 2193 primis
597 2121 878 2191 religiosissimorum
906 2133 1019 2193 patrum
1047 2125 1186 2181 aemulari

71 2211 204 2280 exempla
222 2212 346 2280 145146.
360 2240 395 2250 -
417 2211 504 2265 Dolet
516 2228 534 2265 a
553 2210 650 2265 multis
663 2210 828 2265 hominibus
850 2212 997 2265 contemni
1019 2213 1186 2282 religionem

71 2298 252 2366 catholicam,
282 2316 388 2369 magno
406 2298 496 2368 ipsius
530 2299 673 2353 humanae
693 2298 840 2353 societatis
862 2298 1035 2354 detrimento
1064 2302 1122 2367 146.
1152 2330 1187 2339 -

72 2390 216 2444 Memorat
229 2397 317 2442 antea
330 2404 348 2442 a
360 2404 391 2443 se
404 2388 441 2441 ad
456 2390 613 2457 Hungatos
622 2388 706 2443 datas
719 2386 829 2443 litteras
842 2403 894 2458 per
902 2403 974 2457 quas
986 2388 1026 2442 rei
1035 2387 1187 2457 religiosae

74 2476 199 2532 simulet
212 2476 287 2531 civili
301 2477 450 2531 consulere
464 2476 572 2530 studuit
586 2476 643 2541 146.
654 2505 690 2514 -
703 2476 762 2529 Eos
772 2474 939 2544 diligentius
947 2476 1079 2545 quotidie
1094 2477 1185 2531 moni-

73 2567 109 2621 tis
122 2564 180 2620 suis
189 2566 437 2634 obtemperaturos
451 2580 515 2619 esse
528 2562 654 2630 confidit,
668 2562 793 2617 maximo
807 2562 926 2631 quidem
946 2563 986 2618 rei
1001 2564 1187 2632 Hungaricae

73 2653 267 2707 emolumento
287 2650 411 2718 146-147.
426 2682 460 2691 -
483 2654 586 2721 Sperat
598 2650 700 2706 futuris
723 2650 901 2705 solemnibus
923 2660 1039 2705 auctum
1059 2652 1093 2706 iri
1115 2651 1188 2707 inter

75 2743 229 2810 Hungaros
263 2739 400 2811 pietatem
417 2756 486 2808 erga
505 2756 654 2793 romanam
677 2739 850 2807 Ecclesiam,
876 2755 989 2794 necnon
1014 2739 1187 2809 obsequium

72 2828 216 2898 fidemque
236 2828 265 2882 in
280 2829 406 2882 Domum
432 2826 699 2896 Habsburgensem‚
712 2836 800 2896 atque
812 2843 878 2880 cnm
893 2826 969 2881 Petri
988 2827 1126 2882 cathedra
1139 2844 1187 2882 ne·

72 2916 277 2972 cessitudinem
293 2929 351 2982 147.
372 2945 406 2955 -
422 2914 730 2971 Benevolentissimum
746 2912 893 2983 Hungaris
913 2914 1041 2968 animum
1054 2924 1187 2980 testatur,

73 3004 166 3059 Deum
181 3020 233 3072 pto
254 3001 325 3072 ipsis
348 3002 528 3071 Sanctosque
547 3018 677 3070 exorans,
700 3012 786 3071 atque
806 3010 923 3070 exoptat
936 3011 966 3054 ut
988 3003 1093 3055 eadem
1114 3002 1137 3053 F
1140 3000 1187 3056 ide

71 3091 150 3147 cives
163 3106 265 3145 omnes
275 3089 433 3159 jungantur
446 3087 599 3143 Ecclesiae
613 3087 737 3154 147-148.
750 3115 786 3125 -
800 3085 951 3140 Benedicit
967 3086 1026 3150 148.

107 3259 156 3309 41.
187 3258 409 3308 LITTERAE
437 3256 731 3308 APOSTOLIGAE
766 3254 891 3316 qulbus
921 3254 1042 3304 domus
1071 3256 1115 3306 ad

72 3348 102 3397 S.
124 3347 296 3396 Laurentll
320 3346 515 3395 Brundisinl
538 3346 579 3395 de
597 3343 687 3395 Urbe
706 3344 899 3393 declaratur
922 3343 1117 3403 generantia

72 3435 206 3486 Ordlnls
225 3435 396 3484 Minorum
422 3433 452 3483 S.
470 3433 636 3483 Franelsct
656 3432 908 3495 capulatorum.
928 3454 964 3464 —
985 3428 1006 3480 ⁵
1031 3431 1116 3480 Mati

72 3522 162 3573 1896.
995 3530 1060 3583 pag.
1136 3529 1187 3583 149

108 3664 257 3720 Pontificis
277 3672 322 3718 est
335 3662 534 3733 religiosarum
542 3662 717 3719 familiarum
725 3678 826 3734 pacem
840 3678 940 3718 curare
954 3676 1013 3729 149.
1026 3691 1062 3700 -
1073 3662 1187 3717 Urbani

72 3754 147 3808 VIII
161 3752 374 3808 declarationes
387 3752 424 3807 de
438 3764 580 3807 conventu
597 3754 681 3807 Imm.
691 3751 897 3821 Conceptionis
912 3750 1030 3805 Ordinis
1040 3749 1186 3805 Minorum

73 3842 280 3910 Capulatorum
294 3840 390 3895 minus
403 3839 457 3895 rite
470 3840 539 3895 olim
552 3839 732 3909 interpretati
746 3848 812 3894 suut
827 3837 957 3893 Minores
978 3837 1111 3905 Capulati
1124 3854 1187 3907 pro-

72 3928 184 3984 vinciae
189 3929 348 3996 Romanae,
353 3929 434 3997 parvi
444 3926 717 3984 facientesMinistri
728 3927 878 3982 Generalis
889 3926 1187 3994 auctoritatem,quam

72 4015 190 4088 quidem
216 4015 281 4071 aliis
303 4025 406 4085 postea
425 4016 529 4070 litteris
552 4016 686 4070 laudatus
701 4015 833 4070 Pontifex
844 4012 1001 4068 vindicavit
1016 4025 1141 4081 149-151.
1153 4041 1188 4051 -

75 4102 300 4158 Difficultatibus
313 4103 416 4159 iterum
430 4104 545 4172 exortis,
560 4104 628 4158 Pius
644 4104 687 4157 IX
699 4110 874 4157 conventum
889 4102 971 4155 Imm.
981 4098 1188 4170 Conceptionis

73 4190 231 4247 declaravit
251 4190 450 4259 generalitium
470 4208 536 4246 esse
560 4200 730 4259 tantumque
756 4188 892 4244 Ministro
918 4186 1053 4242 Generali
1077 4188 1131 4256 vel,
1153 4202 1188 4242 eo

74 4281 204 4347 absente,
219 4278 425 4334 Commissario
436 4279 572 4336 Generali
586 4278 734 4335 subditum
750 4290 875 4347 151-151.
888 4306 925 4315 -
934 4278 1026 4346 Aquo
1037 4274 1188 4331 discedere

74 4378 235 4437 temporum
258 4366 362 4437 injuria
383 4368 485 4433 coacti,
515 4384 546 4423 se
575 4375 743 4438 receperunt
768 4363 939 4435 Superiores
965 4364 1125 4419 Generales
1149 4364 1188 4418 ad

125 4509 194 4552 Acsx
209 4510 305 4553 Lrours.
316 4532 342 4543 -
359 4508 400 4553 vt.
1112 4520 1138 4549 aa
