3117 4859
319 348 390 437 278
476 368 656 421 sptsrota
681 368 915 421 aeosroutca
944 358 964 385 ‘⁴
985 370 1218 422 rametam.
1242 344 1259 372 ”

315 514 409 578 sione
433 526 627 592 averterant,
654 516 781 580 nullam
807 514 873 579 iere
890 514 1068 581 formulam
1084 514 1162 581 fidel
1179 526 1305 581 certam
1322 526 1428 599 atque

169 688 174 699 ,
316 620 515 683 auctoritate
544 620 731 701 praeditam
758 621 849 700 apud
875 620 967 701 ipsos
994 639 1178 702 superesse.
1208 619 1319 683 Immo
1346 638 1427 683 vero

162 693 291 817 W&
316 721 393 787 illuc
418 726 485 787 iam
511 726 702 799 deventum,
718 734 755 789 ut
772 723 870 788 multi
886 744 953 789 non
971 734 1149 790 vereantur
1164 724 1425 788 fundamentum

139 818 292 935 ’gffffia
315 827 424 907 ipsum
449 830 643 903 convellere,
668 829 701 891 in
725 849 794 911 quo
810 828 926 911 religio
941 839 1015 895 tota
1030 839 1065 893 et
1079 848 1158 911 spes
1172 828 1284 893 omnis
1301 836 1429 893 morta·

138 952 245 1012 vinitas,
269 959 293 1001 er
316 929 510 995 lium-unice
526 932 652 1009 nititur,
667 932 757 1013 quod
770 942 822 996 est
833 934 948 996 divina
961 932 1048 999 lusu
1063 930 1222 997 CHRISTl
1236 930 1430 997 Servatoris

140 1017 292 1147 &⁰:312
316 1042 445 1097 natura.
457 1032 590 1109 Pariter,
602 1056 687 1118 quos
699 1044 799 1100 antea
812 1038 889 1099 novi
901 1036 1089 1119 veterisque
1099 1034 1430 1100 Testamentilibros

140 1163 192 1198 raa.
317 1134 530 1202 affirmabant
545 1139 660 1202 divino
675 1136 792 1202 afflatu
808 1138 1024 1221 conscriptos,
1038 1139 1088 1203 eis
1105 1158 1193 1202 nunc
1209 1137 1312 1201 talem
1324 1136 1430 1201 abne-

317 1250 400 1322 gant
415 1243 671 1308 auctoritatem:
685 1245 777 1327 quod
794 1264 885 1322 sane,
901 1246 982 1309 data
997 1244 1135 1309 cuilibet
1146 1252 1314 1325 potestate
1326 1241 1432 1305 inter-

318 1348 471 1427 pretandi
498 1366 597 1411 sensu
622 1348 815 1431 iudicioque
841 1368 911 1425 suo,
937 1350 1078 1413 omnino
1101 1347 1260 1429 consequi
1283 1354 1355 1409 erat
1370 1364 1432 1407 ne·

174 1466 294 1580 Juxta
318 1470 418 1515 cesse.
433 1489 476 1501 -
494 1452 584 1516 Hinc
600 1473 660 1516 sua
676 1453 837 1536 cuiusque
853 1454 1069 1530 conscientia,
1083 1454 1155 1516 sola
1171 1453 1243 1517 dux
1259 1462 1293 1516 et
1308 1469 1433 1515 norma

140 1548 209 1582 5865
264 1548 293 1580 n·

141 1598 293 1647 ,imm
319 1556 415 1631 vitae,
442 1556 590 1639 qualibet
615 1557 681 1623 alia
708 1558 831 1622 reiecta
854 1558 976 1641 agendi
994 1558 1127 1641 regula:
1144 1556 1222 1621 hinc
1238 1565 1433 1638 pugnantes

153 1664 237 1713 cordia
247 1678 293 1741 seq·
319 1658 406 1722 inter
420 1679 457 1721 se
466 1660 640 1741 opiniones
652 1670 687 1725 et
698 1670 812 1724 sectae
825 1661 1037 1743 multiplices,
1048 1660 1256 1742 eaedemque
1267 1676 1433 1743 persaepe

142 1738 182 1779 ’Μ
190 1730 296 1854 clm,
321 1764 353 1826 in
378 1764 595 1827 naturalismi
608 1774 665 1828 aut
682 1765 909 1829 rationalrsmr'
924 1766 1048 1847 placita
1064 1766 1237 1829 abeuntes.
1252 1762 1433 1846 Quocirca,

179 1860 296 1975 {aim}
319 1870 498 1951 desperato
513 1872 753 1934 sententiarum
770 1890 945 1947 consensu,
962 1871 1028 1935 iam
1045 1870 1318 1933 coniunctionem
1332 1886 1431 1950 prae·

157 1992 294 2055 conjuncti-
320 1975 435 2039 dicant
460 1985 494 2038 et
518 1978 759 2040 commendant
786 1977 952 2043 fraternae
978 1976 1135 2040 caritatis.
1163 1975 1279 2055 Atque
1295 1973 1327 2037 id
1345 1992 1432 2036 sane

143 2072 296 2186 2:223?ssss
319 2098 417 2143 vere:
434 2078 708 2161 quandoquidem
725 2080 865 2146 caritate
883 2090 999 2144 mutua
1014 2080 1185 2143 coniuncti
1198 2098 1270 2141 esse
1283 2077 1431 2141 universi

209 2193 295 2236 tereos
320 2182 492 2245 debemus.
526 2181 565 2246 Id
597 2184 686 2245 enim
715 2182 865 2248 maxime
893 2184 1003 2248 IESUS
1032 2182 1224 2247 CHRISTUS
1251 2180 1433 2263 praecepit,

166 2259 295 2367 colum
320 2293 421 2366 atque
448 2284 534 2347 hanc
561 2285 666 2350 voluit
689 2306 762 2350 esse
777 2296 980 2352 sectatorum
997 2306 1133 2351 suorum
1150 2296 1275 2360 notam,
1290 2283 1433 2364 diligere

142 2389 298 2513 {giltam
321 2388 409 2452 inter
424 2408 469 2453 se.
484 2388 611 2453 Verum
629 2394 687 2473 qul
704 2401 820 2474 potest
832 2392 991 2475 copulare
1002 2392 1133 2454 animos
1144 2388 1291 2472 perlecta
1301 2387 1438 2463 caritas,

146 2522 226 2562 arente
242 2530 296 2562 con.
321 2513 348 2556 sr
375 2494 558 2557 concordes
586 2506 716 2560 mentes
734 2516 800 2560 non
819 2495 966 2561 effecerit
983 2494 1089 2561 fides?
1105 2533 1149 2543 -
1167 2494 1232 2558 His
1248 2497 1291 2558 de
1305 2494 1435 2557 caussis

144 2579 234 2628 cordes.
322 2600 511 2680 complures
538 2621 652 2663 eorum
669 2603 713 2664 de
729 2603 851 2684 quibus
867 2601 1044 2685 loquimur,
1059 2620 1143 2663 sano
1159 2600 1293 2675 iudicio,
1310 2598 1432 2661 verita·

179 2678 299 2792 fffle‘r
321 2704 431 2787 tisque
457 2704 608 2781 studiosi,
631 2716 756 2770 certam
785 2707 900 2772 salutis
928 2708 1016 2770 viam
1039 2707 1074 2769 in
1097 2706 1249 2769 Ecclesia
1263 2701 1436 2768 catholica

143 2807 297 2923 mm?
322 2808 524 2890 quaesivere,
549 2829 626 2873 cum
651 2809 751 2891 plane
778 2810 1002 2895 intelligerent
1029 2828 1244 2894 nequaquam
1272 2830 1307 2873 se
1332 2826 1435 2891 posse

160 2944 246 2987 rarum
257 2938 296 2987 dt·
322 2932 399 2976 cum
419 2913 505 2977 lEsU
523 2912 692 2979 CHRISTO
707 2924 882 2997 tamquam
899 2917 1011 2999 capite
1025 2936 1099 2980 esse
1113 2917 1321 2992 coniunctos,
1337 2912 1435 2977 cuius

154 3005 297 3119 Μξζῇξζῇζ
323 3036 389 3079 non
418 3017 693 3083 adhaerescerent
718 3022 858 3103 corpori,
885 3022 974 3104 quod
992 3020 1232 3086 estE00123522
1249 3038 1309 3082 „ec
1326 3018 1435 3081 since.

160 3133 296 3184 Ecclesiam
322 3138 393 3180 ram
420 3118 543 3183 Christi
572 3117 672 3183 fidem
697 3121 847 3202 adipisci,
873 3122 967 3187 cuius
985 3122 1215 3205 magisterium
1233 3120 1435 3203 legitimum,

143 3214 297 3317 ,xm
324 3221 423 3286 Petro
448 3233 483 3286 et
506 3226 752 3287 successoribus
777 3225 948 3303 traditum,
973 3226 1197 3309 repudiarent.
1225 3226 1252 3289 li
1277 3224 1436 3288 videlicet

172 3330 297 3409 scelestas
323 3325 356 3387 in
389 3325 541 3390 Ecclesia
572 3348 710 3392 romana
735 3350 931 3411 expressam
956 3349 1054 3395 verae
1082 3329 1256 3395 Ecclesiae
1283 3330 1433 3412 speciem

140 3404 297 3526 ffpffl
323 3439 424 3511 atque
448 3431 629 3514 imaginem
656 3433 844 3514 dispexere,
870 3434 985 3499 inditis
1012 3435 1056 3499 ab
1080 3445 1217 3500 auctore
1246 3435 1320 3499 Deo
1345 3436 1434 3499 notis

160 3529 298 3655 “qaum
323 3532 423 3614 plane
439 3536 656 3616 conspicuam
671 3560 678 3599 :
693 3536 837 3619 ideoque
854 3538 887 3600 in
905 3538 985 3619 ipsis
1003 3548 1223 3603 numerantur
1239 3536 1344 3613 multi,
1359 3536 1429 3599 acri

177 3658 298 3707 matriae
323 3635 446 3698 iudicio
472 3637 652 3720 subtilique
680 3639 722 3702 ad
750 3640 988 3721 antiquitatem
1016 3640 1257 3705 excutiendam
1285 3639 1433 3723 ingenio,

166 3722 295 3852 &22⁰2
322 3738 379 3821 qui
390 3737 562 3804 Ecclesiae
574 3761 732 3805 romanae
742 3743 787 3806 ab
797 3743 1432 3827 Apostoliscontinuationemdogma·

144 3856 296 3931 rauracrfp
322 3852 394 3907 tum
420 3845 659 3928 integritatem,
681 3849 879 3931 disciplinae
895 3850 1122 3914 constantiam
1139 3850 1271 3931 scriptis
1287 3848 1432 3931 egregiis

143 3926 296 4035 ‘'³322‘ss
322 3946 526 4013 illustrarint.
543 3950 651 4032 Igitur
665 3952 786 4016 horum
801 3952 947 4016 virorum
964 3954 1139 4037 proposito
1154 3951 1324 4035 exemplo,
1339 3971 1432 4014 com·

154 4053 296 4163 “wiffam
323 4050 426 4132 pellat
454 4072 513 4117 vos
536 4054 612 4136 plus
628 4056 760 4119 animus
776 4076 879 4138 quam
895 4059 1012 4135 oratio,
1029 4055 1147 4120 fratres
1164 4054 1277 4131 nostri,
1293 4054 1350 4137 qui
1367 4054 1433 4117 tria

144 4129 300 4233 {2⁸22ss-
322 4156 389 4220 iam
406 4159 541 4223 saecula
557 4159 730 4223 nobiscum
747 4161 791 4224 de
808 4158 873 4225 fide
889 4162 1071 4227 christiana
1086 4161 1266 4239 dissidetis,
1282 4160 1433 4241 itemque

143 4252 201 4295 Μ
222 4248 297 4297 ''l'‘
323 4282 391 4340 vos,
407 4273 635 4347 quotcumque
650 4266 809 4347 deinceps
825 4266 943 4348 quavis
954 4266 997 4330 de
1008 4286 1127 4331 caussa
1137 4284 1286 4330 seorsum
1300 4285 1320 4330 a
1333 4263 1432 4329 nobis

144 4311 272 4377 Panassa.
322 4367 459 4435 abiistis.
486 4368 703 4435 Occurramus
725 4390 835 4435 omnes
861 4372 896 4435 in
922 4372 1083 4437 unitatem
1100 4372 1189 4457 fidei
1203 4380 1236 4436 et
1249 4369 1434 4456 agm'tionis
