3117 4859
755 517 1074 600 EPISTOLA
1434 521 1457 635 Γῇ,

508 698 563 756 Ad
595 698 798 771 Episcopos
828 697 1107 758 foederatarum
1132 703 1331 764 Americae
1443 693 1458 778 ,s

550 1305 753 1370 ONGINQUA
778 1295 894 1357 oceani
918 1295 1029 1376 spatia
1056 1298 1171 1360 animo
1202 1307 1236 1362 et
1263 1298 1468 1380 cogitatione

253 1333 268 1378 o

221 1392 295 1508 11έὲ
422 1403 490 1562 L
571 1396 754 1461 traiicimus
769 1422 776 1461 :
792 1412 824 1462 et
841 1419 1047 1482 quamquam
1062 1421 1120 1464 vos
1136 1401 1272 1466 allocuti
1289 1401 1375 1464 alias
1391 1399 1464 1463 scri·

228 1559 335 1610 Bm·
569 1501 681 1565 bendo
696 1521 820 1580 sumus,
836 1505 985 1568 maxime
1001 1505 1132 1588 quoties
1155 1507 1199 1570 ad
1220 1507 1401 1589 episcopos
1415 1521 1461 1564 ca·

194 1627 249 1676 lum
260 1628 335 1675 Ama·
568 1604 682 1670 tholicl
699 1607 790 1670 orbis
814 1627 1010 1671 communes
1036 1607 1163 1673 litteras
1191 1631 1252 1691 pro
1268 1609 1464 1673 auctoritate

190 1693 336 1820 dms
362 1713 525 1790 dedimus,
542 1711 643 1776 modo
660 1720 771 1774 tamen
789 1709 883 1775 affari
900 1733 958 1776 vos
975 1715 1155 1796 separatim
1169 1715 1390 1790 decrevimus,
1405 1712 1461 1774 boc

184 1829 335 1902 νικηθείς·
362 1819 517 1883 videlicet
532 1816 673 1881 consilio
689 1825 725 1880 ut
741 1817 1041 1900 prodesse'aliquid
1056 1817 1222 1883 catholico
1233 1819 1362 1883 nomini
1378 1813 1460 1898 apud

180 1894 234 2015 2⁸}
245 1888 333 1940 ‘'m'‘
361 1944 429 2002 vos,
446 1924 520 1987 Deo
537 1922 679 1998 volente,
694 1921 872 2004 possimus.
900 1923 1009 2006 quue
1033 1943 1167 1988 summo
1191 1925 1305 1988 studio
1320 1923 1458 2004 curaque

361 2029 596 2112 aggredimur:
613 2035 790 2108 propterea
806 2027 897 2110 quod
914 2038 948 2092 et
965 2026 1099 2111 plurimi
1116 2028 1256 2092 iacimus
1273 2039 1307 2092 et
1328 2045 1457 2110 magno

360 2153 438 2215 pere
453 2133 625 2214 diligimus
637 2130 874 2207 americanum,
891 2131 1038 2196 validum
1053 2133 1197 2210 iuventa
1208 2152 1337 2216 genus:
1353 2133 1457 2214 inquo

359 2235 459 2317 plane
476 2255 542 2300 non
571 2234 676 2299 civilis
703 2237 952 2312 tantummodo,
978 2239 1036 2302 sed
1064 2237 1265 2303 christianae
1290 2238 1394 2302 etiam
1416 2234 1457 2298 rei

358 2343 526 2405 cernimus
543 2340 657 2406 animo
673 2340 880 2405 incrementa
896 2343 1042 2407 latentia.

402 2447 545 2510 Exitum
562 2445 670 2529 quarti
696 2443 740 2507 ab
761 2445 939 2527 explorata
968 2448 1126 2512 Amerlca
1141 2447 1265 2512 saeculi
1290 2469 1366 2513 cum
1390 2455 1458 2514 tota

358 2570 441 2634 gens
458 2563 567 2617 vestra
584 2549 672 2615 haud
686 2549 794 2615 multo
806 2561 884 2616 ante
899 2556 996 2635 grata
1012 2555 1244 2619 recordatione
1260 2551 1457 2638 atqueomui

358 2657 613 2743 significatione,
629 2672 665 2726 ut
681 2671 752 2727 erat
769 2662 921 2742 dignum,
936 2662 1193 2738 concelebraret,
1217 2662 1290 2725 Nos
1307 2663 1387 2726 item
1403 2677 1458 2724 au-

357 2763 571 2846 spicatissimi
589 2763 667 2828 sacti
690 2766 887 2828 memoriam
903 2763 1077 2828 vobiscum
1095 2764 1296 2828 recoluimus
1312 2781 1456 2829 commu·

357 2871 458 2952 nione
474 2868 621 2933 laetitiae
631 2879 665 2933 et
675 2870 894 2934 similitudine
907 2869 1099 2934 voluntatis.
1117 2869 1156 2933 ln
1175 2868 1299 2952 illoque
1311 2880 1459 2948 tempore

356 2983 435 3038 vota
451 2973 587 3056 quidem
605 2995 665 3056 pro
682 2974 914 3038 incolumitate
930 2983 963 3037 et
976 2973 1209 3057 magnitudine
1221 2984 1332 3038 vestra
1344 2973 1458 3037 absen-

356 3088 406 3142 tes
423 3078 550 3156 lecissc,
560 3079 648 3143 haud
663 3079 745 3143 satis
761 3078 940 3143 habuimus
954 3102 962 3144 t
978 3079 1011 3142 in
1027 3079 1154 3161 optatis
1169 3088 1240 3142 erat
1256 3099 1380 3157 coram,
1401 3077 1460 3141 ali·

355 3203 422 3266 qua
438 3185 575 3260 ratione,
586 3184 682 3248 vobis
692 3185 811 3248 adesse
821 3184 1043 3266 gestientibus
1056 3208 1063 3248 ε
1078 3184 1212 3248 obeam
1230 3203 1299 3248 rem
1311 3183 1462 3251 libentes,

253 3281 255 3286 ⁴
356 3290 412 3370 qui
429 3299 559 3370 gereret
575 3308 752 3372 personam
770 3290 931 3352 Nostram
950 3287 1111 3352 misimus.

251 3441 331 3490 Ecca-
402 3391 498 3476 Quae
514 3413 592 3456 vero
609 3395 640 3456 in
660 3392 715 3456 illa
742 3392 935 3456 celebritate
951 3402 1060 3456 vestra
1082 3393 1229 3469 lecimus,
1251 3411 1317 3456 non
1341 3392 1461 3457 iniuria

227 3507 333 3556 siamde
357 3497 515 3563 lecimus:
543 3499 621 3582 quia
642 3501 868 3562 americanum
885 3518 1001 3580 genus,
1017 3499 1076 3561 vix
1093 3498 1221 3563 editum
1238 3497 1272 3560 in
1290 3497 1393 3561 lucem
1417 3516 1460 3559 ac

181 3574 332 3687 animm
357 3627 461 3691 prope
488 3608 625 3689 vagiens
652 3607 685 3671 in
717 3607 820 3684 cunis,
850 3607 925 3670 sinu
953 3606 1184 3691 amplexuque
1214 3625 1276 3669 suo
1307 3602 1459 3668 Ecclesia

175 3710 333 3832 pmffi‘fl‘
356 3730 475 3792 parens
492 3713 635 3793 excepit.
654 3709 753 3794 Quod
771 3711 860 3775 enim
878 3710 961 3774 alias
984 3711 1063 3774 data
1090 3711 1192 3791 opera
1215 3705 1455 3773 demonstravi-

216 3834 330 3884 1aasc0.
356 3835 439 3894 mus,
463 3817 716 3900 navigationum
743 3815 963 3898 laborumque
989 3815 1078 3878 hunc
1103 3816 1135 3878 in
1169 3814 1286 3897 primis
1313 3813 1452 3877 fructum

195 3899 330 4029 ἕῖζΐζηῗζ
355 3917 539 3984 Colombus
557 3922 661 4004 petiit,
676 3905 808 3985 aditum
824 3920 1005 3985 christiano
1021 3919 1149 3984 nomini
1163 3938 1221 4002 per
1236 3937 1342 3982 novas
1354 3929 1451 3982 terras

199 4039 329 4108 nuquapo·
355 4043 507 4107 novaque
532 4025 636 4088 maria
663 4024 851 4110 patefacere
867 4051 874 4090 :
888 4045 956 4108 qua
979 4025 1012 4088 in
1034 4023 1240 4107 cogitatione
1264 4031 1449 4087 constanter

178 4099 328 4214 mmm
353 4128 537 4208 inhaerens,
552 4131 819 4214 quibuscumque
834 4130 996 4214 appulsus
1018 4129 1094 4208 oris,
1110 4129 1191 4193 nihil
1209 4127 1356 4194 habebat
1371 4126 1447 4192 anti·

352 4232 460 4316 quius,
475 4254 576 4317 quam
594 4246 630 4299 ut
653 4235 768 4300 Crucis
793 4245 1026 4301 sacrosanctae
1052 4235 1267 4299 simulacrum
1295 4232 1446 4314 defigeret

353 4339 385 4401 ln
403 4337 521 4402 littore.
540 4337 753 4422 Quapropter
779 4340 865 4403 sicut
890 4358 966 4403 arca
995 4339 1147 4419 Noetica,
1172 4339 1386 4403 exundantes
1399 4355 1443 4399 su·
