3117 4859
197 380 247 429 DE
274 377 494 431 pascuost
521 376 758 429 monettstuor
786 376 829 429 m
857 378 1042 430 onustus.
1124 377 1171 451 57

74 527 162 609 plere.
184 525 230 590 Et
250 546 311 589 nos
337 526 474 609 quidem
501 524 612 589 allatis
636 526 835 591 eorumdem
852 526 1058 592 Antistitum
1074 528 1172 605 votis,
1316 593 1322 605 ,

74 632 182 713 quibus
206 640 241 695 et
258 630 509 695 Brasiliensiurn
539 628 687 695 fidelium
715 631 828 695 studia
856 640 953 696 erant
976 633 1173 710 coniuncta,
1197 592 1348 708 ,ιέἴῆἷῖ

74 734 291 799 obsecundare
305 755 373 798 non
391 735 494 798 modo
508 746 748 818 opportunum,
761 736 843 819 quin
859 736 927 802 imo
947 736 1172 800 necessarium
1198 723 1348 838 fulm-

74 839 103 903 iu
126 840 271 904 Domim
297 838 519 904 iudicavimus
531 859 540 918 ;
568 839 776 922 proindeque
800 848 947 923 quatuor
970 840 1037 904 illic
1067 859 1173 905 novas
1198 804 1322 931 dixissem·

75 942 242 1007 Dioeceses
256 943 393 1025 erigere,
408 952 510 1026 atque
537 942 595 1019 ita,
610 943 786 1009 sexdecim
804 964 946 1010 numero
961 945 1173 1009 dioecesibus
1198 925 1260 970 Μ’·

74 1042 186 1109 ibidem
210 1046 445 1123 existentibus,
460 1066 584 1113 novam
612 1048 714 1111 etiam
733 1047 1009 1113 Ecclesiasticam
1034 1048 1173 1111 Provin-

74 1150 150 1213 ciam
164 1151 225 1214 rite
248 1152 440 1216 censuimus
460 1152 672 1216 constituere.
691 1152 943 1217 Praedictorum
960 1153 1076 1235 itaque
1092 1152 1172 1215 Bra·

73 1249 242 1319 siliensium
260 1256 464 1321 Antistitum
480 1256 524 1320 ad
541 1254 790 1339 infrascriptum
803 1257 960 1321 ellectum
973 1259 1172 1338 praestitum

73 1377 259 1425 consensum
276 1370 387 1425 ratum
411 1371 658 1443 acceptumque
683 1360 857 1440 habentes,
872 1362 1070 1445 cunctisque
1085 1382 1173 1446 quae

74 1463 102 1525 in
127 1464 313 1529 huiusmodi
341 1466 486 1549 negotiis
511 1465 721 1547 inspicienda
747 1476 828 1531 sunt
856 1476 987 1531 matura
1009 1467 1173 1532 delibera·

74 1567 157 1631 tione
171 1569 373 1633 examinatis
388 1578 490 1651 atque
506 1570 752 1651 perpensis,nec
765 1587 834 1632 nou
846 1588 966 1632 omnes
978 1577 1012 1632 et
1021 1568 1173 1650 singulos

75 1670 184 1751 quibus
198 1680 391 1755 praesentes
407 1672 558 1736 Litterae
574 1671 689 1735 lavent
705 1692 725 1736 a
740 1671 916 1756 quibusvis
939 1672 1173 1736 excommuni-

74 1775 210 1854 cationis,
233 1776 464 1859 suspensionis
493 1786 528 1841 et
559 1776 739 1854 interdicti,
766 1776 908 1858 aliisque
938 1777 1173 1841 ecclesiasticis

75 1882 242 1959 sententiis,
258 1883 406 1947 censuris
434 1891 469 1946 et
494 1882 612 1964 poenis
628 1903 648 1945 a
664 1883 745 1959 iure,
761 1881 814 1945 vel
839 1882 884 1945 ab
899 1880 1037 1944 homine
1052 1881 1172 1964 quavis

74 1985 245 2063 occasione,
254 1985 307 2050 vel
324 2004 443 2050 caussa
458 1986 544 2063 latis,
560 1986 588 2049 si
604 1986 727 2069 quibus
739 1984 998 2069 quomodolibet
1019 1984 1173 2050 innodati

76 2090 222 2169 existunt,
237 2090 280 2154 ad
297 2089 454 2154 effectum
483 2090 711 2173 praesentium
739 2098 874 2154 tantum
897 2090 1172 2171 consequendum
1233 2092 1320 2170 neas·

75 2192 181 2259 harum
196 2196 279 2259 serie
294 2194 509 2259 absolventes
525 2203 559 2258 et
574 2194 747 2258 absolutos
759 2194 831 2258 iore
841 2202 1027 2267 censentes,
1035 2212 1081 2255 ex
1092 2202 1174 2255 voto
1198 2163 1330 2285 ww

77 2296 609 2384 CongregationisVenerabilium
626 2298 781 2363 Fratrum
801 2296 1003 2363 Nostrorum
1020 2296 1055 2363 S.
1074 2297 1115 2360 R
1134 2296 1174 2360 E.
1198 2287 1350 2416 mm

76 2400 291 2467 Cardinalium
317 2402 473 2486 Negotiis
504 2398 800 2467 consistorialibus
831 2402 1052 2485 praepositae,
1075 2400 1172 2465 Motu
1198 2420 1259 2480 ιω,
1288 2418 1319 2468 tn

75 2510 198 2591 proprio
211 2518 245 2575 et
260 2529 307 2574 ex
331 2516 423 2573 certa
446 2508 586 2573 scientia
612 2528 651 2573 ac
678 2508 721 2573 de
748 2508 970 2591 Apostolicae
994 2506 1173 2591 potestatis
1198 2484 1336 2615 {223}ss

74 2612 270 2692 plenitudine
294 2612 378 2678 haec
406 2632 495 2697 quae
520 2622 707 2697 sequuntur
731 2613 954 2678 decernimus.
979 2612 1032 2676 Ac
1063 2613 1173 2693 primo
1197 2616 1281 2693 opalis
1291 2621 1350 2678 rm·

73 2718 197 2800 quidem
213 2730 323 2785 totum
340 2720 605 2785 ecclesiasticum
622 2720 827 2784 territorium
846 2718 1071 2784 Brasilianum
1087 2718 1171 2782 bifa-
1197 2696 1342 2809 'mpla

74 2825 148 2887 riam
162 2826 350 2902 dividimus,
366 2826 399 2889 in
432 2834 546 2907 partes
571 2824 699 2889 scilicet
725 2825 1026 2908 septentrionalem
1051 2833 1086 2886 et
1113 2841 1170 2884 au·
1196 2809 1348 2925 Ziiwffi

73 2928 196 2993 stralem
209 2952 217 3008 ;
232 2950 341 3013 eoque
351 2931 397 2993 ita
408 2929 527 3007 diviso,
542 2931 637 3007 duas,
649 2938 686 2993 ut
702 2928 799 3005 inira,
817 2928 1071 2993 Ecclesiasticas
1089 2926 1168 2990 Pro·
1195 2890 1315 3016 quidqz

74 3033 187 3097 vincias
201 3034 500 3115 septentrionalem
518 3053 640 3116 nempe
661 3043 695 3098 et
722 3035 904 3098 australem
920 3033 1076 3097 volumus
1092 3051 1172 3094 con·
1196 3007 1328 3068 sedanam

1198 3073 1330 3121 existentes

74 3136 206 3205 stitutas
227 3140 332 3203 Porro
356 3140 460 3222 partis
488 3138 761 3221 septentrionalis
779 3137 1034 3220 Metropolitam
1051 3137 1174 3201 consti·
1198 3137 1351 3264 adm}

73 3240 188 3306 tuimus
202 3243 361 3307 eumdem
379 3243 488 3325 ipsum
508 3242 812 3325 Archiepiscopum
831 3242 1044 3308 Sanctissimi
1063 3241 1175 3307 Salva·
1192 3268 1335 3333 fragam

73 3344 157 3420 loris,
171 3346 225 3428 qui
240 3345 404 3409 hactenus
422 3345 454 3408 in
472 3362 508 3409 re
522 3344 751 3409 ecclesiastica
767 3345 830 3409 toti
845 3344 1006 3409 Brasiliae
1019 3343 1177 3426 praefuit;
1200 3333 1308 3397 subjice.

73 3445 162 3531 eique
186 3458 315 3532 septem
341 3447 562 3531 Episcopales
590 3448 769 3527 Ecclesiae,
785 3448 912 3513 scilicet
941 3447 1170 3512 Belemensem
1200 3447 1320 3564 dx

73 3548 110 3612 de
126 3550 216 3629 Pari,
231 3551 264 3617 S.
282 3550 447 3617 Ludovici
464 3553 508 3616 de
524 3552 747 3635 Maragnan0,
764 3552 1066 3629 Fortalexiensem,
1080 3552 1176 3618 Olin·
1200 3581 1307 3629 Amazo-

74 3654 211 3736 densem,
226 3668 260 3723 et
275 3657 509 3741 Goyasensem
526 3660 692 3740 antiquas,
709 3678 770 3721 nec
788 3677 856 3721 non
873 3657 958 3721 duas
974 3656 1059 3720 alias
1070 3678 1175 3721 novas
1200 3645 1353 3761 mm

74 3769 106 3821 ut
128 3760 212 3825 inira
236 3763 423 3846 erigendas,
438 3780 478 3826 ac
503 3761 719 3827 Amazonum
735 3770 770 3825 et
788 3761 1037 3844 Paraybensem
1053 3780 1174 3825 vocan·
1200 3776 1351 3827 amecurte-

74 3861 136 3941 das,
160 3864 193 3927 in
222 3864 450 3947 suffraganeas
476 3864 681 3929 subiicimus.
710 3864 774 3928 Pro
805 3864 1048 3928 constitutione
1074 3865 1177 3947 igitur
1200 3843 1306 3970 w

75 3988 174 4035 novae
189 3970 283 4037 huius
299 3971 463 4037 dioecesis
476 3971 700 4047 Amazonum,
712 3970 917 4035 territorium
931 3978 1041 4034 status
1052 3990 1175 4053 cogno·
1200 3979 1269 4049 crem
1278 3971 1353 4037 adju·

77 4076 168 4139 minis
183 4096 203 4140 a
218 4076 374 4145 Dioecesi
390 4076 580 4141 Belemensi
607 4077 650 4140 ad
677 4095 779 4159 quam
797 4076 830 4139 in
848 4096 1006 4158 praesens
1022 4078 1177 4160 pertinet,
1194 4038 1353 4166 mind:

79 4176 266 4261 Apostolica
293 4180 493 4247 auctoritate
509 4190 684 4265 ‚perpetuo
712 4180 1003 4258 dismembtamus,
1026 4181 1177 4263 illudque
1201 4168 1354 4284 mim·

80 4294 272 4349 memoratae
288 4285 503 4350 Amazonum
522 4283 693 4348 Ecclesiae
718 4306 779 4367 pro
806 4284 877 4348 eius
894 4284 1051 4349 Dioecesi
1073 4284 1176 4347 etiam

81 4399 232 4471 perpetuo
246 4390 497 4456 adiudicamus:
522 4388 647 4455 Sedem
674 4397 708 4453 et
733 4387 940 4454 cathedram
957 4388 1178 4470 Episcopales
