<?xml version="1.0" encoding="UTF-8"?>
<!DOCTYPE html PUBLIC "-//W3C//DTD XHTML 1.0 Transitional//EN"
    "http://www.w3.org/TR/xhtml1/DTD/xhtml1-transitional.dtd">
<html xmlns="http://www.w3.org/1999/xhtml" xml:lang="en" lang="en">
 <head>
  <title>
</title>
<meta http-equiv="Content-Type" content="text/html;charset=utf-8" />
  <meta name='ocr-system' content='tesseract 3.04.00' />
  <meta name='ocr-capabilities' content='ocr_page ocr_carea ocr_par ocr_line ocrx_word'/>
</head>
<body>
  <div class='ocr_page' id='page_1' title='image "./sanctissimidomi04xiiigoog_0534.png"; bbox 0 0 3117 4859; ppageno 0'>
   <div class='ocr_carea' id='block_1_1' title="bbox 385 306 1390 381">
    <p class='ocr_par' dir='ltr' id='par_1_1' title="bbox 385 306 1390 381">
     <span class='ocr_line' id='line_1_1' title="bbox 385 306 1390 381; baseline 0 0"><span class='ocrx_word' id='word_1_1' title='bbox 385 313 454 381; x_wconf 88' lang='lat'><strong>166</strong></span> <span class='ocrx_word' id='word_1_2' title='bbox 523 328 705 380; x_wconf 76' lang='lat' dir='ltr'><strong>netsrona</strong></span> <span class='ocrx_word' id='word_1_3' title='bbox 733 329 947 381; x_wconf 79' lang='lat' dir='ltr'><strong>sucucmca</strong></span> <span class='ocrx_word' id='word_1_4' title='bbox 974 315 1115 381; x_wconf 78' lang='lat' dir='ltr'><strong>“sarrs</strong></span> <span class='ocrx_word' id='word_1_5' title='bbox 1140 306 1390 381; x_wconf 77' lang='lat' dir='ltr'><strong>cocurruu.”</strong></span> 
     </span>
    </p>
   </div>
   <div class='ocr_carea' id='block_1_2' title="bbox 162 476 1511 1711">
    <p class='ocr_par' dir='ltr' id='par_1_2' title="bbox 381 476 1494 672">
     <span class='ocr_line' id='line_1_2' title="bbox 381 476 1493 566; baseline 0.009 -26"><span class='ocrx_word' id='word_1_6' title='bbox 381 476 575 560; x_wconf 81' lang='lat' dir='ltr'>suppeditet</span> <span class='ocrx_word' id='word_1_7' title='bbox 591 479 682 543; x_wconf 90' lang='lat' dir='ltr'><strong>unde</strong></span> <span class='ocrx_word' id='word_1_8' title='bbox 701 479 802 545; x_wconf 88' lang='lat' dir='ltr'><strong>liceat</strong></span> <span class='ocrx_word' id='word_1_9' title='bbox 827 481 891 547; x_wconf 90' lang='lat' dir='ltr'><strong>rite</strong></span> <span class='ocrx_word' id='word_1_10' title='bbox 906 483 1056 566; x_wconf 76' lang='lat' dir='ltr'>defungi,</span> <span class='ocrx_word' id='word_1_11' title='bbox 1079 485 1205 549; x_wconf 89' lang='lat' dir='ltr'><strong>idcirco</strong></span> <span class='ocrx_word' id='word_1_12' title='bbox 1223 486 1318 548; x_wconf 88' lang='lat' dir='ltr'><strong>Iesus</strong></span> <span class='ocrx_word' id='word_1_13' title='bbox 1335 485 1493 551; x_wconf 84' lang='lat' dir='ltr'><strong>Christus</strong></span> 
     </span>
     <span class='ocr_line' id='line_1_3' title="bbox 381 579 1494 672; baseline 0.011 -30"><span class='ocrx_word' id='word_1_14' title='bbox 381 579 560 646; x_wconf 90' lang='lat' dir='ltr'><strong>missurum</strong></span> <span class='ocrx_word' id='word_1_15' title='bbox 577 603 613 646; x_wconf 90' lang='lat' dir='ltr'><strong>se</strong></span> <span class='ocrx_word' id='word_1_16' title='bbox 628 583 671 649; x_wconf 88' lang='lat' dir='ltr'><strong>ad</strong></span> <span class='ocrx_word' id='word_1_17' title='bbox 688 585 874 668; x_wconf 86' lang='lat' dir='ltr'><strong>discipulos</strong></span> <span class='ocrx_word' id='word_1_18' title='bbox 885 607 963 650; x_wconf 88' lang='lat' dir='ltr'><strong>suos</strong></span> <span class='ocrx_word' id='word_1_19' title='bbox 976 585 1141 671; x_wconf 86' lang='lat' dir='ltr'><strong>Spiritum</strong></span> <span class='ocrx_word' id='word_1_20' title='bbox 1153 589 1305 654; x_wconf 88' lang='lat' dir='ltr'><strong>veritatis</strong></span> <span class='ocrx_word' id='word_1_21' title='bbox 1319 589 1494 672; x_wconf 73' lang='lat' dir='ltr'><strong>pollicitus</strong></span> 
     </span>
    </p>

    <p class='ocr_par' dir='ltr' id='par_1_3' title="bbox 381 689 1495 774">
     <span class='ocr_line' id='line_1_4' title="bbox 381 689 1495 774; baseline 0.009 -27"><span class='ocrx_word' id='word_1_22' title='bbox 381 692 442 762; x_wconf 90' lang='lat' dir='ltr'><strong>est,</strong></span> <span class='ocrx_word' id='word_1_23' title='bbox 457 705 603 770; x_wconf 86' lang='lat' dir='ltr'><strong>eumque</strong></span> <span class='ocrx_word' id='word_1_24' title='bbox 618 689 651 750; x_wconf 92' lang='lat' dir='ltr'><strong>in</strong></span> <span class='ocrx_word' id='word_1_25' title='bbox 669 689 750 772; x_wconf 88' lang='lat' dir='ltr'><strong>ipsis</strong></span> <span class='ocrx_word' id='word_1_26' title='bbox 766 703 930 774; x_wconf 83' lang='lat' dir='ltr'><strong>perpetuo</strong></span> <span class='ocrx_word' id='word_1_27' title='bbox 947 711 1143 758; x_wconf 89' lang='lat' dir='ltr'><strong>mansurum</strong></span> <span class='ocrx_word' id='word_1_28' title='bbox 1161 719 1169 759; x_wconf 76' lang='grc' dir='ltr'><strong><em>ε</em></strong></span> <span class='ocrx_word' id='word_1_29' title='bbox 1187 695 1232 759; x_wconf 86' lang='lat' dir='ltr'><strong>Si</strong></span> <span class='ocrx_word' id='word_1_30' title='bbox 1244 705 1358 758; x_wconf 65' lang='lat' dir='ltr'><strong>amm</strong></span> <span class='ocrx_word' id='word_1_31' title='bbox 1376 695 1495 770; x_wconf 65' lang='lat' dir='ltr'><strong>atero,</strong></span> 
     </span>
    </p>

    <p class='ocr_par' dir='ltr' id='par_1_4' title="bbox 382 787 1494 876">
     <span class='ocr_line' id='line_1_5' title="bbox 382 787 1494 876; baseline 0.012 -26"><span class='ocrx_word' id='word_1_32' title='bbox 382 787 513 852; x_wconf 83' lang='lat' dir='ltr'><strong>mittam</strong></span> <span class='ocrx_word' id='word_1_33' title='bbox 528 811 601 856; x_wconf 82' lang='lat' dir='ltr'><strong>cum</strong></span> <span class='ocrx_word' id='word_1_34' title='bbox 619 791 856 876; x_wconf 86' lang='lat' dir='ltr'><strong>(Paraclitum)</strong></span> <span class='ocrx_word' id='word_1_35' title='bbox 870 794 919 860; x_wconf 81' lang='lat' dir='ltr'><strong>ad</strong></span> <span class='ocrx_word' id='word_1_36' title='bbox 930 817 1027 860; x_wconf 84' lang='lat' dir='ltr'><strong>vos...</strong></span> <span class='ocrx_word' id='word_1_37' title='bbox 1052 795 1136 864; x_wconf 87' lang='lat' dir='ltr'><strong>Cum</strong></span> <span class='ocrx_word' id='word_1_38' title='bbox 1155 808 1268 862; x_wconf 80' lang='lat' dir='ltr'><strong>autem</strong></span> <span class='ocrx_word' id='word_1_39' title='bbox 1289 799 1424 862; x_wconf 63' lang='lat' dir='ltr'><strong>venem!</strong></span> <span class='ocrx_word' id='word_1_40' title='bbox 1439 800 1494 863; x_wconf 82' lang='lat' dir='ltr'><strong>ille</strong></span> 
     </span>
    </p>

    <p class='ocr_par' dir='ltr' id='par_1_5' title="bbox 382 894 1494 986">
     <span class='ocr_line' id='line_1_6' title="bbox 382 894 1494 986; baseline 0.01 -31"><span class='ocrx_word' id='word_1_41' title='bbox 382 894 526 978; x_wconf 75' lang='lat' dir='ltr'><em>Spiritus</em></span> <span class='ocrx_word' id='word_1_42' title='bbox 548 895 710 974; x_wconf 83' lang='lat' dir='ltr'><strong>veritatis,</strong></span> <span class='ocrx_word' id='word_1_43' title='bbox 730 898 853 963; x_wconf 85' lang='lat' dir='ltr'><em>docebit</em></span> <span class='ocrx_word' id='word_1_44' title='bbox 881 921 939 964; x_wconf 86' lang='lat' dir='ltr'><strong>vos</strong></span> <span class='ocrx_word' id='word_1_45' title='bbox 957 922 1083 964; x_wconf 84' lang='lat' dir='ltr'><strong>omnem</strong></span> <span class='ocrx_word' id='word_1_46' title='bbox 1103 901 1275 967; x_wconf 79' lang='lat' dir='ltr'><strong>veritatem</strong></span> <span class='ocrx_word' id='word_1_47' title='bbox 1289 903 1346 986; x_wconf 88' lang='lat'><strong>(¹).</strong></span> <span class='ocrx_word' id='word_1_48' title='bbox 1372 903 1422 968; x_wconf 73' lang='lat' dir='ltr'><strong>Et</strong></span> <span class='ocrx_word' id='word_1_49' title='bbox 1441 925 1494 986; x_wconf 70' lang='lat' dir='ltr'><strong>ego</strong></span> 
     </span>
    </p>

    <p class='ocr_par' dir='ltr' id='par_1_6' title="bbox 381 998 1494 1193">
     <span class='ocr_line' id='line_1_7' title="bbox 381 998 1494 1085; baseline 0.007 -23"><span class='ocrx_word' id='word_1_50' title='bbox 381 998 498 1081; x_wconf 82' lang='lat' dir='ltr'><em>rogabo</em></span> <span class='ocrx_word' id='word_1_51' title='bbox 513 999 660 1078; x_wconf 83' lang='lat' dir='ltr'><strong>Patrem,</strong></span> <span class='ocrx_word' id='word_1_52' title='bbox 675 1012 706 1065; x_wconf 82' lang='lat' dir='ltr'><strong>ct</strong></span> <span class='ocrx_word' id='word_1_53' title='bbox 720 1003 827 1067; x_wconf 82' lang='lat' dir='ltr'><strong>alium</strong></span> <span class='ocrx_word' id='word_1_54' title='bbox 849 1003 1060 1069; x_wconf 83' lang='lat' dir='ltr'><strong>Paraclr&#39;tum</strong></span> <span class='ocrx_word' id='word_1_55' title='bbox 1077 1006 1283 1085; x_wconf 83' lang='lat' dir='ltr'><strong>dabitvobis,</strong></span> <span class='ocrx_word' id='word_1_56' title='bbox 1300 1018 1342 1070; x_wconf 79' lang='lat' dir='ltr'><strong>ut</strong></span> <span class='ocrx_word' id='word_1_57' title='bbox 1364 1018 1494 1070; x_wconf 74' lang='lat' dir='ltr'><strong>manem</strong></span> 
     </span>
     <span class='ocr_line' id='line_1_8' title="bbox 381 1101 1491 1193; baseline 0.009 -28"><span class='ocrx_word' id='word_1_58' title='bbox 381 1101 542 1167; x_wconf 61' lang='lat' dir='ltr'><strong>vobiscum</strong></span> <span class='ocrx_word' id='word_1_59' title='bbox 557 1104 592 1168; x_wconf 80' lang='lat' dir='ltr'><strong>iu</strong></span> <span class='ocrx_word' id='word_1_60' title='bbox 617 1115 795 1184; x_wconf 82' lang='lat' dir='ltr'><strong>aeternum,</strong></span> <span class='ocrx_word' id='word_1_61' title='bbox 811 1105 979 1191; x_wconf 77' lang='lat' dir='ltr'><strong>Spiritum</strong></span> <span class='ocrx_word' id='word_1_62' title='bbox 998 1111 1190 1175; x_wconf 70' lang='lat' dir='ltr'><strong>veritatis..</strong></span> <span class='ocrx_word' id='word_1_63' title='bbox 1208 1112 1260 1193; x_wconf 81' lang='lat'>(²).</span> <span class='ocrx_word' id='word_1_64' title='bbox 1275 1109 1340 1174; x_wconf 82' lang='lat' dir='ltr'><strong>Ille</strong></span> <span class='ocrx_word' id='word_1_65' title='bbox 1352 1113 1491 1174; x_wconf 75' lang='lat' dir='ltr'><strong>testimo-</strong></span> 
     </span>
    </p>

    <p class='ocr_par' dir='ltr' id='par_1_7' title="bbox 162 1206 1511 1711">
     <span class='ocr_line' id='line_1_9' title="bbox 383 1206 1493 1296; baseline 0.009 -27"><span class='ocrx_word' id='word_1_66' title='bbox 383 1206 477 1273; x_wconf 82' lang='lat' dir='ltr'><strong>nium</strong></span> <span class='ocrx_word' id='word_1_67' title='bbox 492 1208 675 1292; x_wconf 82' lang='lat' dir='ltr'><em>perhibebit</em></span> <span class='ocrx_word' id='word_1_68' title='bbox 688 1210 728 1274; x_wconf 86' lang='lat' dir='ltr'><strong>de</strong></span> <span class='ocrx_word' id='word_1_69' title='bbox 749 1232 800 1276; x_wconf 81' lang='lat' dir='ltr'><strong>nce</strong></span> <span class='ocrx_word' id='word_1_70' title='bbox 822 1221 877 1276; x_wconf 81' lang='lat' dir='ltr'><strong>:et</strong></span> <span class='ocrx_word' id='word_1_71' title='bbox 896 1233 954 1277; x_wconf 82' lang='lat' dir='ltr'><strong>vos</strong></span> <span class='ocrx_word' id='word_1_72' title='bbox 977 1214 1201 1278; x_wconf 78' lang='lat' dir='ltr'><strong>testimonium</strong></span> <span class='ocrx_word' id='word_1_73' title='bbox 1211 1213 1431 1296; x_wconf 69' lang='lat' dir='ltr'><strong>perhihebilrs</strong></span> <span class='ocrx_word' id='word_1_74' title='bbox 1443 1213 1493 1296; x_wconf 71' lang='lat'><strong>(³)</strong></span> 
     </span>
     <span class='ocr_line' id='line_1_10' title="bbox 237 1312 1511 1402; baseline 0 -20"><span class='ocrx_word' id='word_1_75' title='bbox 237 1336 359 1395; x_wconf 71' lang='lat' dir='ltr'><strong>ruomgo</strong></span> <span class='ocrx_word' id='word_1_76' title='bbox 385 1312 476 1376; x_wconf 90' lang='lat' dir='ltr'><strong>Hinc</strong></span> <span class='ocrx_word' id='word_1_77' title='bbox 494 1314 682 1378; x_wconf 83' lang='lat' dir='ltr'>doctrinam</span> <span class='ocrx_word' id='word_1_78' title='bbox 709 1315 954 1399; x_wconf 83' lang='lat' dir='ltr'><strong>Apostolorum</strong></span> <span class='ocrx_word' id='word_1_79' title='bbox 986 1317 1140 1400; x_wconf 78' lang='lat' dir='ltr'><strong>religiose</strong></span> <span class='ocrx_word' id='word_1_80' title='bbox 1169 1319 1276 1399; x_wconf 81' lang='lat' dir='ltr'>accipi</span> <span class='ocrx_word' id='word_1_81' title='bbox 1308 1329 1491 1402; x_wconf 88' lang='lat' dir='ltr'><strong>sancteque</strong></span> <span class='ocrx_word' id='word_1_82' title='bbox 1508 1351 1511 1354; x_wconf 42' lang='lat'><strong>⁴</strong></span> 
     </span>
     <span class='ocr_line' id='line_1_11' title="bbox 218 1395 1491 1512; baseline 0.007 -35"><span class='ocrx_word' id='word_1_83' title='bbox 218 1395 359 1512; x_wconf 53' lang='lat' dir='ltr'><strong>l‘fflfuss</strong></span> <span class='ocrx_word' id='word_1_84' title='bbox 383 1419 506 1496; x_wconf 85' lang='lat' dir='ltr'><strong>servari</strong></span> <span class='ocrx_word' id='word_1_85' title='bbox 523 1420 662 1501; x_wconf 86' lang='lat' dir='ltr'>perinde</span> <span class='ocrx_word' id='word_1_86' title='bbox 679 1421 876 1503; x_wconf 85' lang='lat' dir='ltr'><strong>imperatae</strong></span> <span class='ocrx_word' id='word_1_87' title='bbox 893 1443 989 1486; x_wconf 82' lang='lat' dir='ltr'><strong>suam</strong></span> <span class='ocrx_word' id='word_1_88' title='bbox 1009 1445 1016 1485; x_wconf 92' lang='lat'><strong>:</strong></span> <span class='ocrx_word' id='word_1_89' title='bbox 1034 1419 1105 1500; x_wconf 79' lang='lat' dir='ltr'><strong>Qui</strong></span> <span class='ocrx_word' id='word_1_90' title='bbox 1123 1421 1289 1485; x_wconf 82' lang='lat' dir='ltr'><strong>vosuudr&#39;t</strong></span> <span class='ocrx_word' id='word_1_91' title='bbox 1306 1443 1358 1485; x_wconf 84' lang='lat' dir='ltr'><strong>me</strong></span> <span class='ocrx_word' id='word_1_92' title='bbox 1375 1421 1491 1486; x_wconf 63' lang='lat' dir='ltr'><strong>andi.-</strong></span> 
     </span>
     <span class='ocr_line' id='line_1_12' title="bbox 215 1515 1492 1636; baseline 0.005 -54"><span class='ocrx_word' id='word_1_93' title='bbox 215 1515 361 1636; x_wconf 40' lang='lat' dir='ltr'><strong>‘mat</strong></span> <span class='ocrx_word' id='word_1_94' title='bbox 383 1522 443 1605; x_wconf 83' lang='lat' dir='ltr'><strong>qui</strong></span> <span class='ocrx_word' id='word_1_95' title='bbox 453 1543 509 1585; x_wconf 86' lang='lat' dir='ltr'><strong>vos</strong></span> <span class='ocrx_word' id='word_1_96' title='bbox 525 1525 656 1605; x_wconf 80' lang='lat' dir='ltr'><strong>spernit,</strong></span> <span class='ocrx_word' id='word_1_97' title='bbox 667 1546 717 1588; x_wconf 87' lang='lat' dir='ltr'><strong>me</strong></span> <span class='ocrx_word' id='word_1_98' title='bbox 727 1524 851 1608; x_wconf 83' lang='lat' dir='ltr'><strong>spernit</strong></span> <span class='ocrx_word' id='word_1_99' title='bbox 864 1523 918 1608; x_wconf 59' lang='lat'><strong>(⁴)</strong></span> <span class='ocrx_word' id='word_1_100' title='bbox 935 1525 1164 1608; x_wconf 83' lang='lat' dir='ltr'><strong>Quamobrem</strong></span> <span class='ocrx_word' id='word_1_101' title='bbox 1179 1525 1281 1608; x_wconf 84' lang='lat' dir='ltr'><strong>legati</strong></span> <span class='ocrx_word' id='word_1_102' title='bbox 1299 1526 1462 1608; x_wconf 89' lang='lat' dir='ltr'><strong>Apostoli</strong></span> <span class='ocrx_word' id='word_1_103' title='bbox 1475 1548 1492 1588; x_wconf 88' lang='lat' dir='ltr'>a</span> 
     </span>
     <span class='ocr_line' id='line_1_13' title="bbox 162 1609 1492 1711; baseline -0.002 -17"><span class='ocrx_word' id='word_1_104' title='bbox 162 1637 166 1644; x_wconf 88' lang='lat'>&#39;</span> <span class='ocrx_word' id='word_1_105' title='bbox 251 1609 361 1694; x_wconf 59' lang='lat' dir='ltr'><strong>tulate*</strong></span> <span class='ocrx_word' id='word_1_106' title='bbox 386 1626 462 1691; x_wconf 90' lang='lat' dir='ltr'><strong>Iesu</strong></span> <span class='ocrx_word' id='word_1_107' title='bbox 481 1628 614 1693; x_wconf 88' lang='lat' dir='ltr'><strong>Christo</strong></span> <span class='ocrx_word' id='word_1_108' title='bbox 630 1640 709 1693; x_wconf 90' lang='lat' dir='ltr'><strong>sunt</strong></span> <span class='ocrx_word' id='word_1_109' title='bbox 728 1649 795 1693; x_wconf 90' lang='lat' dir='ltr'><strong>non</strong></span> <span class='ocrx_word' id='word_1_110' title='bbox 812 1649 908 1694; x_wconf 88' lang='lat' dir='ltr'><strong>secus</strong></span> <span class='ocrx_word' id='word_1_111' title='bbox 923 1649 963 1694; x_wconf 89' lang='lat' dir='ltr'><strong>ac</strong></span> <span class='ocrx_word' id='word_1_112' title='bbox 980 1631 1052 1711; x_wconf 91' lang='lat' dir='ltr'><strong>ipse</strong></span> <span class='ocrx_word' id='word_1_113' title='bbox 1068 1630 1199 1710; x_wconf 83' lang='lat' dir='ltr'><strong>legatus</strong></span> <span class='ocrx_word' id='word_1_114' title='bbox 1214 1649 1235 1692; x_wconf 90' lang='lat' dir='ltr'><strong>a</strong></span> <span class='ocrx_word' id='word_1_115' title='bbox 1252 1630 1353 1692; x_wconf 86' lang='lat' dir='ltr'><strong>Patre</strong></span> <span class='ocrx_word' id='word_1_116' title='bbox 1371 1654 1381 1694; x_wconf 73' lang='grc' dir='ltr'>ι</span> <span class='ocrx_word' id='word_1_117' title='bbox 1399 1628 1492 1693; x_wconf 78' lang='lat' dir='ltr'><strong>Sicut</strong></span> 
     </span>
    </p>
   </div>
   <div class='ocr_carea' id='block_1_3' title="bbox 206 1695 1492 3798">
    <p class='ocr_par' dir='ltr' id='par_1_8' title="bbox 206 1695 1492 3484">
     <span class='ocr_line' id='line_1_14' title="bbox 235 1695 1492 1826; baseline 0 -28"><span class='ocrx_word' id='word_1_118' title='bbox 235 1695 362 1826; x_wconf 47' lang='lat' dir='ltr'><strong>afim</strong></span> <span class='ocrx_word' id='word_1_119' title='bbox 385 1731 479 1795; x_wconf 80' lang='lat' dir='ltr'><strong>misit</strong></span> <span class='ocrx_word' id='word_1_120' title='bbox 493 1753 543 1796; x_wconf 85' lang='lat' dir='ltr'><strong>me</strong></span> <span class='ocrx_word' id='word_1_121' title='bbox 558 1731 671 1808; x_wconf 80' lang='lat' dir='ltr'><strong>Pater,</strong></span> <span class='ocrx_word' id='word_1_122' title='bbox 686 1743 718 1797; x_wconf 84' lang='lat' dir='ltr'><strong>et</strong></span> <span class='ocrx_word' id='word_1_123' title='bbox 731 1753 788 1816; x_wconf 78' lang='lat' dir='ltr'><strong>ego</strong></span> <span class='ocrx_word' id='word_1_124' title='bbox 803 1735 899 1798; x_wconf 84' lang='lat' dir='ltr'><strong>mitto</strong></span> <span class='ocrx_word' id='word_1_125' title='bbox 911 1754 969 1797; x_wconf 84' lang='lat' dir='ltr'><strong>nos</strong></span> <span class='ocrx_word' id='word_1_126' title='bbox 984 1733 1028 1817; x_wconf 83' lang='lat'><strong>(⁵)</strong></span> <span class='ocrx_word' id='word_1_127' title='bbox 1047 1759 1055 1797; x_wconf 90' lang='lat'>:</span> <span class='ocrx_word' id='word_1_128' title='bbox 1070 1743 1248 1816; x_wconf 87' lang='lat' dir='ltr'><strong>propterea</strong></span> <span class='ocrx_word' id='word_1_129' title='bbox 1271 1734 1492 1814; x_wconf 82' lang='lat' dir='ltr'><strong>quemadmo</strong></span> 
     </span>
     <span class='ocr_line' id='line_1_15' title="bbox 206 1819 1489 1922; baseline -0.001 -21"><span class='ocrx_word' id='word_1_130' title='bbox 206 1819 287 1922; x_wconf 46' lang='grc' dir='ltr'><strong>ἕξω</strong></span> <span class='ocrx_word' id='word_1_131' title='bbox 299 1819 359 1858; x_wconf 69' lang='lat'>‘⁰⁸¹&#39;</span> <span class='ocrx_word' id='word_1_132' title='bbox 385 1837 466 1901; x_wconf 91' lang='lat' dir='ltr'><strong>dum</strong></span> <span class='ocrx_word' id='word_1_133' title='bbox 483 1837 576 1902; x_wconf 90' lang='lat' dir='ltr'><strong>dicto</strong></span> <span class='ocrx_word' id='word_1_134' title='bbox 597 1837 772 1903; x_wconf 85' lang='lat' dir='ltr'>audientes</span> <span class='ocrx_word' id='word_1_135' title='bbox 789 1837 926 1904; x_wconf 90' lang='lat' dir='ltr'><strong>Christo</strong></span> <span class='ocrx_word' id='word_1_136' title='bbox 941 1858 1015 1902; x_wconf 88' lang='lat' dir='ltr'><strong>esse</strong></span> <span class='ocrx_word' id='word_1_137' title='bbox 1039 1837 1225 1919; x_wconf 85' lang='lat' dir='ltr'><strong>Apostolos</strong></span> <span class='ocrx_word' id='word_1_138' title='bbox 1241 1856 1282 1900; x_wconf 89' lang='lat' dir='ltr'><strong>ac</strong></span> <span class='ocrx_word' id='word_1_139' title='bbox 1306 1836 1489 1920; x_wconf 87' lang='lat' dir='ltr'><strong>discipulos</strong></span> 
     </span>
     <span class='ocr_line' id='line_1_16' title="bbox 384 1940 1492 2029; baseline 0 -25"><span class='ocrx_word' id='word_1_140' title='bbox 384 1943 544 2025; x_wconf 88' lang='lat' dir='ltr'><strong>oportuit,</strong></span> <span class='ocrx_word' id='word_1_141' title='bbox 560 1942 606 2005; x_wconf 89' lang='lat' dir='ltr'><strong>ita</strong></span> <span class='ocrx_word' id='word_1_142' title='bbox 636 1943 760 2025; x_wconf 89' lang='lat' dir='ltr'><strong>pariter</strong></span> <span class='ocrx_word' id='word_1_143' title='bbox 786 1942 887 2029; x_wconf 89' lang='lat' dir='ltr'><strong>fidem</strong></span> <span class='ocrx_word' id='word_1_144' title='bbox 913 1943 1074 2007; x_wconf 89' lang='lat' dir='ltr'><strong>adhibere</strong></span> <span class='ocrx_word' id='word_1_145' title='bbox 1096 1942 1275 2023; x_wconf 90' lang='lat' dir='ltr'><strong>Apostolis</strong></span> <span class='ocrx_word' id='word_1_146' title='bbox 1299 1940 1492 2017; x_wconf 83' lang='lat' dir='ltr'>debuerant,</span> 
     </span>
     <span class='ocr_line' id='line_1_17' title="bbox 386 2045 1491 2129; baseline -0.001 -20"><span class='ocrx_word' id='word_1_147' title='bbox 386 2065 619 2129; x_wconf 89' lang='lat' dir='ltr'><strong>quoscumque</strong></span> <span class='ocrx_word' id='word_1_148' title='bbox 649 2047 713 2128; x_wconf 89' lang='lat' dir='ltr'><strong>ipsi</strong></span> <span class='ocrx_word' id='word_1_149' title='bbox 739 2067 784 2110; x_wconf 89' lang='lat' dir='ltr'><strong>ex</strong></span> <span class='ocrx_word' id='word_1_150' title='bbox 823 2045 986 2110; x_wconf 90' lang='lat' dir='ltr'><strong>mandato</strong></span> <span class='ocrx_word' id='word_1_151' title='bbox 1021 2047 1138 2112; x_wconf 85' lang='lat' dir='ltr'><strong>divino</strong></span> <span class='ocrx_word' id='word_1_152' title='bbox 1174 2047 1380 2111; x_wconf 74' lang='lat' dir='ltr'><strong>docuissent</strong></span> <span class='ocrx_word' id='word_1_153' title='bbox 1403 2045 1491 2127; x_wconf 79' lang='lat' dir='ltr'><strong>Ergo</strong></span> 
     </span>
     <span class='ocr_line' id='line_1_18' title="bbox 386 2150 1487 2234; baseline -0.005 -20"><span class='ocrx_word' id='word_1_154' title='bbox 386 2151 631 2232; x_wconf 89' lang='lat' dir='ltr'><strong>Apostolorum</strong></span> <span class='ocrx_word' id='word_1_155' title='bbox 664 2150 716 2215; x_wconf 92' lang='lat' dir='ltr'><strong>vel</strong></span> <span class='ocrx_word' id='word_1_156' title='bbox 743 2171 846 2215; x_wconf 92' lang='lat' dir='ltr'><strong>unum</strong></span> <span class='ocrx_word' id='word_1_157' title='bbox 874 2153 1048 2234; x_wconf 89' lang='lat' dir='ltr'><strong>repudiare</strong></span> <span class='ocrx_word' id='word_1_158' title='bbox 1074 2150 1248 2215; x_wconf 89' lang='lat' dir='ltr'><strong>doctrinae</strong></span> <span class='ocrx_word' id='word_1_159' title='bbox 1272 2160 1487 2231; x_wconf 87' lang='lat' dir='ltr'><strong>praeceptum</strong></span> 
     </span>
     <span class='ocr_line' id='line_1_19' title="bbox 318 2237 1487 2339; baseline -0.003 -23"><span class='ocrx_word' id='word_1_160' title='bbox 318 2237 322 2246; x_wconf 50' lang='lat'>⁵</span> <span class='ocrx_word' id='word_1_161' title='bbox 384 2255 485 2337; x_wconf 90' lang='lat' dir='ltr'><strong>plane</strong></span> <span class='ocrx_word' id='word_1_162' title='bbox 508 2273 576 2318; x_wconf 93' lang='lat' dir='ltr'><strong>non</strong></span> <span class='ocrx_word' id='word_1_163' title='bbox 609 2255 683 2339; x_wconf 90' lang='lat' dir='ltr'><strong>plus</strong></span> <span class='ocrx_word' id='word_1_164' title='bbox 709 2255 811 2332; x_wconf 86' lang='lat' dir='ltr'><strong>licuit,</strong></span> <span class='ocrx_word' id='word_1_165' title='bbox 841 2257 1011 2338; x_wconf 87' lang='lat' dir='ltr'><strong>quamde</strong></span> <span class='ocrx_word' id='word_1_166' title='bbox 1046 2255 1148 2337; x_wconf 88' lang='lat' dir='ltr'><strong>ipsius</strong></span> <span class='ocrx_word' id='word_1_167' title='bbox 1187 2252 1312 2318; x_wconf 89' lang='lat' dir='ltr'><strong>Christi</strong></span> <span class='ocrx_word' id='word_1_168' title='bbox 1340 2251 1487 2316; x_wconf 85' lang='lat' dir='ltr'><strong>doctrina</strong></span> 
     </span>
     <span class='ocr_line' id='line_1_20' title="bbox 258 2355 1486 2466; baseline -0.005 -44"><span class='ocrx_word' id='word_1_169' title='bbox 258 2422 361 2466; x_wconf 79' lang='lat' dir='ltr'><strong>Munere</strong></span> <span class='ocrx_word' id='word_1_170' title='bbox 384 2359 537 2423; x_wconf 87' lang='lat' dir='ltr'><strong>reiecisse</strong></span> <span class='ocrx_word' id='word_1_171' title='bbox 561 2360 750 2441; x_wconf 87' lang='lat' dir='ltr'><strong>quicquam.</strong></span> <span class='ocrx_word' id='word_1_172' title='bbox 767 2398 811 2409; x_wconf 93' lang='lat'>—</span> <span class='ocrx_word' id='word_1_173' title='bbox 828 2360 918 2426; x_wconf 91' lang='lat' dir='ltr'><strong>Sane</strong></span> <span class='ocrx_word' id='word_1_174' title='bbox 947 2359 1190 2441; x_wconf 89' lang='lat' dir='ltr'><strong>Apostolorum</strong></span> <span class='ocrx_word' id='word_1_175' title='bbox 1217 2377 1297 2434; x_wconf 87' lang='lat' dir='ltr'><strong>uox,</strong></span> <span class='ocrx_word' id='word_1_176' title='bbox 1324 2355 1443 2437; x_wconf 88' lang='lat' dir='ltr'><strong>illapso</strong></span> <span class='ocrx_word' id='word_1_177' title='bbox 1457 2355 1486 2416; x_wconf 92' lang='lat' dir='ltr'><strong>in</strong></span> 
     </span>
     <span class='ocr_line' id='line_1_21' title="bbox 208 2458 1487 2550; baseline -0.005 -24"><span class='ocrx_word' id='word_1_178' title='bbox 208 2494 250 2526; x_wconf 74' lang='lat' dir='ltr'><strong>suo</strong></span> <span class='ocrx_word' id='word_1_179' title='bbox 264 2481 359 2550; x_wconf 66' lang='lat' dir='ltr'><strong>apsn-</strong></span> <span class='ocrx_word' id='word_1_180' title='bbox 385 2482 444 2527; x_wconf 89' lang='lat' dir='ltr'><strong>eos</strong></span> <span class='ocrx_word' id='word_1_181' title='bbox 469 2463 598 2545; x_wconf 89' lang='lat' dir='ltr'><strong>Spiritu</strong></span> <span class='ocrx_word' id='word_1_182' title='bbox 623 2479 751 2540; x_wconf 88' lang='lat' dir='ltr'><strong>sancto,</strong></span> <span class='ocrx_word' id='word_1_183' title='bbox 772 2485 874 2546; x_wconf 88' lang='lat' dir='ltr'><strong>quam</strong></span> <span class='ocrx_word' id='word_1_184' title='bbox 900 2465 1061 2528; x_wconf 88' lang='lat' dir='ltr'><strong>latissime</strong></span> <span class='ocrx_word' id='word_1_185' title='bbox 1085 2460 1242 2525; x_wconf 90' lang='lat' dir='ltr'><strong>insonuit.</strong></span> <span class='ocrx_word' id='word_1_186' title='bbox 1268 2458 1487 2542; x_wconf 85' lang='lat' dir='ltr'><strong>Quacumque</strong></span> 
     </span>
     <span class='ocr_line' id='line_1_22' title="bbox 237 2539 1486 2658; baseline -0.003 -28"><span class='ocrx_word' id='word_1_187' title='bbox 237 2539 362 2658; x_wconf 55' lang='lat' dir='ltr'><strong>mm}</strong></span> <span class='ocrx_word' id='word_1_188' title='bbox 385 2568 564 2650; x_wconf 86' lang='lat' dir='ltr'><strong>vestigium</strong></span> <span class='ocrx_word' id='word_1_189' title='bbox 590 2569 791 2648; x_wconf 85' lang='lat' dir='ltr'><strong>posuissent,</strong></span> <span class='ocrx_word' id='word_1_190' title='bbox 815 2569 991 2651; x_wconf 89' lang='lat' dir='ltr'><strong>perhibent</strong></span> <span class='ocrx_word' id='word_1_191' title='bbox 1018 2588 1054 2630; x_wconf 92' lang='lat' dir='ltr'><strong>se</strong></span> <span class='ocrx_word' id='word_1_192' title='bbox 1078 2567 1122 2630; x_wconf 89' lang='lat' dir='ltr'><strong>ab</strong></span> <span class='ocrx_word' id='word_1_193' title='bbox 1147 2566 1221 2645; x_wconf 90' lang='lat' dir='ltr'><strong>ipso</strong></span> <span class='ocrx_word' id='word_1_194' title='bbox 1249 2563 1326 2626; x_wconf 89' lang='lat' dir='ltr'><strong>lesu</strong></span> <span class='ocrx_word' id='word_1_195' title='bbox 1355 2563 1486 2645; x_wconf 76' lang='lat' dir='ltr'><strong>legatos</strong></span> 
     </span>
     <span class='ocr_line' id='line_1_23' title="bbox 208 2665 1485 2755; baseline -0.005 -20"><span class='ocrx_word' id='word_1_196' title='bbox 208 2665 271 2704; x_wconf 56' lang='grc' dir='ltr'><strong>’Μ</strong></span> <span class='ocrx_word' id='word_1_197' title='bbox 387 2671 456 2734; x_wconf 84' lang='lat' dir='ltr'><strong>Per</strong></span> <span class='ocrx_word' id='word_1_198' title='bbox 467 2693 560 2754; x_wconf 81' lang='lat' dir='ltr'><strong>quem</strong></span> <span class='ocrx_word' id='word_1_199' title='bbox 572 2673 701 2755; x_wconf 87' lang='lat' dir='ltr'><strong>(lesum</strong></span> <span class='ocrx_word' id='word_1_200' title='bbox 719 2671 907 2753; x_wconf 89' lang='lat' dir='ltr'><strong>Christum)</strong></span> <span class='ocrx_word' id='word_1_201' title='bbox 921 2671 1098 2753; x_wconf 80' lang='lat' dir='ltr'><strong>accepimus</strong></span> <span class='ocrx_word' id='word_1_202' title='bbox 1113 2667 1317 2751; x_wconf 57' lang='lat' dir='ltr'><strong>gratiamet</strong></span> <span class='ocrx_word' id='word_1_203' title='bbox 1336 2665 1485 2748; x_wconf 59' lang='grc' dir='ltr'><strong>προσταίη-</strong></span> 
     </span>
     <span class='ocr_line' id='line_1_24' title="bbox 386 2770 1488 2859; baseline -0.006 -23"><span class='ocrx_word' id='word_1_204' title='bbox 386 2783 457 2838; x_wconf 85' lang='lat' dir='ltr'><strong>tum</strong></span> <span class='ocrx_word' id='word_1_205' title='bbox 472 2775 522 2837; x_wconf 85' lang='lat' dir='ltr'><strong>nd</strong></span> <span class='ocrx_word' id='word_1_206' title='bbox 532 2777 743 2840; x_wconf 72' lang='lat' dir='ltr'><strong>obediendum</strong></span> <span class='ocrx_word' id='word_1_207' title='bbox 758 2777 848 2859; x_wconf 83' lang='lat' dir='ltr'><strong>fidei</strong></span> <span class='ocrx_word' id='word_1_208' title='bbox 867 2777 903 2838; x_wconf 85' lang='lat' dir='ltr'><strong>in</strong></span> <span class='ocrx_word' id='word_1_209' title='bbox 934 2774 1082 2839; x_wconf 86' lang='lat' dir='ltr'><strong>omm&#39;bus</strong></span> <span class='ocrx_word' id='word_1_210' title='bbox 1108 2772 1261 2855; x_wconf 78' lang='lat' dir='ltr'><strong>gentibus</strong></span> <span class='ocrx_word' id='word_1_211' title='bbox 1280 2781 1343 2850; x_wconf 78' lang='lat' dir='ltr'><strong>pro</strong></span> <span class='ocrx_word' id='word_1_212' title='bbox 1366 2770 1488 2832; x_wconf 78' lang='lat' dir='ltr'><strong>numine</strong></span> 
     </span>
     <span class='ocr_line' id='line_1_25' title="bbox 384 2872 1487 2963; baseline -0.007 -21"><span class='ocrx_word' id='word_1_213' title='bbox 384 2878 455 2942; x_wconf 84' lang='lat' dir='ltr'><strong>cius</strong></span> <span class='ocrx_word' id='word_1_214' title='bbox 471 2879 513 2962; x_wconf 81' lang='lat'><strong>(⁶)</strong></span> <span class='ocrx_word' id='word_1_215' title='bbox 533 2882 772 2963; x_wconf 88' lang='lat' dir='ltr'>:divinamque</span> <span class='ocrx_word' id='word_1_216' title='bbox 796 2899 911 2943; x_wconf 91' lang='lat' dir='ltr'><strong>eorum</strong></span> <span class='ocrx_word' id='word_1_217' title='bbox 936 2878 1140 2961; x_wconf 83' lang='lat' dir='ltr'><strong>legationem</strong></span> <span class='ocrx_word' id='word_1_218' title='bbox 1167 2875 1295 2956; x_wconf 91' lang='lat' dir='ltr'><strong>passim</strong></span> <span class='ocrx_word' id='word_1_219' title='bbox 1325 2872 1487 2953; x_wconf 83' lang='lat' dir='ltr'><strong>Deusper</strong></span> 
     </span>
     <span class='ocr_line' id='line_1_26' title="bbox 385 2975 1488 3068; baseline -0.006 -23"><span class='ocrx_word' id='word_1_220' title='bbox 385 2985 540 3065; x_wconf 86' lang='lat' dir='ltr'><strong>prodigia</strong></span> <span class='ocrx_word' id='word_1_221' title='bbox 557 2985 589 3046; x_wconf 94' lang='lat' dir='ltr'><strong>in</strong></span> <span class='ocrx_word' id='word_1_222' title='bbox 606 2997 723 3068; x_wconf 90' lang='lat' dir='ltr'><strong>aperto</strong></span> <span class='ocrx_word' id='word_1_223' title='bbox 740 2987 836 3068; x_wconf 88' lang='lat' dir='ltr'><strong>ponit</strong></span> <span class='ocrx_word' id='word_1_224' title='bbox 854 3008 861 3047; x_wconf 90' lang='lat'>:</span> <span class='ocrx_word' id='word_1_225' title='bbox 877 2983 938 3047; x_wconf 79' lang='lat' dir='ltr'><strong>Illi</strong></span> <span class='ocrx_word' id='word_1_226' title='bbox 951 2992 1060 3046; x_wconf 82' lang='lat' dir='ltr'><strong>autem</strong></span> <span class='ocrx_word' id='word_1_227' title='bbox 1068 2979 1212 3064; x_wconf 82' lang='lat' dir='ltr'><strong>profecti</strong></span> <span class='ocrx_word' id='word_1_228' title='bbox 1216 2975 1488 3060; x_wconf 68' lang='lat' dir='ltr'><strong>praeduavmnr</strong></span> 
     </span>
     <span class='ocr_line' id='line_1_27' title="bbox 385 3081 1486 3172; baseline -0.005 -23"><span class='ocrx_word' id='word_1_229' title='bbox 385 3085 509 3168; x_wconf 83' lang='lat' dir='ltr'><strong>ubique,</strong></span> <span class='ocrx_word' id='word_1_230' title='bbox 525 3088 666 3152; x_wconf 85' lang='lat' dir='ltr'><strong>Domino</strong></span> <span class='ocrx_word' id='word_1_231' title='bbox 681 3098 874 3172; x_wconf 80' lang='lat' dir='ltr'><strong>cooperante,</strong></span> <span class='ocrx_word' id='word_1_232' title='bbox 889 3099 919 3150; x_wconf 83' lang='lat' dir='ltr'><strong>et</strong></span> <span class='ocrx_word' id='word_1_233' title='bbox 932 3106 1110 3151; x_wconf 76' lang='lat' dir='ltr'><strong>sennonem</strong></span> <span class='ocrx_word' id='word_1_234' title='bbox 1124 3081 1347 3166; x_wconf 79' lang='lat' dir='ltr'><strong>confirmante,</strong></span> <span class='ocrx_word' id='word_1_235' title='bbox 1364 3100 1486 3162; x_wconf 75' lang='lat' dir='ltr'><strong>sequen·</strong></span> 
     </span>
     <span class='ocr_line' id='line_1_28' title="bbox 384 3183 1487 3277; baseline -0.007 -24"><span class='ocrx_word' id='word_1_236' title='bbox 384 3189 473 3256; x_wconf 81' lang='lat' dir='ltr'><strong>tibus</strong></span> <span class='ocrx_word' id='word_1_237' title='bbox 486 3193 594 3275; x_wconf 60' lang='grc' dir='ltr'><strong>εἰμές</strong></span> <span class='ocrx_word' id='word_1_238' title='bbox 608 3193 660 3274; x_wconf 88' lang='lat'><strong>(⁷).</strong></span> <span class='ocrx_word' id='word_1_239' title='bbox 677 3192 789 3277; x_wconf 86' lang='lat' dir='ltr'><strong>Quem</strong></span> <span class='ocrx_word' id='word_1_240' title='bbox 810 3213 890 3256; x_wconf 88' lang='lat' dir='ltr'><strong>vero</strong></span> <span class='ocrx_word' id='word_1_241' title='bbox 909 3193 1127 3255; x_wconf 81' lang='lat' dir='ltr'><strong>sermonem?</strong></span> <span class='ocrx_word' id='word_1_242' title='bbox 1142 3207 1220 3250; x_wconf 91' lang='lat' dir='ltr'><strong>eum</strong></span> <span class='ocrx_word' id='word_1_243' title='bbox 1233 3185 1362 3267; x_wconf 90' lang='lat' dir='ltr'><strong>utique,</strong></span> <span class='ocrx_word' id='word_1_244' title='bbox 1387 3185 1444 3266; x_wconf 88' lang='lat' dir='ltr'><strong>qui</strong></span> <span class='ocrx_word' id='word_1_245' title='bbox 1458 3183 1487 3246; x_wconf 90' lang='lat' dir='ltr'><strong>id</strong></span> 
     </span>
     <span class='ocr_line' id='line_1_29' title="bbox 386 3287 1486 3380; baseline -0.01 -22"><span class='ocrx_word' id='word_1_246' title='bbox 386 3315 488 3360; x_wconf 91' lang='lat' dir='ltr'><strong>omne</strong></span> <span class='ocrx_word' id='word_1_247' title='bbox 502 3297 811 3380; x_wconf 85' lang='lat' dir='ltr'><strong>comprehenderet,</strong></span> <span class='ocrx_word' id='word_1_248' title='bbox 834 3296 925 3378; x_wconf 90' lang='lat' dir='ltr'><strong>quod</strong></span> <span class='ocrx_word' id='word_1_249' title='bbox 950 3295 1015 3377; x_wconf 89' lang='lat' dir='ltr'><strong>ipsi</strong></span> <span class='ocrx_word' id='word_1_250' title='bbox 1031 3313 1076 3358; x_wconf 86' lang='lat' dir='ltr'><strong>ex</strong></span> <span class='ocrx_word' id='word_1_251' title='bbox 1093 3293 1257 3374; x_wconf 84' lang='lat' dir='ltr'><strong>magistro</strong></span> <span class='ocrx_word' id='word_1_252' title='bbox 1273 3287 1486 3352; x_wconf 83' lang='lat' dir='ltr'><strong>didicissent:</strong></span> 
     </span>
     <span class='ocr_line' id='line_1_30' title="bbox 386 3397 1487 3484; baseline -0.011 -20"><span class='ocrx_word' id='word_1_253' title='bbox 386 3399 497 3482; x_wconf 89' lang='lat' dir='ltr'><strong>palam</strong></span> <span class='ocrx_word' id='word_1_254' title='bbox 514 3401 604 3464; x_wconf 89' lang='lat' dir='ltr'><strong>enim</strong></span> <span class='ocrx_word' id='word_1_255' title='bbox 622 3410 804 3484; x_wconf 89' lang='lat' dir='ltr'><strong>aperteque</strong></span> <span class='ocrx_word' id='word_1_256' title='bbox 820 3409 996 3475; x_wconf 89' lang='lat' dir='ltr'><strong>testantur,</strong></span> <span class='ocrx_word' id='word_1_257' title='bbox 1008 3397 1090 3460; x_wconf 89' lang='lat' dir='ltr'><strong>nihil</strong></span> <span class='ocrx_word' id='word_1_258' title='bbox 1102 3416 1138 3460; x_wconf 89' lang='lat' dir='ltr'><strong>se</strong></span> <span class='ocrx_word' id='word_1_259' title='bbox 1153 3412 1270 3459; x_wconf 91' lang='lat' dir='ltr'><strong>eorum</strong></span> <span class='ocrx_word' id='word_1_260' title='bbox 1287 3409 1398 3476; x_wconf 89' lang='lat' dir='ltr'><strong>posse,</strong></span> <span class='ocrx_word' id='word_1_261' title='bbox 1406 3409 1487 3473; x_wconf 89' lang='lat' dir='ltr'><strong>quae</strong></span> 
     </span>
    </p>

    <p class='ocr_par' dir='ltr' id='par_1_9' title="bbox 228 3500 1487 3798">
     <span class='ocr_line' id='line_1_31' title="bbox 385 3500 1221 3617; baseline -0.002 -52"><span class='ocrx_word' id='word_1_262' title='bbox 385 3502 539 3569; x_wconf 86' lang='lat' dir='ltr'><strong>viderant</strong></span> <span class='ocrx_word' id='word_1_263' title='bbox 550 3524 705 3588; x_wconf 89' lang='lat' dir='ltr'><strong>quaeque</strong></span> <span class='ocrx_word' id='word_1_264' title='bbox 720 3505 905 3580; x_wconf 86' lang='lat' dir='ltr'><strong>audierant,</strong></span> <span class='ocrx_word' id='word_1_265' title='bbox 921 3523 988 3568; x_wconf 88' lang='lat' dir='ltr'><strong>non</strong></span> <span class='ocrx_word' id='word_1_266' title='bbox 1006 3500 1108 3584; x_wconf 87' lang='lat' dir='ltr'><strong>loqui.</strong></span> <span class='ocrx_word' id='word_1_267' title='bbox 1211 3603 1221 3617; x_wconf 42' lang='grc'><strong>.</strong></span> 
     </span>
     <span class='ocr_line' id='line_1_32' title="bbox 245 3604 1487 3694; baseline -0.015 -14"><span class='ocrx_word' id='word_1_268' title='bbox 245 3636 361 3694; x_wconf 72' lang='lat' dir='ltr'><strong>Magou-</strong></span> <span class='ocrx_word' id='word_1_269' title='bbox 430 3606 507 3688; x_wconf 90' lang='lat' dir='ltr'><strong>Sed,</strong></span> <span class='ocrx_word' id='word_1_270' title='bbox 522 3611 613 3692; x_wconf 90' lang='lat' dir='ltr'><strong>quod</strong></span> <span class='ocrx_word' id='word_1_271' title='bbox 639 3609 706 3674; x_wconf 91' lang='lat' dir='ltr'><strong>alio</strong></span> <span class='ocrx_word' id='word_1_272' title='bbox 731 3611 806 3674; x_wconf 90' lang='lat' dir='ltr'><strong>loco</strong></span> <span class='ocrx_word' id='word_1_273' title='bbox 829 3610 991 3684; x_wconf 88' lang='lat' dir='ltr'><strong>diximus,</strong></span> <span class='ocrx_word' id='word_1_274' title='bbox 1006 3620 1074 3670; x_wconf 91' lang='lat' dir='ltr'><strong>non</strong></span> <span class='ocrx_word' id='word_1_275' title='bbox 1095 3613 1165 3668; x_wconf 86' lang='lat' dir='ltr'><strong>erat</strong></span> <span class='ocrx_word' id='word_1_276' title='bbox 1189 3604 1357 3668; x_wconf 79' lang='lat' dir='ltr'><strong>eiusmodi</strong></span> <span class='ocrx_word' id='word_1_277' title='bbox 1374 3621 1487 3667; x_wconf 86' lang='lat' dir='ltr'><strong>munus</strong></span> 
     </span>
     <span class='ocr_line' id='line_1_33' title="bbox 228 3697 1487 3798; baseline -0.01 -21"><span class='ocrx_word' id='word_1_278' title='bbox 228 3697 361 3740; x_wconf 63' lang='lat' dir='ltr'><strong>nummo</strong></span> <span class='ocrx_word' id='word_1_279' title='bbox 385 3713 621 3798; x_wconf 87' lang='lat' dir='ltr'><strong>apostolicum,</strong></span> <span class='ocrx_word' id='word_1_280' title='bbox 647 3723 684 3778; x_wconf 91' lang='lat' dir='ltr'><strong>ut</strong></span> <span class='ocrx_word' id='word_1_281' title='bbox 711 3723 770 3778; x_wconf 86' lang='lat' dir='ltr'><strong>aut</strong></span> <span class='ocrx_word' id='word_1_282' title='bbox 792 3734 869 3778; x_wconf 89' lang='lat' dir='ltr'><strong>cum</strong></span> <span class='ocrx_word' id='word_1_283' title='bbox 905 3711 1059 3796; x_wconf 90' lang='lat' dir='ltr'><strong>personis</strong></span> <span class='ocrx_word' id='word_1_284' title='bbox 1085 3706 1333 3791; x_wconf 89' lang='lat' dir='ltr'><strong>Apostolorum</strong></span> <span class='ocrx_word' id='word_1_285' title='bbox 1359 3706 1487 3771; x_wconf 86' lang='lat' dir='ltr'><strong>interire</strong></span> 
     </span>
    </p>
   </div>
   <div class='ocr_carea' id='block_1_4' title="bbox 221 3753 360 3800">
    <p class='ocr_par' dir='ltr' id='par_1_10' title="bbox 221 3753 360 3800">
     <span class='ocr_line' id='line_1_34' title="bbox 221 3753 360 3800; baseline -0.007 0"><span class='ocrx_word' id='word_1_286' title='bbox 221 3767 277 3800; x_wconf 77' lang='lat' dir='ltr'><strong>cunt</strong></span> <span class='ocrx_word' id='word_1_287' title='bbox 288 3753 360 3800; x_wconf 70' lang='lat' dir='ltr'><strong>can·-</strong></span> 
     </span>
    </p>
   </div>
   <div class='ocr_carea' id='block_1_5' title="bbox 204 3809 1489 4118">
    <p class='ocr_par' dir='ltr' id='par_1_11' title="bbox 204 3809 1489 4118">
     <span class='ocr_line' id='line_1_35' title="bbox 223 3809 1486 3932; baseline -0.013 -48"><span class='ocrx_word' id='word_1_288' title='bbox 223 3815 359 3932; x_wconf 43' lang='lat' dir='ltr'><strong>gssjijzfjj·</strong></span> <span class='ocrx_word' id='word_1_289' title='bbox 385 3828 509 3901; x_wconf 89' lang='lat' dir='ltr'><strong>posset,</strong></span> <span class='ocrx_word' id='word_1_290' title='bbox 525 3827 583 3882; x_wconf 93' lang='lat' dir='ltr'><strong>aut</strong></span> <span class='ocrx_word' id='word_1_291' title='bbox 599 3836 676 3882; x_wconf 90' lang='lat' dir='ltr'><strong>curn</strong></span> <span class='ocrx_word' id='word_1_292' title='bbox 704 3824 859 3898; x_wconf 86' lang='lat' dir='ltr'><strong>tempore</strong></span> <span class='ocrx_word' id='word_1_293' title='bbox 885 3815 963 3893; x_wconf 91' lang='lat' dir='ltr'><strong>labi,</strong></span> <span class='ocrx_word' id='word_1_294' title='bbox 990 3815 1116 3898; x_wconf 87' lang='lat' dir='ltr'><strong>quippe</strong></span> <span class='ocrx_word' id='word_1_295' title='bbox 1140 3811 1233 3896; x_wconf 91' lang='lat' dir='ltr'><strong>quod</strong></span> <span class='ocrx_word' id='word_1_296' title='bbox 1260 3821 1295 3874; x_wconf 89' lang='lat' dir='ltr'><strong>et</strong></span> <span class='ocrx_word' id='word_1_297' title='bbox 1320 3809 1486 3892; x_wconf 87' lang='lat' dir='ltr'><strong>publicum</strong></span> 
     </span>
     <span class='ocr_line' id='line_1_36' title="bbox 204 3911 1487 4004; baseline -0.015 -13"><span class='ocrx_word' id='word_1_298' title='bbox 204 3937 311 3990; x_wconf 66' lang='lat' dir='ltr'><strong>neruum,</strong></span> <span class='ocrx_word' id='word_1_299' title='bbox 384 3934 473 3986; x_wconf 88' lang='lat' dir='ltr'><strong>esset</strong></span> <span class='ocrx_word' id='word_1_300' title='bbox 488 3932 523 3985; x_wconf 86' lang='lat' dir='ltr'><strong>et</strong></span> <span class='ocrx_word' id='word_1_301' title='bbox 537 3921 638 3985; x_wconf 89' lang='lat' dir='ltr'><strong>saluti</strong></span> <span class='ocrx_word' id='word_1_302' title='bbox 654 3921 787 4004; x_wconf 84' lang='lat' dir='ltr'><strong>generis</strong></span> <span class='ocrx_word' id='word_1_303' title='bbox 810 3921 948 3984; x_wconf 89' lang='lat' dir='ltr'><strong>humani</strong></span> <span class='ocrx_word' id='word_1_304' title='bbox 965 3919 1170 3983; x_wconf 91' lang='lat' dir='ltr'><strong>institutum.</strong></span> <span class='ocrx_word' id='word_1_305' title='bbox 1198 3913 1379 3998; x_wconf 88' lang='lat' dir='ltr'><strong>Apostolis</strong></span> <span class='ocrx_word' id='word_1_306' title='bbox 1404 3911 1487 3977; x_wconf 85' lang='lat' dir='ltr'><strong>enirn</strong></span> 
     </span>
     <span class='ocr_line' id='line_1_37' title="bbox 386 4013 1489 4118; baseline -0.012 -30"><span class='ocrx_word' id='word_1_307' title='bbox 386 4025 558 4118; x_wconf 89' lang='lat' dir='ltr'><strong>mandavit</strong></span> <span class='ocrx_word' id='word_1_308' title='bbox 577 4025 670 4089; x_wconf 89' lang='lat' dir='ltr'><strong>lesus</strong></span> <span class='ocrx_word' id='word_1_309' title='bbox 694 4024 848 4089; x_wconf 87' lang='lat' dir='ltr'><strong>Christus</strong></span> <span class='ocrx_word' id='word_1_310' title='bbox 865 4034 902 4087; x_wconf 92' lang='lat' dir='ltr'><strong>ut</strong></span> <span class='ocrx_word' id='word_1_311' title='bbox 922 4021 1156 4106; x_wconf 87' lang='lat' dir='ltr'><strong>praedicarent</strong></span> <span class='ocrx_word' id='word_1_312' title='bbox 1182 4017 1391 4100; x_wconf 79' lang='lat' dir='ltr'><strong>evangelium</strong></span> <span class='ocrx_word' id='word_1_313' title='bbox 1405 4013 1489 4079; x_wconf 79' lang='lat' dir='ltr'><strong>omri</strong></span> 
     </span>
    </p>
   </div>
   <div class='ocr_carea' id='block_1_6' title="bbox 384 4116 1486 4209">
    <p class='ocr_par' dir='ltr' id='par_1_12' title="bbox 384 4116 1486 4209">
     <span class='ocr_line' id='line_1_38' title="bbox 384 4116 1486 4209; baseline -0.007 -19"><span class='ocrx_word' id='word_1_314' title='bbox 384 4139 560 4204; x_wconf 64' lang='lat' dir='ltr'><strong>menturae,</strong></span> <span class='ocrx_word' id='word_1_315' title='bbox 576 4139 610 4190; x_wconf 93' lang='lat' dir='ltr'><strong>et</strong></span> <span class='ocrx_word' id='word_1_316' title='bbox 627 4138 803 4209; x_wconf 81' lang='lat' dir='ltr'><strong>portarent</strong></span> <span class='ocrx_word' id='word_1_317' title='bbox 817 4147 931 4191; x_wconf 79' lang='lat' dir='ltr'><strong>norm</strong></span> <span class='ocrx_word' id='word_1_318' title='bbox 956 4127 1062 4206; x_wconf 81' lang='lat' dir='ltr'><strong>ipsius</strong></span> <span class='ocrx_word' id='word_1_319' title='bbox 1077 4145 1185 4187; x_wconf 86' lang='lat' dir='ltr'><strong>coram</strong></span> <span class='ocrx_word' id='word_1_320' title='bbox 1197 4122 1350 4205; x_wconf 76' lang='lat' dir='ltr'><strong>gentibus</strong></span> <span class='ocrx_word' id='word_1_321' title='bbox 1364 4131 1397 4184; x_wconf 80' lang='lat' dir='ltr'><strong>ct</strong></span> <span class='ocrx_word' id='word_1_322' title='bbox 1411 4116 1486 4201; x_wconf 75' lang='lat' dir='ltr'><strong>regi·</strong></span> 
     </span>
    </p>
   </div>
   <div class='ocr_carea' id='block_1_7' title="bbox 385 4261 1484 4393">
    <p class='ocr_par' dir='ltr' id='par_1_13' title="bbox 385 4261 1484 4393">
     <span class='ocr_line' id='line_1_39' title="bbox 416 4261 1484 4328; baseline -0.008 -15"><span class='ocrx_word' id='word_1_323' title='bbox 416 4283 436 4314; x_wconf 85' lang='lat'><strong>1.</strong></span> <span class='ocrx_word' id='word_1_324' title='bbox 456 4270 531 4320; x_wconf 82' lang='lat' dir='ltr'><strong>loun..</strong></span> <span class='ocrx_word' id='word_1_325' title='bbox 546 4279 600 4322; x_wconf 72' lang='lat' dir='ltr'><strong>xvi,</strong></span> <span class='ocrx_word' id='word_1_326' title='bbox 610 4283 671 4328; x_wconf 76' lang='lat'>7-13.</span> <span class='ocrx_word' id='word_1_327' title='bbox 690 4293 719 4303; x_wconf 90' lang='lat'><em>-</em></span> <span class='ocrx_word' id='word_1_328' title='bbox 730 4283 750 4314; x_wconf 79' lang='lat' dir='ltr'><strong>a.</strong></span> <span class='ocrx_word' id='word_1_329' title='bbox 768 4271 847 4323; x_wconf 73' lang='lat' dir='ltr'><strong>Ioum,</strong></span> <span class='ocrx_word' id='word_1_330' title='bbox 858 4278 914 4321; x_wconf 78' lang='lat' dir='ltr'><strong>xlv.</strong></span> <span class='ocrx_word' id='word_1_331' title='bbox 928 4269 1003 4325; x_wconf 87' lang='lat'>16-17.</span> <span class='ocrx_word' id='word_1_332' title='bbox 1017 4281 1074 4325; x_wconf 64' lang='lat' dir='ltr'><strong>-p</strong></span> <span class='ocrx_word' id='word_1_333' title='bbox 1095 4267 1174 4318; x_wconf 73' lang='lat' dir='ltr'><strong>Ioum,</strong></span> <span class='ocrx_word' id='word_1_334' title='bbox 1188 4274 1232 4318; x_wconf 83' lang='lat' dir='ltr'><strong>xv,</strong></span> <span class='ocrx_word' id='word_1_335' title='bbox 1245 4265 1322 4319; x_wconf 66' lang='lat' dir='ltr'><strong>adep.</strong></span> <span class='ocrx_word' id='word_1_336' title='bbox 1336 4287 1367 4296; x_wconf 96' lang='lat'><strong>—</strong></span> <span class='ocrx_word' id='word_1_337' title='bbox 1383 4277 1406 4319; x_wconf 82' lang='lat'>4</span> <span class='ocrx_word' id='word_1_338' title='bbox 1424 4261 1484 4305; x_wconf 72' lang='lat' dir='ltr'>Luc..</span> 
     </span>
     <span class='ocr_line' id='line_1_40' title="bbox 385 4335 1302 4393; baseline 0.002 -13"><span class='ocrx_word' id='word_1_339' title='bbox 385 4337 502 4388; x_wconf 85' lang='lat' dir='ltr'><strong>x‚16.-</strong></span> <span class='ocrx_word' id='word_1_340' title='bbox 518 4346 538 4393; x_wconf 82' lang='lat'><strong>5.</strong></span> <span class='ocrx_word' id='word_1_341' title='bbox 558 4337 635 4388; x_wconf 78' lang='lat' dir='ltr'><strong>locu..</strong></span> <span class='ocrx_word' id='word_1_342' title='bbox 649 4345 694 4388; x_wconf 85' lang='lat' dir='ltr'><strong>xx.</strong></span> <span class='ocrx_word' id='word_1_343' title='bbox 707 4350 743 4382; x_wconf 89' lang='lat'><strong>21.</strong></span> <span class='ocrx_word' id='word_1_344' title='bbox 762 4337 827 4383; x_wconf 69' lang='grc' dir='ltr'><strong>-ᾱ</strong></span> <span class='ocrx_word' id='word_1_345' title='bbox 846 4336 926 4388; x_wconf 71' lang='lat' dir='ltr'><strong>Rene,</strong></span> <span class='ocrx_word' id='word_1_346' title='bbox 939 4345 957 4387; x_wconf 84' lang='lat'><strong>1,</strong></span> <span class='ocrx_word' id='word_1_347' title='bbox 969 4346 990 4393; x_wconf 82' lang='lat'><strong>5.</strong></span> <span class='ocrx_word' id='word_1_348' title='bbox 1008 4359 1039 4369; x_wconf 93' lang='lat'>-</span> <span class='ocrx_word' id='word_1_349' title='bbox 1053 4349 1075 4391; x_wconf 83' lang='lat'><strong>7.</strong></span> <span class='ocrx_word' id='word_1_350' title='bbox 1095 4335 1185 4385; x_wconf 80' lang='lat' dir='ltr'><strong>Marc..</strong></span> <span class='ocrx_word' id='word_1_351' title='bbox 1198 4340 1253 4385; x_wconf 68' lang='lat' dir='ltr'><strong>xvi,</strong></span> <span class='ocrx_word' id='word_1_352' title='bbox 1266 4343 1302 4376; x_wconf 64' lang='lat' dir='ltr'>n</span> 
     </span>
    </p>
   </div>
   <div class='ocr_carea' id='block_1_8' title="bbox 0 0 1565 4859">
    <p class='ocr_par' dir='ltr' id='par_1_14' title="bbox 0 0 1565 4859">
     <span class='ocr_line' id='line_1_41' title="bbox 0 0 1565 4859; baseline 0 0"><span class='ocrx_word' id='word_1_353' title='bbox 0 0 1565 4859; x_wconf 95' lang='lat' dir='ltr'><strong> </strong></span> 
     </span>
    </p>
   </div>
   <div class='ocr_carea' id='block_1_9' title="bbox 1221 4733 1533 4850">
    <p class='ocr_par' dir='ltr' id='par_1_15' title="bbox 1188 4677 1548 4850">
     <span class='ocr_line' id='line_1_42' title="bbox 1221 4733 1533 4850; baseline -0.003 -0.092"><span class='ocrx_word' id='word_1_354' title='bbox 1221 4733 1533 4850; x_wconf 53' lang='lat' dir='ltr'><strong>effi</strong></span> 
     </span>
    </p>
   </div>
  </div>
 </body>
</html>
