3117 4859
370 363 415 437 72
495 367 611 419 eursu.
633 365 760 418 srosa.
785 354 806 383 “
826 367 1010 419 unrrarrs
1028 367 1298 419 cumsrmuae.
1320 345 1339 373 ''

187 527 339 586 runnjau-
367 505 411 568 ris
427 506 659 588 prosperitatis
677 503 819 570 fidenter
840 505 919 583 niti;
940 507 1064 588 poterit
1079 507 1169 571 iusta
1183 505 1247 568 sibi
1263 515 1299 570 et
1313 505 1474 572 beneficia

188 595 245 636 “⁶‘'
301 679 306 690 ,
366 619 400 674 et
431 618 630 673 ornamenta
659 629 680 672 a
711 627 849 672 romana
881 608 1043 686 Ecclesia,
1070 620 1177 674 matre
1203 628 1378 692 nunquam
1410 631 1474 675 uon

233 693 342 785 ausura
366 712 607 788 amantissima,
620 712 1029 796 expectare-Auspicia
1038 712 1148 778 fauste
1160 713 1369 796 emergentia
1384 715 1474 778 beni·

189 799 340 921 ⁸272&ssss
365 835 432 898 gne
462 813 576 880 foveat
604 815 807 881 Sanctorum
835 816 1006 899 praeclara
1030 816 1152 882 cohors
1176 836 1263 899 quos
1288 819 1322 881 in
1345 817 1474 882 caelum

239 917 338 970 recorae.
367 919 548 1003 Aegyptus
563 919 761 996 transmisit,
776 919 1057 1003 beatissimusque
1081 920 1198 984 Petrus
1222 930 1326 1003 atque
1347 921 1475 985 carissi·

368 1043 442 1088 mus
458 1024 488 1087 ei
500 1022 645 1100 Marcus,
655 1032 786 1088 vestrae
798 1033 953 1087 auctores
965 1024 1135 1106 iidemque
1150 1025 1283 1107 patroni
1299 1023 1475 1099 ecclesiae;

369 1127 518 1191 maxime
534 1145 613 1190 vero
638 1125 850 1192 sanctissima
867 1127 976 1209 Virgo
992 1126 1131 1204 Mam,
1147 1128 1200 1191 cui
1223 1129 1328 1192 decus
1343 1128 1475 1192 divinae

369 1231 486 1295 matris
501 1229 647 1315 Cyrillus
664 1231 754 1296 idem
770 1231 961 1296 constantia
977 1229 1117 1296 mirifica
1132 1234 1284 1297 asseruit.

190 1360 214 1403 es
229 1354 342 1415 ipsasa-
414 1335 503 1400 illud
528 1344 580 1399 est
604 1335 752 1417 denique
778 1335 1002 1412 exorandum,
1019 1344 1055 1399 ut
1082 1336 1156 1419 ipsa
1172 1335 1339 1400 FAMILIA
1356 1335 1478 1408 Saclta

190 1424 247 1522 {ff
256 1415 343 1460 m*
369 1459 456 1522 quae
471 1439 587 1504 divino
604 1439 697 1503 iussu
714 1439 887 1522 regionem
903 1439 1004 1503 istam
1020 1439 1163 1522 profuga
1175 1439 1289 1504 invisit
1300 1440 1479 1522 beavitque

369 1545 548 1628 hospitem,
559 1554 662 1626 atque
674 1545 707 1607 in
725 1543 859 1626 proavis
874 1543 940 1607 illis
956 1544 1075 1608 vestris
1090 1545 1223 1608 semina
1238 1543 1348 1626 prima
1361 1541 1479 1607 indidit

370 1649 524 1712 caelestis
549 1648 723 1714 doctrinae
748 1657 783 1712 et
808 1648 946 1729 gratiae,
972 1667 1013 1711 ea
1033 1667 1093 1712 vos
1119 1647 1311 1712 salutariter
1327 1647 1479 1730 respiciat

368 1751 521 1835 singulos
542 1754 726 1829 universos,
751 1751 1013 1834 muneribusque
1036 1752 1166 1835 priscae
1180 1751 1316 1834 pietatis
1332 1749 1478 1815 cumula·

369 1856 501 1920 tissime
516 1857 632 1921 donet.

413 1960 541 2026 Datum
560 1961 691 2024 Romae
713 1961 804 2042 apud
830 1958 863 2025 S.
882 1959 1018 2024 Petrum
1035 1960 1090 2024 die
1106 1973 1147 2023 xl
1166 1960 1253 2024 Iunii
1271 1968 1476 2031 MDCCCXCV,

369 2063 591 2129 Pontificatus
610 2063 726 2129 Nostri
742 2085 834 2128 anno
849 2063 984 2128 decimo
999 2073 1128 2128 octavo.

1083 2235 1179 2302 LEO
1204 2236 1267 2299 PP.
1292 2233 1395 2298 x111.

785 2952 1081 3242 titi·
