<?xml version="1.0" encoding="UTF-8"?>
<!DOCTYPE html PUBLIC "-//W3C//DTD XHTML 1.0 Transitional//EN"
    "http://www.w3.org/TR/xhtml1/DTD/xhtml1-transitional.dtd">
<html xmlns="http://www.w3.org/1999/xhtml" xml:lang="en" lang="en">
 <head>
  <title>
</title>
<meta http-equiv="Content-Type" content="text/html;charset=utf-8" />
  <meta name='ocr-system' content='tesseract 3.04.00' />
  <meta name='ocr-capabilities' content='ocr_page ocr_carea ocr_par ocr_line ocrx_word'/>
</head>
<body>
  <div class='ocr_page' id='page_1' title='image "./sanctissimidomi04xiiigoog_0225.png"; bbox 0 0 3117 4859; ppageno 0'>
   <div class='ocr_carea' id='block_1_1' title="bbox 279 381 1173 451">
    <p class='ocr_par' dir='ltr' id='par_1_1' title="bbox 279 381 1173 451">
     <span class='ocr_line' id='line_1_1' title="bbox 279 381 1173 451; baseline -0.003 -16"><span class='ocrx_word' id='word_1_1' title='bbox 279 384 331 435; x_wconf 80' lang='lat' dir='ltr'>DE</span> <span class='ocrx_word' id='word_1_2' title='bbox 357 382 510 435; x_wconf 81' lang='lat' dir='ltr'>STUDIIS</span> <span class='ocrx_word' id='word_1_3' title='bbox 538 383 774 435; x_wconf 83' lang='lat' dir='ltr'>SCRIPTURAE</span> <span class='ocrx_word' id='word_1_4' title='bbox 802 382 958 434; x_wconf 79' lang='lat' dir='ltr'>SACRAE.</span> <span class='ocrx_word' id='word_1_5' title='bbox 1102 381 1173 451; x_wconf 83' lang='lat'>213</span> 
     </span>
    </p>
   </div>
   <div class='ocr_carea' id='block_1_2' title="bbox 74 535 1289 618">
    <p class='ocr_par' dir='ltr' id='par_1_2' title="bbox 74 535 1289 618">
     <span class='ocr_line' id='line_1_2' title="bbox 74 535 1289 618; baseline 0.002 -19"><span class='ocrx_word' id='word_1_6' title='bbox 74 536 219 613; x_wconf 87' lang='lat' dir='ltr'>consilio,</span> <span class='ocrx_word' id='word_1_7' title='bbox 234 545 281 615; x_wconf 89' lang='lat' dir='ltr'>ut,</span> <span class='ocrx_word' id='word_1_8' title='bbox 313 537 408 618; x_wconf 85' lang='lat' dir='ltr'>quasi</span> <span class='ocrx_word' id='word_1_9' title='bbox 436 546 636 618; x_wconf 88' lang='lat' dir='ltr'>praeparato</span> <span class='ocrx_word' id='word_1_10' title='bbox 662 536 785 614; x_wconf 89' lang='lat' dir='ltr'>studio,</span> <span class='ocrx_word' id='word_1_11' title='bbox 808 536 968 600; x_wconf 92' lang='lat' dir='ltr'>iudicium</span> <span class='ocrx_word' id='word_1_12' title='bbox 1001 535 1174 599; x_wconf 81' lang='lat' dir='ltr'><strong>Ecclesiae</strong></span> <span class='ocrx_word' id='word_1_13' title='bbox 1255 556 1289 602; x_wconf 75' lang='grc' dir='ltr'>ιι</span> 
     </span>
    </p>
   </div>
   <div class='ocr_carea' id='block_1_3' title="bbox 75 614 1310 733">
    <p class='ocr_par' dir='ltr' id='par_1_3' title="bbox 75 614 1310 733">
     <span class='ocr_line' id='line_1_3' title="bbox 75 614 1310 733; baseline 0.003 -32"><span class='ocrx_word' id='word_1_14' title='bbox 75 650 255 703; x_wconf 89' lang='lat' dir='ltr'>maturetur</span> <span class='ocrx_word' id='word_1_15' title='bbox 269 663 276 718; x_wconf 93' lang='lat'>;</span> <span class='ocrx_word' id='word_1_16' title='bbox 293 640 325 702; x_wconf 93' lang='lat' dir='ltr'>in</span> <span class='ocrx_word' id='word_1_17' title='bbox 343 639 425 703; x_wconf 91' lang='lat' dir='ltr'>locis</span> <span class='ocrx_word' id='word_1_18' title='bbox 439 661 519 703; x_wconf 84' lang='lat' dir='ltr'>vero</span> <span class='ocrx_word' id='word_1_19' title='bbox 535 641 601 703; x_wconf 89' lang='lat' dir='ltr'>iam</span> <span class='ocrx_word' id='word_1_20' title='bbox 613 638 759 704; x_wconf 87' lang='lat' dir='ltr'>definitis</span> <span class='ocrx_word' id='word_1_21' title='bbox 770 650 882 724; x_wconf 85' lang='lat' dir='ltr'>potest</span> <span class='ocrx_word' id='word_1_22' title='bbox 898 642 1047 723; x_wconf 88' lang='lat' dir='ltr'>privatus</span> <span class='ocrx_word' id='word_1_23' title='bbox 1057 642 1175 704; x_wconf 92' lang='lat' dir='ltr'>doctor</span> <span class='ocrx_word' id='word_1_24' title='bbox 1234 614 1310 733; x_wconf 45' lang='lat'>§³325</span> 
     </span>
    </p>
   </div>
   <div class='ocr_carea' id='block_1_4' title="bbox 74 744 1351 1047">
    <p class='ocr_par' dir='ltr' id='par_1_4' title="bbox 74 744 1351 1047">
     <span class='ocr_line' id='line_1_4' title="bbox 75 744 1173 827; baseline 0 -20"><span class='ocrx_word' id='word_1_25' title='bbox 75 764 173 826; x_wconf 89' lang='lat' dir='ltr'>aeque</span> <span class='ocrx_word' id='word_1_26' title='bbox 201 745 370 827; x_wconf 85' lang='lat' dir='ltr'>prodesse,</span> <span class='ocrx_word' id='word_1_27' title='bbox 386 745 413 807; x_wconf 95' lang='lat' dir='ltr'>si</span> <span class='ocrx_word' id='word_1_28' title='bbox 431 765 489 809; x_wconf 88' lang='lat' dir='ltr'>eos</span> <span class='ocrx_word' id='word_1_29' title='bbox 516 744 567 807; x_wconf 85' lang='lat' dir='ltr'>vel</span> <span class='ocrx_word' id='word_1_30' title='bbox 596 744 804 808; x_wconf 87' lang='lat' dir='ltr'><strong>enucleatius</strong></span> <span class='ocrx_word' id='word_1_31' title='bbox 829 746 919 827; x_wconf 90' lang='lat' dir='ltr'>apud</span> <span class='ocrx_word' id='word_1_32' title='bbox 938 744 1087 809; x_wconf 88' lang='lat' dir='ltr'>fidelium</span> <span class='ocrx_word' id='word_1_33' title='bbox 1104 744 1173 826; x_wconf 88' lang='lat' dir='ltr'>ple·</span> 
     </span>
     <span class='ocr_line' id='line_1_5' title="bbox 74 848 1176 931; baseline 0.001 -22"><span class='ocrx_word' id='word_1_34' title='bbox 74 848 143 911; x_wconf 91' lang='lat' dir='ltr'>bern</span> <span class='ocrx_word' id='word_1_35' title='bbox 175 863 209 912; x_wconf 93' lang='lat' dir='ltr'>et</span> <span class='ocrx_word' id='word_1_36' title='bbox 236 848 443 931; x_wconf 84' lang='lat' dir='ltr'>ingeniosius</span> <span class='ocrx_word' id='word_1_37' title='bbox 470 849 560 930; x_wconf 89' lang='lat' dir='ltr'>apud</span> <span class='ocrx_word' id='word_1_38' title='bbox 589 850 708 913; x_wconf 91' lang='lat' dir='ltr'>doctos</span> <span class='ocrx_word' id='word_1_39' title='bbox 737 850 908 927; x_wconf 83' lang='lat' dir='ltr'>edisserat,</span> <span class='ocrx_word' id='word_1_40' title='bbox 931 849 982 913; x_wconf 92' lang='lat' dir='ltr'>vel</span> <span class='ocrx_word' id='word_1_41' title='bbox 1011 848 1176 931; x_wconf 87' lang='lat' dir='ltr'>insignius</span> 
     </span>
     <span class='ocr_line' id='line_1_6' title="bbox 74 951 1351 1047; baseline -0.002 -34"><span class='ocrx_word' id='word_1_42' title='bbox 74 952 200 1016; x_wconf 86' lang='lat' dir='ltr'>evincat</span> <span class='ocrx_word' id='word_1_43' title='bbox 215 953 260 1016; x_wconf 88' lang='lat' dir='ltr'>ab</span> <span class='ocrx_word' id='word_1_44' title='bbox 275 952 480 1042; x_wconf 69' lang='lat' dir='ltr'>aduersariis.</span> <span class='ocrx_word' id='word_1_45' title='bbox 498 951 713 1036; x_wconf 84' lang='lat' dir='ltr'>Quapropter</span> <span class='ocrx_word' id='word_1_46' title='bbox 724 952 941 1033; x_wconf 90' lang='lat' dir='ltr'>praecipuum</span> <span class='ocrx_word' id='word_1_47' title='bbox 953 959 1176 1031; x_wconf 87' lang='lat' dir='ltr'>sanctumque</span> <span class='ocrx_word' id='word_1_48' title='bbox 1256 984 1351 1047; x_wconf 73' lang='lat' dir='ltr'><em>Sism-</em></span> 
     </span>
    </p>
   </div>
   <div class='ocr_carea' id='block_1_5' title="bbox 75 1049 1341 1165">
    <p class='ocr_par' dir='ltr' id='par_1_5' title="bbox 75 1049 1341 1165">
     <span class='ocr_line' id='line_1_7' title="bbox 75 1049 1341 1165; baseline -0.004 -47"><span class='ocrx_word' id='word_1_49' title='bbox 75 1057 113 1118; x_wconf 88' lang='lat' dir='ltr'>sit</span> <span class='ocrx_word' id='word_1_50' title='bbox 128 1056 296 1120; x_wconf 87' lang='lat' dir='ltr'>catholico</span> <span class='ocrx_word' id='word_1_51' title='bbox 312 1056 495 1138; x_wconf 88' lang='lat' dir='ltr'>interpreti,</span> <span class='ocrx_word' id='word_1_52' title='bbox 512 1065 549 1120; x_wconf 94' lang='lat' dir='ltr'>ut</span> <span class='ocrx_word' id='word_1_53' title='bbox 577 1056 634 1119; x_wconf 91' lang='lat' dir='ltr'>illa</span> <span class='ocrx_word' id='word_1_54' title='bbox 662 1056 859 1139; x_wconf 88' lang='lat' dir='ltr'>Scripturae</span> <span class='ocrx_word' id='word_1_55' title='bbox 875 1052 1079 1131; x_wconf 90' lang='lat' dir='ltr'>testimonia,</span> <span class='ocrx_word' id='word_1_56' title='bbox 1094 1072 1177 1133; x_wconf 92' lang='lat' dir='ltr'>quo·</span> <span class='ocrx_word' id='word_1_57' title='bbox 1202 1049 1341 1165; x_wconf 45' lang='lat' dir='ltr'>Zirm-</span> 
     </span>
    </p>
   </div>
   <div class='ocr_carea' id='block_1_6' title="bbox 75 1158 1437 1570">
    <p class='ocr_par' dir='ltr' id='par_1_6' title="bbox 75 1158 1437 1570">
     <span class='ocr_line' id='line_1_8' title="bbox 75 1158 1301 1240; baseline -0.006 -18"><span class='ocrx_word' id='word_1_58' title='bbox 75 1182 142 1223; x_wconf 92' lang='lat' dir='ltr'>rum</span> <span class='ocrx_word' id='word_1_59' title='bbox 159 1182 276 1223; x_wconf 88' lang='lat' dir='ltr'>sensus</span> <span class='ocrx_word' id='word_1_60' title='bbox 292 1161 487 1224; x_wconf 85' lang='lat' dir='ltr'>authentice</span> <span class='ocrx_word' id='word_1_61' title='bbox 503 1158 693 1223; x_wconf 90' lang='lat' dir='ltr'>declaratus</span> <span class='ocrx_word' id='word_1_62' title='bbox 704 1169 765 1235; x_wconf 92' lang='lat' dir='ltr'>est,</span> <span class='ocrx_word' id='word_1_63' title='bbox 781 1168 839 1223; x_wconf 91' lang='lat' dir='ltr'>aut</span> <span class='ocrx_word' id='word_1_64' title='bbox 857 1178 915 1240; x_wconf 90' lang='lat' dir='ltr'>per</span> <span class='ocrx_word' id='word_1_65' title='bbox 931 1176 1046 1219; x_wconf 91' lang='lat' dir='ltr'>sacros</span> <span class='ocrx_word' id='word_1_66' title='bbox 1062 1164 1177 1217; x_wconf 91' lang='lat' dir='ltr'>aucto·</span> <span class='ocrx_word' id='word_1_67' title='bbox 1202 1197 1245 1229; x_wconf 82' lang='lat' dir='ltr'>sus</span> <span class='ocrx_word' id='word_1_68' title='bbox 1256 1197 1301 1229; x_wconf 79' lang='lat' dir='ltr'>au-</span> 
     </span>
     <span class='ocr_line' id='line_1_9' title="bbox 78 1246 1352 1361; baseline -0.001 -38"><span class='ocrx_word' id='word_1_69' title='bbox 78 1284 133 1341; x_wconf 88' lang='lat' dir='ltr'>res,</span> <span class='ocrx_word' id='word_1_70' title='bbox 149 1262 275 1348; x_wconf 91' lang='lat' dir='ltr'>Spiritu</span> <span class='ocrx_word' id='word_1_71' title='bbox 293 1263 420 1329; x_wconf 87' lang='lat' dir='ltr'>Sancto</span> <span class='ocrx_word' id='word_1_72' title='bbox 436 1260 582 1340; x_wconf 88' lang='lat' dir='ltr'>afflante,</span> <span class='ocrx_word' id='word_1_73' title='bbox 597 1265 646 1326; x_wconf 92' lang='lat' dir='ltr'>uti</span> <span class='ocrx_word' id='word_1_74' title='bbox 664 1263 778 1328; x_wconf 89' lang='lat' dir='ltr'>multis</span> <span class='ocrx_word' id='word_1_75' title='bbox 805 1265 839 1327; x_wconf 92' lang='lat' dir='ltr'>in</span> <span class='ocrx_word' id='word_1_76' title='bbox 866 1262 949 1327; x_wconf 92' lang='lat' dir='ltr'>locis</span> <span class='ocrx_word' id='word_1_77' title='bbox 965 1262 1042 1325; x_wconf 91' lang='lat' dir='ltr'>novi</span> <span class='ocrx_word' id='word_1_78' title='bbox 1059 1262 1177 1324; x_wconf 85' lang='lat' dir='ltr'>Testa·</span> <span class='ocrx_word' id='word_1_79' title='bbox 1202 1246 1352 1361; x_wconf 51' lang='lat' dir='ltr'>mffsd‘·</span> 
     </span>
     <span class='ocr_line' id='line_1_10' title="bbox 79 1348 1324 1453; baseline -0.004 -22"><span class='ocrx_word' id='word_1_80' title='bbox 79 1370 184 1447; x_wconf 88' lang='lat' dir='ltr'>menti,</span> <span class='ocrx_word' id='word_1_81' title='bbox 199 1378 258 1433; x_wconf 91' lang='lat' dir='ltr'>aut</span> <span class='ocrx_word' id='word_1_82' title='bbox 274 1390 334 1453; x_wconf 93' lang='lat' dir='ltr'>per</span> <span class='ocrx_word' id='word_1_83' title='bbox 351 1364 548 1444; x_wconf 83' lang='lat' dir='ltr'>Ecclesiam,</span> <span class='ocrx_word' id='word_1_84' title='bbox 564 1366 683 1431; x_wconf 88' lang='lat' dir='ltr'>eodem</span> <span class='ocrx_word' id='word_1_85' title='bbox 698 1368 826 1433; x_wconf 91' lang='lat' dir='ltr'>Sancto</span> <span class='ocrx_word' id='word_1_86' title='bbox 843 1368 1028 1431; x_wconf 87' lang='lat' dir='ltr'>adsistente</span> <span class='ocrx_word' id='word_1_87' title='bbox 1041 1366 1179 1447; x_wconf 86' lang='lat' dir='ltr'>Spiritu,</span> <span class='ocrx_word' id='word_1_88' title='bbox 1203 1377 1272 1425; x_wconf 73' lang='lat' dir='ltr'>tunc</span> <span class='ocrx_word' id='word_1_89' title='bbox 1280 1348 1324 1453; x_wconf 58' lang='lat' dir='ltr'>fef</span> 
     </span>
     <span class='ocr_line' id='line_1_11' title="bbox 76 1448 1437 1570; baseline -0.004 -36"><span class='ocrx_word' id='word_1_90' title='bbox 76 1472 141 1535; x_wconf 82' lang='lat' dir='ltr'>sive</span> <span class='ocrx_word' id='word_1_91' title='bbox 153 1473 291 1537; x_wconf 82' lang='lat' dir='ltr'>solemni</span> <span class='ocrx_word' id='word_1_92' title='bbox 308 1472 436 1551; x_wconf 68' lang='lat' dir='ltr'>ludicro,</span> <span class='ocrx_word' id='word_1_93' title='bbox 461 1470 530 1535; x_wconf 81' lang='lat' dir='ltr'>sive</span> <span class='ocrx_word' id='word_1_94' title='bbox 559 1472 729 1535; x_wconf 83' lang='lat' dir='ltr'>ordinario</span> <span class='ocrx_word' id='word_1_95' title='bbox 758 1482 791 1536; x_wconf 83' lang='lat' dir='ltr'>et</span> <span class='ocrx_word' id='word_1_96' title='bbox 820 1470 1004 1535; x_wconf 81' lang='lat' dir='ltr'>universali</span> <span class='ocrx_word' id='word_1_97' title='bbox 1027 1472 1179 1554; x_wconf 73' lang='lat' dir='ltr'>magiste-</span> <span class='ocrx_word' id='word_1_98' title='bbox 1197 1448 1352 1570; x_wconf 48' lang='lat' dir='ltr'>mm</span> <span class='ocrx_word' id='word_1_99' title='bbox 1421 1513 1437 1529; x_wconf 75' lang='grc'><em>,</em></span> 
     </span>
    </p>
   </div>
   <div class='ocr_carea' id='block_1_7' title="bbox 79 1572 1342 1768">
    <p class='ocr_par' dir='ltr' id='par_1_7' title="bbox 79 1572 1342 1768">
     <span class='ocr_line' id='line_1_12' title="bbox 79 1572 1333 1660; baseline -0.004 -19"><span class='ocrx_word' id='word_1_100' title='bbox 79 1572 124 1635; x_wconf 85' lang='lat' dir='ltr'>rio</span> <span class='ocrx_word' id='word_1_101' title='bbox 137 1572 189 1655; x_wconf 86' lang='lat'>(¹),</span> <span class='ocrx_word' id='word_1_102' title='bbox 204 1575 322 1639; x_wconf 70' lang='lat' dir='ltr'>eadem</span> <span class='ocrx_word' id='word_1_103' title='bbox 348 1574 421 1655; x_wconf 89' lang='lat' dir='ltr'>ipse</span> <span class='ocrx_word' id='word_1_104' title='bbox 447 1577 576 1641; x_wconf 88' lang='lat' dir='ltr'>ratione</span> <span class='ocrx_word' id='word_1_105' title='bbox 603 1578 840 1660; x_wconf 88' lang='lat' dir='ltr'>interpretetur</span> <span class='ocrx_word' id='word_1_106' title='bbox 855 1598 863 1654; x_wconf 92' lang='lat'>;</span> <span class='ocrx_word' id='word_1_107' title='bbox 878 1587 980 1660; x_wconf 88' lang='lat' dir='ltr'>atque</span> <span class='ocrx_word' id='word_1_108' title='bbox 1007 1596 1052 1640; x_wconf 84' lang='lat' dir='ltr'>ex</span> <span class='ocrx_word' id='word_1_109' title='bbox 1085 1576 1178 1641; x_wconf 90' lang='lat' dir='ltr'>adiu·</span> <span class='ocrx_word' id='word_1_110' title='bbox 1203 1573 1276 1633; x_wconf 72' lang='lat' dir='ltr'>licus,</span> <span class='ocrx_word' id='word_1_111' title='bbox 1296 1574 1333 1637; x_wconf 68' lang='grc' dir='ltr'>*Ἄ-</span> 
     </span>
     <span class='ocr_line' id='line_1_13' title="bbox 80 1654 1342 1768; baseline 0 -29"><span class='ocrx_word' id='word_1_112' title='bbox 80 1678 404 1760; x_wconf 88' lang='lat' dir='ltr'>mentisdisciplinae</span> <span class='ocrx_word' id='word_1_113' title='bbox 421 1700 501 1744; x_wconf 89' lang='lat' dir='ltr'>suae</span> <span class='ocrx_word' id='word_1_114' title='bbox 513 1683 701 1758; x_wconf 90' lang='lat' dir='ltr'>convincat,</span> <span class='ocrx_word' id='word_1_115' title='bbox 718 1702 793 1746; x_wconf 88' lang='lat' dir='ltr'>eam</span> <span class='ocrx_word' id='word_1_116' title='bbox 807 1682 914 1744; x_wconf 92' lang='lat' dir='ltr'>solam</span> <span class='ocrx_word' id='word_1_117' title='bbox 929 1681 1177 1763; x_wconf 90' lang='lat' dir='ltr'>interpretatio·</span> <span class='ocrx_word' id='word_1_118' title='bbox 1199 1654 1342 1768; x_wconf 40' lang='lat' dir='ltr'>milam</span> 
     </span>
    </p>
   </div>
   <div class='ocr_carea' id='block_1_8' title="bbox 80 1771 1329 1884">
    <p class='ocr_par' dir='ltr' id='par_1_8' title="bbox 80 1771 1329 1884">
     <span class='ocr_line' id='line_1_14' title="bbox 80 1771 1329 1884; baseline 0.007 -41"><span class='ocrx_word' id='word_1_119' title='bbox 80 1800 159 1859; x_wconf 90' lang='lat' dir='ltr'>nem,</span> <span class='ocrx_word' id='word_1_120' title='bbox 174 1783 216 1845; x_wconf 93' lang='lat' dir='ltr'>ad</span> <span class='ocrx_word' id='word_1_121' title='bbox 245 1802 347 1846; x_wconf 90' lang='lat' dir='ltr'>sanae</span> <span class='ocrx_word' id='word_1_122' title='bbox 372 1780 648 1851; x_wconf 85' lang='lat' dir='ltr'>hermeneuticae.</span> <span class='ocrx_word' id='word_1_123' title='bbox 670 1784 771 1867; x_wconf 89' lang='lat' dir='ltr'>leges,</span> <span class='ocrx_word' id='word_1_124' title='bbox 799 1806 898 1868; x_wconf 91' lang='lat' dir='ltr'>posse</span> <span class='ocrx_word' id='word_1_125' title='bbox 919 1795 1010 1849; x_wconf 88' lang='lat' dir='ltr'>recte</span> <span class='ocrx_word' id='word_1_126' title='bbox 1034 1784 1175 1868; x_wconf 90' lang='lat' dir='ltr'>probari.</span> <span class='ocrx_word' id='word_1_127' title='bbox 1201 1771 1329 1884; x_wconf 38' lang='lat' dir='ltr'>:rma</span> 
     </span>
    </p>
   </div>
   <div class='ocr_carea' id='block_1_9' title="bbox 83 1885 1350 1973">
    <p class='ocr_par' dir='ltr' id='par_1_9' title="bbox 83 1885 1350 1973">
     <span class='ocr_line' id='line_1_15' title="bbox 83 1885 1350 1973; baseline 0.008 -27"><span class='ocrx_word' id='word_1_128' title='bbox 83 1885 115 1947; x_wconf 93' lang='lat' dir='ltr'>ln</span> <span class='ocrx_word' id='word_1_129' title='bbox 130 1887 247 1950; x_wconf 89' lang='lat' dir='ltr'>ceteris</span> <span class='ocrx_word' id='word_1_130' title='bbox 260 1886 420 1969; x_wconf 88' lang='lat' dir='ltr'>analogia</span> <span class='ocrx_word' id='word_1_131' title='bbox 437 1886 514 1950; x_wconf 83' lang='lat' dir='ltr'>fidei</span> <span class='ocrx_word' id='word_1_132' title='bbox 531 1889 703 1971; x_wconf 89' lang='lat' dir='ltr'>sequenda</span> <span class='ocrx_word' id='word_1_133' title='bbox 714 1898 773 1965; x_wconf 90' lang='lat' dir='ltr'>est,</span> <span class='ocrx_word' id='word_1_134' title='bbox 790 1898 824 1953; x_wconf 93' lang='lat' dir='ltr'>et</span> <span class='ocrx_word' id='word_1_135' title='bbox 835 1888 988 1953; x_wconf 90' lang='lat' dir='ltr'>doctrina</span> <span class='ocrx_word' id='word_1_136' title='bbox 1000 1886 1177 1963; x_wconf 89' lang='lat' dir='ltr'>catholica,</span> <span class='ocrx_word' id='word_1_137' title='bbox 1257 1924 1350 1973; x_wconf 78' lang='lat' dir='ltr'><em>Sinon</em></span> 
     </span>
    </p>
   </div>
   <div class='ocr_carea' id='block_1_10' title="bbox 80 1989 1353 2184">
    <p class='ocr_par' dir='ltr' id='par_1_10' title="bbox 80 1989 1353 2184">
     <span class='ocr_line' id='line_1_16' title="bbox 83 1989 1353 2075; baseline 0.002 -23"><span class='ocrx_word' id='word_1_138' title='bbox 83 1992 184 2071; x_wconf 90' lang='lat' dir='ltr'>qualis</span> <span class='ocrx_word' id='word_1_139' title='bbox 205 2012 250 2055; x_wconf 88' lang='lat' dir='ltr'>ex</span> <span class='ocrx_word' id='word_1_140' title='bbox 277 1992 478 2054; x_wconf 90' lang='lat' dir='ltr'>auctoritate</span> <span class='ocrx_word' id='word_1_141' title='bbox 496 1991 670 2056; x_wconf 86' lang='lat' dir='ltr'>Ecclesiae</span> <span class='ocrx_word' id='word_1_142' title='bbox 686 1999 836 2075; x_wconf 90' lang='lat' dir='ltr'>accepta,</span> <span class='ocrx_word' id='word_1_143' title='bbox 853 2003 1027 2074; x_wconf 83' lang='lat' dir='ltr'>tamquam</span> <span class='ocrx_word' id='word_1_144' title='bbox 1045 2012 1178 2055; x_wconf 90' lang='lat' dir='ltr'>summa</span> <span class='ocrx_word' id='word_1_145' title='bbox 1195 1989 1283 2068; x_wconf 57' lang='lat' dir='ltr'>fuerit</span> <span class='ocrx_word' id='word_1_146' title='bbox 1296 1989 1353 2067; x_wconf 68' lang='lat' dir='ltr'>dffi·</span> 
     </span>
     <span class='ocr_line' id='line_1_17' title="bbox 80 2062 1333 2184; baseline 0.003 -29"><span class='ocrx_word' id='word_1_147' title='bbox 80 2115 188 2158; x_wconf 91' lang='lat' dir='ltr'>norma</span> <span class='ocrx_word' id='word_1_148' title='bbox 205 2106 256 2160; x_wconf 91' lang='lat' dir='ltr'>est</span> <span class='ocrx_word' id='word_1_149' title='bbox 273 2096 466 2158; x_wconf 88' lang='lat' dir='ltr'>adhibenda</span> <span class='ocrx_word' id='word_1_150' title='bbox 481 2120 489 2161; x_wconf 73' lang='grc' dir='ltr'><strong>ε</strong></span> <span class='ocrx_word' id='word_1_151' title='bbox 505 2116 595 2173; x_wconf 90' lang='lat' dir='ltr'>nam,</span> <span class='ocrx_word' id='word_1_152' title='bbox 610 2117 713 2179; x_wconf 91' lang='lat' dir='ltr'>quum</span> <span class='ocrx_word' id='word_1_153' title='bbox 742 2106 775 2161; x_wconf 93' lang='lat' dir='ltr'>et</span> <span class='ocrx_word' id='word_1_154' title='bbox 802 2116 971 2159; x_wconf 90' lang='lat' dir='ltr'>sacrorum</span> <span class='ocrx_word' id='word_1_155' title='bbox 999 2095 1177 2160; x_wconf 89' lang='lat' dir='ltr'>Librorum</span> <span class='ocrx_word' id='word_1_156' title='bbox 1204 2062 1333 2184; x_wconf 37' lang='lat' dir='ltr'>32⁴³}ss</span> 
     </span>
    </p>
   </div>
   <div class='ocr_carea' id='block_1_11' title="bbox 80 2186 1338 2301">
    <p class='ocr_par' dir='ltr' id='par_1_11' title="bbox 80 2186 1338 2301">
     <span class='ocr_line' id='line_1_18' title="bbox 80 2186 1338 2301; baseline -0.001 -40"><span class='ocrx_word' id='word_1_157' title='bbox 80 2210 109 2261; x_wconf 89' lang='lat' dir='ltr'>et</span> <span class='ocrx_word' id='word_1_158' title='bbox 137 2200 307 2264; x_wconf 88' lang='lat' dir='ltr'>doctrinae</span> <span class='ocrx_word' id='word_1_159' title='bbox 334 2200 423 2280; x_wconf 90' lang='lat' dir='ltr'>apud</span> <span class='ocrx_word' id='word_1_160' title='bbox 452 2200 640 2265; x_wconf 86' lang='lat' dir='ltr'>Ecclesiam</span> <span class='ocrx_word' id='word_1_161' title='bbox 666 2202 842 2284; x_wconf 89' lang='lat' dir='ltr'>depositae</span> <span class='ocrx_word' id='word_1_162' title='bbox 869 2201 957 2264; x_wconf 89' lang='lat' dir='ltr'>idem</span> <span class='ocrx_word' id='word_1_163' title='bbox 990 2203 1034 2266; x_wconf 93' lang='lat' dir='ltr'>sit</span> <span class='ocrx_word' id='word_1_164' title='bbox 1061 2210 1179 2265; x_wconf 89' lang='lat' dir='ltr'>auctor</span> <span class='ocrx_word' id='word_1_165' title='bbox 1203 2186 1338 2301; x_wconf 38' lang='lat' dir='ltr'><em>{Zma-</em></span> 
     </span>
    </p>
   </div>
   <div class='ocr_carea' id='block_1_12' title="bbox 81 2302 1319 2700">
    <p class='ocr_par' dir='ltr' id='par_1_12' title="bbox 81 2302 1319 2700">
     <span class='ocr_line' id='line_1_19' title="bbox 83 2302 1308 2390; baseline -0.001 -25"><span class='ocrx_word' id='word_1_166' title='bbox 83 2302 178 2380; x_wconf 91' lang='lat' dir='ltr'>Deus,</span> <span class='ocrx_word' id='word_1_167' title='bbox 193 2303 345 2386; x_wconf 85' lang='lat' dir='ltr'>prolecto</span> <span class='ocrx_word' id='word_1_168' title='bbox 372 2302 441 2367; x_wconf 88' lang='lat' dir='ltr'>fieri</span> <span class='ocrx_word' id='word_1_169' title='bbox 471 2305 596 2386; x_wconf 89' lang='lat' dir='ltr'>nequit,</span> <span class='ocrx_word' id='word_1_170' title='bbox 613 2317 649 2368; x_wconf 91' lang='lat' dir='ltr'>ut</span> <span class='ocrx_word' id='word_1_171' title='bbox 678 2324 796 2371; x_wconf 88' lang='lat' dir='ltr'>sensus</span> <span class='ocrx_word' id='word_1_172' title='bbox 823 2327 867 2370; x_wconf 84' lang='lat' dir='ltr'>ex</span> <span class='ocrx_word' id='word_1_173' title='bbox 884 2306 958 2383; x_wconf 90' lang='lat' dir='ltr'>illis,</span> <span class='ocrx_word' id='word_1_174' title='bbox 974 2307 1032 2390; x_wconf 92' lang='lat' dir='ltr'>qui</span> <span class='ocrx_word' id='word_1_175' title='bbox 1048 2306 1092 2369; x_wconf 93' lang='lat' dir='ltr'>ab</span> <span class='ocrx_word' id='word_1_176' title='bbox 1115 2306 1178 2369; x_wconf 91' lang='lat' dir='ltr'>hac</span> <span class='ocrx_word' id='word_1_177' title='bbox 1204 2317 1308 2366; x_wconf 69' lang='lat' dir='ltr'>rheticae</span> 
     </span>
     <span class='ocr_line' id='line_1_20' title="bbox 81 2397 1319 2493; baseline 0.003 -24"><span class='ocrx_word' id='word_1_178' title='bbox 81 2426 208 2489; x_wconf 91' lang='lat' dir='ltr'>quoquo</span> <span class='ocrx_word' id='word_1_179' title='bbox 224 2409 326 2471; x_wconf 92' lang='lat' dir='ltr'>modo</span> <span class='ocrx_word' id='word_1_180' title='bbox 353 2409 530 2490; x_wconf 90' lang='lat' dir='ltr'>discrepet,</span> <span class='ocrx_word' id='word_1_181' title='bbox 554 2408 706 2491; x_wconf 89' lang='lat' dir='ltr'>legitima</span> <span class='ocrx_word' id='word_1_182' title='bbox 733 2410 1008 2493; x_wconf 90' lang='lat' dir='ltr'>interpretatione</span> <span class='ocrx_word' id='word_1_183' title='bbox 1036 2419 1179 2475; x_wconf 88' lang='lat' dir='ltr'>eruatur.</span> <span class='ocrx_word' id='word_1_184' title='bbox 1205 2397 1319 2432; x_wconf 83' lang='lat' dir='ltr'>consona.</span> 
     </span>
     <span class='ocr_line' id='line_1_21' title="bbox 83 2510 1179 2598; baseline 0.005 -25"><span class='ocrx_word' id='word_1_185' title='bbox 83 2510 133 2573; x_wconf 87' lang='lat' dir='ltr'>Ex</span> <span class='ocrx_word' id='word_1_186' title='bbox 149 2534 213 2595; x_wconf 91' lang='lat' dir='ltr'>quo</span> <span class='ocrx_word' id='word_1_187' title='bbox 229 2522 378 2595; x_wconf 89' lang='lat' dir='ltr'>apparet,</span> <span class='ocrx_word' id='word_1_188' title='bbox 394 2533 468 2577; x_wconf 86' lang='lat' dir='ltr'>eam</span> <span class='ocrx_word' id='word_1_189' title='bbox 487 2512 798 2596; x_wconf 89' lang='lat' dir='ltr'>interpretationem</span> <span class='ocrx_word' id='word_1_190' title='bbox 827 2524 864 2579; x_wconf 91' lang='lat' dir='ltr'>ut</span> <span class='ocrx_word' id='word_1_191' title='bbox 890 2515 1040 2598; x_wconf 90' lang='lat' dir='ltr'>ineptam</span> <span class='ocrx_word' id='word_1_192' title='bbox 1068 2525 1102 2579; x_wconf 92' lang='lat' dir='ltr'>et</span> <span class='ocrx_word' id='word_1_193' title='bbox 1117 2514 1179 2578; x_wconf 86' lang='lat' dir='ltr'>fal-</span> 
     </span>
     <span class='ocr_line' id='line_1_22' title="bbox 82 2616 1179 2700; baseline 0.006 -25"><span class='ocrx_word' id='word_1_194' title='bbox 82 2636 146 2678; x_wconf 85' lang='lat' dir='ltr'>sam</span> <span class='ocrx_word' id='word_1_195' title='bbox 176 2616 399 2695; x_wconf 90' lang='lat' dir='ltr'>reiiciendam,</span> <span class='ocrx_word' id='word_1_196' title='bbox 425 2636 521 2699; x_wconf 92' lang='lat' dir='ltr'>quae,</span> <span class='ocrx_word' id='word_1_197' title='bbox 549 2618 601 2680; x_wconf 88' lang='lat' dir='ltr'>vel</span> <span class='ocrx_word' id='word_1_198' title='bbox 631 2617 813 2700; x_wconf 89' lang='lat' dir='ltr'>inspiratos</span> <span class='ocrx_word' id='word_1_199' title='bbox 840 2629 995 2683; x_wconf 88' lang='lat' dir='ltr'>auctores</span> <span class='ocrx_word' id='word_1_200' title='bbox 1024 2620 1111 2684; x_wconf 89' lang='lat' dir='ltr'>inter</span> <span class='ocrx_word' id='word_1_201' title='bbox 1143 2639 1179 2682; x_wconf 91' lang='lat' dir='ltr'>se</span> 
     </span>
    </p>
   </div>
   <div class='ocr_carea' id='block_1_13' title="bbox 83 2722 1357 2803">
    <p class='ocr_par' dir='ltr' id='par_1_13' title="bbox 83 2722 1357 2803">
     <span class='ocr_line' id='line_1_23' title="bbox 83 2722 1357 2803; baseline 0.01 -25"><span class='ocrx_word' id='word_1_202' title='bbox 83 2722 326 2799; x_wconf 89' lang='lat' dir='ltr'>quodammodo</span> <span class='ocrx_word' id='word_1_203' title='bbox 354 2730 547 2803; x_wconf 84' lang='lat' dir='ltr'>pugnantes</span> <span class='ocrx_word' id='word_1_204' title='bbox 572 2722 685 2800; x_wconf 86' lang='lat' dir='ltr'>faciat,</span> <span class='ocrx_word' id='word_1_205' title='bbox 712 2723 764 2786; x_wconf 91' lang='lat' dir='ltr'>vel</span> <span class='ocrx_word' id='word_1_206' title='bbox 799 2725 974 2789; x_wconf 91' lang='lat' dir='ltr'>doctrinae</span> <span class='ocrx_word' id='word_1_207' title='bbox 1006 2723 1179 2788; x_wconf 86' lang='lat' dir='ltr'>Ecclesiae</span> <span class='ocrx_word' id='word_1_208' title='bbox 1314 2750 1357 2799; x_wconf 68' lang='lat' dir='ltr'>sa</span> 
     </span>
    </p>
   </div>
   <div class='ocr_carea' id='block_1_14' title="bbox 83 2815 1353 2942">
    <p class='ocr_par' dir='ltr' id='par_1_14' title="bbox 83 2815 1353 2942">
     <span class='ocr_line' id='line_1_24' title="bbox 83 2815 1353 2942; baseline 0.011 -59"><span class='ocrx_word' id='word_1_209' title='bbox 83 2825 274 2889; x_wconf 87' lang='lat' dir='ltr'>adversetur.</span> <span class='ocrx_word' id='word_1_210' title='bbox 290 2863 335 2873; x_wconf 97' lang='lat'>-</span> <span class='ocrx_word' id='word_1_211' title='bbox 352 2824 464 2888; x_wconf 91' lang='lat' dir='ltr'>Huius</span> <span class='ocrx_word' id='word_1_212' title='bbox 480 2826 587 2907; x_wconf 83' lang='lat' dir='ltr'>igitur</span> <span class='ocrx_word' id='word_1_213' title='bbox 598 2827 802 2909; x_wconf 91' lang='lat' dir='ltr'>disciplinae</span> <span class='ocrx_word' id='word_1_214' title='bbox 819 2829 981 2910; x_wconf 88' lang='lat' dir='ltr'>magister</span> <span class='ocrx_word' id='word_1_215' title='bbox 1000 2828 1063 2891; x_wconf 90' lang='lat' dir='ltr'>hac</span> <span class='ocrx_word' id='word_1_216' title='bbox 1076 2828 1178 2891; x_wconf 91' lang='lat' dir='ltr'>etiam</span> <span class='ocrx_word' id='word_1_217' title='bbox 1191 2914 1194 2921; x_wconf 25' lang='grc' dir='ltr'>Ι</span> <span class='ocrx_word' id='word_1_218' title='bbox 1205 2815 1353 2942; x_wconf 44' lang='lat' dir='ltr'>mia?</span> 
     </span>
    </p>
   </div>
   <div class='ocr_carea' id='block_1_15' title="bbox 83 2927 1335 3013">
    <p class='ocr_par' dir='ltr' id='par_1_15' title="bbox 83 2927 1335 3013">
     <span class='ocr_line' id='line_1_25' title="bbox 83 2927 1335 3013; baseline 0.003 -24"><span class='ocrx_word' id='word_1_219' title='bbox 83 2927 173 2993; x_wconf 89' lang='lat' dir='ltr'>laude</span> <span class='ocrx_word' id='word_1_220' title='bbox 187 2930 304 2994; x_wconf 88' lang='lat' dir='ltr'>floreat</span> <span class='ocrx_word' id='word_1_221' title='bbox 320 2940 462 3011; x_wconf 88' lang='lat' dir='ltr'>oportet,</span> <span class='ocrx_word' id='word_1_222' title='bbox 479 2941 516 2994; x_wconf 93' lang='lat' dir='ltr'>ut</span> <span class='ocrx_word' id='word_1_223' title='bbox 532 2950 667 2994; x_wconf 90' lang='lat' dir='ltr'>omnem</span> <span class='ocrx_word' id='word_1_224' title='bbox 685 2930 894 3013; x_wconf 86' lang='lat' dir='ltr'>theologiam</span> <span class='ocrx_word' id='word_1_225' title='bbox 907 2932 1042 3013; x_wconf 83' lang='lat' dir='ltr'>egregie</span> <span class='ocrx_word' id='word_1_226' title='bbox 1057 2940 1181 3008; x_wconf 87' lang='lat' dir='ltr'>teneat,</span> <span class='ocrx_word' id='word_1_227' title='bbox 1206 2946 1335 3008; x_wconf 74' lang='lat' dir='ltr'>theologia,</span> 
     </span>
    </p>
   </div>
   <div class='ocr_carea' id='block_1_16' title="bbox 84 3011 1356 3126">
    <p class='ocr_par' dir='ltr' id='par_1_16' title="bbox 84 3011 1356 3126">
     <span class='ocr_line' id='line_1_26' title="bbox 84 3011 1356 3126; baseline 0.005 -32"><span class='ocrx_word' id='word_1_228' title='bbox 84 3042 174 3115; x_wconf 87' lang='lat' dir='ltr'>atque</span> <span class='ocrx_word' id='word_1_229' title='bbox 190 3036 222 3099; x_wconf 94' lang='lat' dir='ltr'>in</span> <span class='ocrx_word' id='word_1_230' title='bbox 239 3035 490 3099; x_wconf 88' lang='lat' dir='ltr'>commentariis</span> <span class='ocrx_word' id='word_1_231' title='bbox 506 3045 658 3099; x_wconf 89' lang='lat' dir='ltr'>versatus</span> <span class='ocrx_word' id='word_1_232' title='bbox 682 3036 727 3099; x_wconf 85' lang='lat' dir='ltr'>sit</span> <span class='ocrx_word' id='word_1_233' title='bbox 744 3035 795 3101; x_wconf 87' lang='lat' dir='ltr'>Ss.</span> <span class='ocrx_word' id='word_1_234' title='bbox 815 3036 952 3098; x_wconf 92' lang='lat' dir='ltr'>Patrum</span> <span class='ocrx_word' id='word_1_235' title='bbox 978 3034 1180 3098; x_wconf 88' lang='lat' dir='ltr'>Doctorum·</span> <span class='ocrx_word' id='word_1_236' title='bbox 1206 3011 1356 3126; x_wconf 47' lang='lat' dir='ltr'>‘&#39;gfff&#39;‘</span> 
     </span>
    </p>
   </div>
   <div class='ocr_carea' id='block_1_17' title="bbox 15 3137 1356 3335">
    <p class='ocr_par' dir='ltr' id='par_1_17' title="bbox 15 3137 1356 3335">
     <span class='ocr_line' id='line_1_27' title="bbox 84 3137 1356 3222; baseline -0.001 -23"><span class='ocrx_word' id='word_1_237' title='bbox 84 3156 141 3217; x_wconf 89' lang='lat' dir='ltr'>que</span> <span class='ocrx_word' id='word_1_238' title='bbox 155 3148 188 3203; x_wconf 92' lang='lat' dir='ltr'>et</span> <span class='ocrx_word' id='word_1_239' title='bbox 203 3141 423 3220; x_wconf 90' lang='lat' dir='ltr'>interpretum</span> <span class='ocrx_word' id='word_1_240' title='bbox 440 3140 659 3222; x_wconf 89' lang='lat' dir='ltr'>optimorum.</span> <span class='ocrx_word' id='word_1_241' title='bbox 678 3140 718 3203; x_wconf 92' lang='lat' dir='ltr'>Id</span> <span class='ocrx_word' id='word_1_242' title='bbox 747 3158 830 3202; x_wconf 88' lang='lat' dir='ltr'>sane</span> <span class='ocrx_word' id='word_1_243' title='bbox 847 3139 993 3203; x_wconf 89' lang='lat' dir='ltr'>inculcat</span> <span class='ocrx_word' id='word_1_244' title='bbox 1012 3137 1181 3218; x_wconf 89' lang='lat' dir='ltr'>Hierony·</span> <span class='ocrx_word' id='word_1_245' title='bbox 1206 3142 1356 3216; x_wconf 75' lang='lat' dir='ltr'>rrum,ch-</span> 
     </span>
     <span class='ocr_line' id='line_1_28' title="bbox 15 3214 1356 3335; baseline -0.002 -30"><span class='ocrx_word' id='word_1_246' title='bbox 15 3258 17 3266; x_wconf 88' lang='lat'>·</span> <span class='ocrx_word' id='word_1_247' title='bbox 86 3245 215 3329; x_wconf 82' lang='lat' dir='ltr'>mus(²),</span> <span class='ocrx_word' id='word_1_248' title='bbox 232 3244 446 3328; x_wconf 91' lang='lat' dir='ltr'>multumque</span> <span class='ocrx_word' id='word_1_249' title='bbox 473 3245 696 3327; x_wconf 88' lang='lat' dir='ltr'>Augustinus,</span> <span class='ocrx_word' id='word_1_250' title='bbox 724 3244 791 3324; x_wconf 91' lang='lat' dir='ltr'>qui,</span> <span class='ocrx_word' id='word_1_251' title='bbox 814 3244 904 3308; x_wconf 90' lang='lat' dir='ltr'>iusta</span> <span class='ocrx_word' id='word_1_252' title='bbox 931 3262 1007 3307; x_wconf 91' lang='lat' dir='ltr'>curn</span> <span class='ocrx_word' id='word_1_253' title='bbox 1037 3241 1181 3325; x_wconf 90' lang='lat' dir='ltr'>querela,</span> <span class='ocrx_word' id='word_1_254' title='bbox 1206 3214 1356 3335; x_wconf 46' lang='lat' dir='ltr'>muz:</span> 
     </span>
    </p>
   </div>
   <div class='ocr_carea' id='block_1_18' title="bbox 86 3338 1341 3465">
    <p class='ocr_par' dir='ltr' id='par_1_18' title="bbox 86 3338 1341 3465">
     <span class='ocr_line' id='line_1_29' title="bbox 86 3338 1341 3465; baseline -0.005 -52"><span class='ocrx_word' id='word_1_255' title='bbox 86 3347 149 3413; x_wconf 79' lang='lat' dir='ltr'>(Si</span> <span class='ocrx_word' id='word_1_256' title='bbox 178 3369 400 3433; x_wconf 88' lang='lat' dir='ltr'>unaquaeque</span> <span class='ocrx_word' id='word_1_257' title='bbox 431 3347 620 3429; x_wconf 90' lang='lat' dir='ltr'>disciplina,</span> <span class='ocrx_word' id='word_1_258' title='bbox 652 3347 772 3430; x_wconf 89' lang='lat' dir='ltr'>inquit,</span> <span class='ocrx_word' id='word_1_259' title='bbox 803 3366 1010 3430; x_wconf 89' lang='lat' dir='ltr'>quamquam</span> <span class='ocrx_word' id='word_1_260' title='bbox 1042 3343 1117 3408; x_wconf 90' lang='lat' dir='ltr'>vilis</span> <span class='ocrx_word' id='word_1_261' title='bbox 1148 3355 1182 3406; x_wconf 88' lang='lat' dir='ltr'>et</span> <span class='ocrx_word' id='word_1_262' title='bbox 1208 3338 1341 3465; x_wconf 50' lang='lat' dir='ltr'>zfflssr’n</span> 
     </span>
    </p>
   </div>
   <div class='ocr_carea' id='block_1_19' title="bbox 87 3446 1356 3538">
    <p class='ocr_par' dir='ltr' id='par_1_19' title="bbox 87 3446 1356 3538">
     <span class='ocr_line' id='line_1_30' title="bbox 87 3446 1356 3538; baseline -0.006 -26"><span class='ocrx_word' id='word_1_263' title='bbox 87 3450 188 3533; x_wconf 89' lang='lat' dir='ltr'>lacilis,</span> <span class='ocrx_word' id='word_1_264' title='bbox 204 3465 239 3517; x_wconf 91' lang='lat' dir='ltr'>ut</span> <span class='ocrx_word' id='word_1_265' title='bbox 257 3453 383 3538; x_wconf 91' lang='lat' dir='ltr'>percipi</span> <span class='ocrx_word' id='word_1_266' title='bbox 400 3454 515 3536; x_wconf 91' lang='lat' dir='ltr'>possit,</span> <span class='ocrx_word' id='word_1_267' title='bbox 531 3454 706 3516; x_wconf 89' lang='lat' dir='ltr'>doctorem</span> <span class='ocrx_word' id='word_1_268' title='bbox 731 3459 790 3515; x_wconf 91' lang='lat' dir='ltr'>aut</span> <span class='ocrx_word' id='word_1_269' title='bbox 816 3450 1015 3531; x_wconf 90' lang='lat' dir='ltr'>magistrum</span> <span class='ocrx_word' id='word_1_270' title='bbox 1035 3446 1182 3529; x_wconf 89' lang='lat' dir='ltr'>requirit,</span> <span class='ocrx_word' id='word_1_271' title='bbox 1209 3468 1297 3517; x_wconf 73' lang='lat' dir='ltr'>Patres</span> <span class='ocrx_word' id='word_1_272' title='bbox 1307 3484 1356 3517; x_wconf 85' lang='lat' dir='ltr'>mo-</span> 
     </span>
    </p>
   </div>
   <div class='ocr_carea' id='block_1_20' title="bbox 86 3541 1358 3743">
    <p class='ocr_par' dir='ltr' id='par_1_20' title="bbox 86 3541 1358 3743">
     <span class='ocr_line' id='line_1_31' title="bbox 86 3541 1358 3663; baseline -0.006 -46"><span class='ocrx_word' id='word_1_273' title='bbox 86 3556 156 3637; x_wconf 91' lang='lat' dir='ltr'>quid</span> <span class='ocrx_word' id='word_1_274' title='bbox 172 3557 368 3621; x_wconf 88' lang='lat' dir='ltr'>temerariae</span> <span class='ocrx_word' id='word_1_275' title='bbox 397 3556 573 3639; x_wconf 87' lang='lat' dir='ltr'>superbiae</span> <span class='ocrx_word' id='word_1_276' title='bbox 590 3554 730 3639; x_wconf 88' lang='lat' dir='ltr'>plenius,</span> <span class='ocrx_word' id='word_1_277' title='bbox 746 3575 849 3638; x_wconf 90' lang='lat' dir='ltr'>quam</span> <span class='ocrx_word' id='word_1_278' title='bbox 863 3553 1054 3618; x_wconf 91' lang='lat' dir='ltr'>divinorum</span> <span class='ocrx_word' id='word_1_279' title='bbox 1072 3570 1182 3613; x_wconf 92' lang='lat' dir='ltr'>sacra·</span> <span class='ocrx_word' id='word_1_280' title='bbox 1208 3541 1358 3663; x_wconf 58' lang='lat' dir='ltr'>msam·</span> 
     </span>
     <span class='ocr_line' id='line_1_32' title="bbox 88 3654 1333 3743; baseline -0.006 -22"><span class='ocrx_word' id='word_1_281' title='bbox 88 3673 263 3728; x_wconf 91' lang='lat' dir='ltr'>mentorum</span> <span class='ocrx_word' id='word_1_282' title='bbox 278 3662 379 3726; x_wconf 92' lang='lat' dir='ltr'>libros</span> <span class='ocrx_word' id='word_1_283' title='bbox 390 3662 433 3725; x_wconf 89' lang='lat' dir='ltr'>ab</span> <span class='ocrx_word' id='word_1_284' title='bbox 444 3662 682 3743; x_wconf 88' lang='lat' dir='ltr'>interpretibus</span> <span class='ocrx_word' id='word_1_285' title='bbox 693 3662 761 3723; x_wconf 91' lang='lat' dir='ltr'>suis</span> <span class='ocrx_word' id='word_1_286' title='bbox 779 3658 868 3723; x_wconf 89' lang='lat' dir='ltr'>nolle</span> <span class='ocrx_word' id='word_1_287' title='bbox 877 3676 1079 3739; x_wconf 89' lang='lat' dir='ltr'>cognoscere</span> <span class='ocrx_word' id='word_1_288' title='bbox 1089 3654 1148 3737; x_wconf 81' lang='lat' dir='ltr'>(³)l</span> <span class='ocrx_word' id='word_1_289' title='bbox 1163 3667 1182 3722; x_wconf 75' lang='grc' dir='ltr'>ι</span> <span class='ocrx_word' id='word_1_290' title='bbox 1209 3680 1277 3713; x_wconf 77' lang='lat' dir='ltr'>mam</span> <span class='ocrx_word' id='word_1_291' title='bbox 1289 3664 1333 3713; x_wconf 76' lang='lat' dir='ltr'>ta·</span> 
     </span>
    </p>
   </div>
   <div class='ocr_carea' id='block_1_21' title="bbox 91 3732 1341 3848">
    <p class='ocr_par' dir='ltr' id='par_1_21' title="bbox 91 3732 1341 3848">
     <span class='ocr_line' id='line_1_33' title="bbox 91 3732 1341 3848; baseline -0.002 -24"><span class='ocrx_word' id='word_1_292' title='bbox 91 3762 123 3827; x_wconf 93' lang='lat' dir='ltr'>ld</span> <span class='ocrx_word' id='word_1_293' title='bbox 137 3766 241 3848; x_wconf 89' lang='lat' dir='ltr'>ipsum</span> <span class='ocrx_word' id='word_1_294' title='bbox 258 3786 393 3830; x_wconf 88' lang='lat' dir='ltr'>sensere</span> <span class='ocrx_word' id='word_1_295' title='bbox 418 3775 452 3829; x_wconf 92' lang='lat' dir='ltr'>et</span> <span class='ocrx_word' id='word_1_296' title='bbox 480 3763 641 3846; x_wconf 87' lang='lat' dir='ltr'>exemplo</span> <span class='ocrx_word' id='word_1_297' title='bbox 668 3761 909 3827; x_wconf 89' lang='lat' dir='ltr'>confirmavere</span> <span class='ocrx_word' id='word_1_298' title='bbox 934 3760 1036 3824; x_wconf 89' lang='lat' dir='ltr'>ceteri</span> <span class='ocrx_word' id='word_1_299' title='bbox 1057 3760 1184 3834; x_wconf 89' lang='lat' dir='ltr'>Patres,</span> <span class='ocrx_word' id='word_1_300' title='bbox 1209 3732 1341 3845; x_wconf 50' lang='lat' dir='ltr'>Zssa‘ff</span> 
     </span>
    </p>
   </div>
   <div class='ocr_carea' id='block_1_22' title="bbox 88 3861 1361 3975">
    <p class='ocr_par' dir='ltr' id='par_1_22' title="bbox 88 3861 1361 3975">
     <span class='ocr_line' id='line_1_34' title="bbox 88 3861 1361 3975; baseline 0.002 -47"><span class='ocrx_word' id='word_1_301' title='bbox 88 3870 136 3948; x_wconf 90' lang='lat' dir='ltr'>qui</span> <span class='ocrx_word' id='word_1_302' title='bbox 147 3885 164 3939; x_wconf 76' lang='grc' dir='ltr'>ι</span> <span class='ocrx_word' id='word_1_303' title='bbox 174 3872 361 3935; x_wconf 91' lang='lat' dir='ltr'>divinarum</span> <span class='ocrx_word' id='word_1_304' title='bbox 376 3868 623 3953; x_wconf 90' lang='lat' dir='ltr'>Scripturarum</span> <span class='ocrx_word' id='word_1_305' title='bbox 638 3866 976 3949; x_wconf 87' lang='lat' dir='ltr'>intelligentiam,non</span> <span class='ocrx_word' id='word_1_306' title='bbox 989 3884 1033 3927; x_wconf 88' lang='lat' dir='ltr'>ex</span> <span class='ocrx_word' id='word_1_307' title='bbox 1047 3863 1184 3945; x_wconf 90' lang='lat' dir='ltr'>propria</span> <span class='ocrx_word' id='word_1_308' title='bbox 1209 3861 1361 3975; x_wconf 45' lang='lat' dir='ltr'>{influa-</span> 
     </span>
    </p>
   </div>
   <div class='ocr_carea' id='block_1_23' title="bbox 89 3966 1364 4301">
    <p class='ocr_par' dir='ltr' id='par_1_23' title="bbox 89 3966 1364 4301">
     <span class='ocr_line' id='line_1_35' title="bbox 90 3966 1361 4058; baseline -0.003 -25"><span class='ocrx_word' id='word_1_309' title='bbox 90 3974 359 4058; x_wconf 88' lang='lat' dir='ltr'>praesumptione,</span> <span class='ocrx_word' id='word_1_310' title='bbox 386 3975 445 4037; x_wconf 89' lang='lat' dir='ltr'>sed</span> <span class='ocrx_word' id='word_1_311' title='bbox 477 3995 522 4038; x_wconf 89' lang='lat' dir='ltr'>ex</span> <span class='ocrx_word' id='word_1_312' title='bbox 555 3974 719 4036; x_wconf 89' lang='lat' dir='ltr'>maiorum</span> <span class='ocrx_word' id='word_1_313' title='bbox 752 3970 885 4053; x_wconf 91' lang='lat' dir='ltr'>scriptis</span> <span class='ocrx_word' id='word_1_314' title='bbox 915 3978 949 4032; x_wconf 90' lang='lat' dir='ltr'>et</span> <span class='ocrx_word' id='word_1_315' title='bbox 980 3966 1181 4030; x_wconf 90' lang='lat' dir='ltr'>auctoritate</span> <span class='ocrx_word' id='word_1_316' title='bbox 1211 3991 1290 4040; x_wconf 66' lang='lat' dir='ltr'>nensis</span> <span class='ocrx_word' id='word_1_317' title='bbox 1307 4007 1361 4039; x_wconf 79' lang='lat' dir='ltr'>con-</span> 
     </span>
     <span class='ocr_line' id='line_1_36' title="bbox 89 4057 1364 4185; baseline -0.006 -48"><span class='ocrx_word' id='word_1_318' title='bbox 89 4080 313 4157; x_wconf 88' lang='lat' dir='ltr'>sequebantur,</span> <span class='ocrx_word' id='word_1_319' title='bbox 327 4098 413 4161; x_wconf 89' lang='lat' dir='ltr'>quos</span> <span class='ocrx_word' id='word_1_320' title='bbox 429 4088 463 4141; x_wconf 93' lang='lat' dir='ltr'>et</span> <span class='ocrx_word' id='word_1_321' title='bbox 479 4080 571 4161; x_wconf 89' lang='lat' dir='ltr'>ipsos</span> <span class='ocrx_word' id='word_1_322' title='bbox 587 4098 632 4141; x_wconf 88' lang='lat' dir='ltr'>ex</span> <span class='ocrx_word' id='word_1_323' title='bbox 660 4074 846 4158; x_wconf 88' lang='lat' dir='ltr'>apostolica</span> <span class='ocrx_word' id='word_1_324' title='bbox 862 4070 1072 4136; x_wconf 90' lang='lat' dir='ltr'>successione</span> <span class='ocrx_word' id='word_1_325' title='bbox 1089 4069 1185 4133; x_wconf 89' lang='lat' dir='ltr'>intel·</span> <span class='ocrx_word' id='word_1_326' title='bbox 1210 4057 1364 4185; x_wconf 49' lang='lat' dir='ltr'>lffisdq‘ui</span> 
     </span>
     <span class='ocr_line' id='line_1_37' title="bbox 91 4171 1346 4301; baseline -0.009 -58"><span class='ocrx_word' id='word_1_327' title='bbox 91 4179 202 4261; x_wconf 87' lang='lat' dir='ltr'>ligendi</span> <span class='ocrx_word' id='word_1_328' title='bbox 220 4182 370 4264; x_wconf 88' lang='lat' dir='ltr'>regulam</span> <span class='ocrx_word' id='word_1_329' title='bbox 388 4182 574 4265; x_wconf 91' lang='lat' dir='ltr'>suscepisse</span> <span class='ocrx_word' id='word_1_330' title='bbox 598 4179 778 4245; x_wconf 89' lang='lat' dir='ltr'>constabat</span> <span class='ocrx_word' id='word_1_331' title='bbox 794 4177 847 4261; x_wconf 79' lang='lat'><strong>(4).</strong></span> <span class='ocrx_word' id='word_1_332' title='bbox 865 4194 940 4248; x_wconf 74' lang='grc' dir='ltr'>ι-</span> <span class='ocrx_word' id='word_1_333' title='bbox 959 4176 1114 4239; x_wconf 91' lang='lat' dir='ltr'>lamvero</span> <span class='ocrx_word' id='word_1_334' title='bbox 1136 4171 1186 4235; x_wconf 86' lang='lat' dir='ltr'>Ss.</span> <span class='ocrx_word' id='word_1_335' title='bbox 1212 4187 1346 4301; x_wconf 43' lang='lat' dir='ltr'>322qu</span> 
     </span>
    </p>
   </div>
   <div class='ocr_carea' id='block_1_24' title="bbox 95 4314 1349 4455">
    <p class='ocr_par' dir='ltr' id='par_1_24' title="bbox 95 4314 1349 4455">
     <span class='ocr_line' id='line_1_38' title="bbox 121 4314 1349 4385; baseline -0.013 -13"><span class='ocrx_word' id='word_1_336' title='bbox 121 4338 138 4369; x_wconf 86' lang='grc' dir='ltr'>ι.</span> <span class='ocrx_word' id='word_1_337' title='bbox 152 4327 223 4374; x_wconf 86' lang='lat' dir='ltr'>Cone.</span> <span class='ocrx_word' id='word_1_338' title='bbox 237 4327 291 4374; x_wconf 79' lang='lat' dir='ltr'>Vat.</span> <span class='ocrx_word' id='word_1_339' title='bbox 310 4342 369 4376; x_wconf 74' lang='lat' dir='ltr'>sess.</span> <span class='ocrx_word' id='word_1_340' title='bbox 380 4338 418 4381; x_wconf 90' lang='grc' dir='ltr'>ιιι,</span> <span class='ocrx_word' id='word_1_341' title='bbox 432 4340 485 4385; x_wconf 81' lang='lat' dir='ltr'>esp.</span> <span class='ocrx_word' id='word_1_342' title='bbox 505 4336 544 4377; x_wconf 89' lang='grc' dir='ltr'>ιιι,</span> <span class='ocrx_word' id='word_1_343' title='bbox 564 4325 593 4370; x_wconf 84' lang='lat' dir='ltr'>de</span> <span class='ocrx_word' id='word_1_344' title='bbox 599 4326 660 4384; x_wconf 78' lang='lat' dir='ltr'>fide.</span> <span class='ocrx_word' id='word_1_345' title='bbox 678 4348 708 4359; x_wconf 87' lang='lat'><em>-</em></span> <span class='ocrx_word' id='word_1_346' title='bbox 723 4338 744 4369; x_wconf 86' lang='lat'>2.</span> <span class='ocrx_word' id='word_1_347' title='bbox 763 4320 838 4372; x_wconf 72' lang='lat' dir='ltr'>Ilici..</span> <span class='ocrx_word' id='word_1_348' title='bbox 849 4320 871 4372; x_wconf 88' lang='grc'>6,</span> <span class='ocrx_word' id='word_1_349' title='bbox 884 4333 905 4375; x_wconf 92' lang='lat'>7.</span> <span class='ocrx_word' id='word_1_350' title='bbox 924 4341 954 4351; x_wconf 89' lang='lat'>-</span> <span class='ocrx_word' id='word_1_351' title='bbox 969 4330 990 4375; x_wconf 53' lang='lat' dir='ltr'>a</span> <span class='ocrx_word' id='word_1_352' title='bbox 1003 4317 1043 4361; x_wconf 85' lang='lat' dir='ltr'>Ad</span> <span class='ocrx_word' id='word_1_353' title='bbox 1055 4314 1185 4366; x_wconf 72' lang='lat' dir='ltr'>Honorau,</span> <span class='ocrx_word' id='word_1_354' title='bbox 1220 4323 1329 4381; x_wconf 63' lang='lat' dir='ltr'>spectant</span> <span class='ocrx_word' id='word_1_355' title='bbox 1336 4330 1349 4374; x_wconf 76' lang='lat'>,-</span> 
     </span>
     <span class='ocr_line' id='line_1_39' title="bbox 95 4388 828 4455; baseline 0 -21"><span class='ocrx_word' id='word_1_356' title='bbox 95 4388 209 4441; x_wconf 72' lang='lat' dir='ltr'>Destitit.</span> <span class='ocrx_word' id='word_1_357' title='bbox 219 4396 291 4449; x_wconf 75' lang='lat' dir='ltr'>mci..</span> <span class='ocrx_word' id='word_1_358' title='bbox 301 4406 368 4449; x_wconf 80' lang='lat' dir='ltr'>xvtt.</span> <span class='ocrx_word' id='word_1_359' title='bbox 381 4406 417 4455; x_wconf 77' lang='lat'>35.</span> <span class='ocrx_word' id='word_1_360' title='bbox 431 4418 461 4429; x_wconf 93' lang='lat'><em>-</em></span> <span class='ocrx_word' id='word_1_361' title='bbox 475 4409 497 4451; x_wconf 83' lang='lat'>4,</span> <span class='ocrx_word' id='word_1_362' title='bbox 513 4393 603 4447; x_wconf 79' lang='lat' dir='ltr'>Rufin..</span> <span class='ocrx_word' id='word_1_363' title='bbox 617 4392 683 4439; x_wconf 83' lang='lat' dir='ltr'>Hist.</span> <span class='ocrx_word' id='word_1_364' title='bbox 697 4406 750 4445; x_wconf 78' lang='lat' dir='ltr'>ecc..</span> <span class='ocrx_word' id='word_1_365' title='bbox 765 4400 793 4443; x_wconf 86' lang='grc' dir='ltr'>ιι,</span> <span class='ocrx_word' id='word_1_366' title='bbox 806 4404 828 4448; x_wconf 91' lang='lat'>9.</span> 
     </span>
    </p>
   </div>
   <div class='ocr_carea' id='block_1_25' title="bbox 0 0 1585 4859">
    <p class='ocr_par' dir='ltr' id='par_1_25' title="bbox 0 0 1585 4859">
     <span class='ocr_line' id='line_1_40' title="bbox 0 0 1585 4859; baseline 0 0"><span class='ocrx_word' id='word_1_367' title='bbox 0 0 1585 4859; x_wconf 95' lang='lat' dir='ltr'> </span> 
     </span>
    </p>
   </div>
  </div>
 </body>
</html>
