3117 4859
415 378 441 429 Α
466 377 588 429 secan
613 374 784 427 sauram.
1111 349 1158 441 87

62 532 148 611 tituli,
174 553 260 617 quae
287 552 376 597 nunc
399 533 558 609 existant,
582 532 615 596 in
639 532 727 597 hanc
753 529 887 595 unicam
911 538 946 593 et
968 529 1158 593 universam
1214 540 1310 637 Jlfgm

61 638 245 705 coalescant.
275 638 478 721 Excipimus
514 647 629 703 tamen
661 636 835 720 religiosas
866 634 1157 719 congregationes
1222 639 1295 703 189²·

60 741 147 807 huius
168 744 268 822 tituli,
283 762 371 827 quae
394 741 693 807 constitutionibus
719 748 859 807 utantur
875 738 920 805 ab
937 738 1001 803 bac
1016 735 1051 803 S.
1067 736 1158 804 Sede
1182 756 1335 832 aliquare.

60 848 250 929 approbatis,
274 856 309 912 et
333 844 636 911 Conlraternitates
661 843 796 928 proprie
822 843 940 917 dimas,
970 842 1158 907 dummodo
1183 820 1326 885 “Nm''

60 951 207 1016 munnice
221 951 290 1016 sim
305 959 447 1027 uectae,
461 959 496 1014 et
511 948 556 1014 ad
572 948 706 1033 regulas
721 958 756 1013 et
776 966 913 1013 normas
928 946 1118 1029 dirigantur
1137 966 1159 1012 a

61 1054 213 1119 Romanis
229 1053 449 1121 Pontificibus
471 1053 703 1137 praescriptas,
725 1051 925 1118 nominatim
945 1070 966 1113 a
983 1049 1158 1116 Clemente
1183 1094 1334 1153 quaeram

59 1158 139 1223 VIII
154 1160 188 1223 In
205 1158 457 1223 Constitutione
471 1156 706 1239 Quaecumque,
716 1157 772 1221 die
783 1170 839 1221 vn
857 1155 1059 1221 Decembris
1068 1172 1159 1219 anno
1180 1150 1224 1215 sut
1235 1153 1327 1231 aufe,

60 1274 174 1329 uncw.
190 1262 269 1327 Hae
286 1282 367 1327 vero
382 1260 684 1329 confraternitates
701 1281 741 1324 ac
766 1259 945 1344 religiosae
964 1258 1156 1343 Congrega·
1183 1216 1335 1333 {mm

59 1367 163 1444 tiones,
176 1386 264 1450 quae
279 1365 423 1431 sortasse
437 1364 667 1431 adscribendis
684 1364 819 1429 familiis
834 1382 971 1449 operam
995 1362 1158 1428 hactenus
1184 1348 1266 1398 Μ·

59 1469 262 1549 dederunt,in
279 1478 453 1553 posterum
465 1469 510 1534 ab
522 1469 716 1535 huiusmodi
732 1488 821 1549 cura,
838 1487 926 1553 quae
942 1466 1158 1533 solummodo

59 1574 206 1639 Perochis
229 1574 412 1639 commissa
434 1582 495 1653 est,
520 1592 657 1657 prorsus
683 1573 890 1640 abstineant.
907 1572 1010 1637 Haud
1042 1581 1157 1637 tamen
1208 1615 1335 1665 famum

59 1688 242 1742 necesseest
257 1689 294 1743 ut
312 1678 460 1744 familiae
480 1677 547 1743 iam
570 1677 669 1743 alicui
685 1676 941 1744 Consociationi
959 1677 1159 1761 adscriptae,
1184 1689 1260 1760 ama
1293 1681 1335 1759 qd·

58 1800 109 1860 pro
122 1782 339 1865 indulgentiis
355 1781 497 1865 aliisque
513 1779 708 1846 muneribus
719 1776 950 1863 spiritualibus
966 1776 1158 1843 obtinendis
1184 1754 1336 1876 ῗῇἔζζζῖἷ

57 1882 163 1949 iterum
190 1884 435 1963 adscribantur,
460 1884 650 1951 dummodo
671 1892 806 1950 servent
825 1900 867 1946 ea
889 1900 975 1964 quae
1001 1880 1034 1943 in
1063 1880 1159 1944 novis
1177 1876 1315 1991 πυτ,

57 1986 136 2051 hisce
160 1988 310 2056 Statutis
335 1990 540 2073 praescripta
564 1998 651 2055 sunt.
682 1984 955 2055 consociationis
984 1983 1158 2049 uniuersae
1185 1958 1336 2057 mfssm.

60 2089 240 2157 Praesident
266 2092 432 2175 eligimus,
461 2092 694 2157 renuntiamus
720 2091 885 2155 Nostrum
918 2088 951 2151 io
979 2086 1042 2151 bac
1069 2084 1159 2151 alma
1185 2078 1336 2188 gffm

60 2192 142 2259 Urbe
162 2196 339 2263 Vicarium
368 2197 403 2261 in
429 2194 660 2280 spiritualibus
689 2192 882 2278 generalem
915 2210 977 2275 pro
997 2199 1159 2273 tempore,
1182 2205 1240 2253 onas
1256 2202 1333 2281 prqu-

56 2308 145 2382 atque
159 2300 192 2365 in
210 2311 411 2385 perpetuum
425 2301 609 2365 Patronem
625 2300 747 2363 damus
762 2316 839 2363 cum
856 2296 1013 2361 omnibus
1031 2292 1157 2358 iuribus
1183 2276 1315 2385 mpu-

55 2410 83 2464 et
93 2402 315 2483 lacultatibus,
329 2422 594 2489 quaesummam
607 2412 812 2487 potestatem
828 2400 958 2487 gerenti
969 2398 1158 2465 iudicentur
1182 2400 1255 2515 ‘ip‘
1273 2416 1336 2451 can-

56 2509 260 2573 necessariae.
1182 2480 1337 2595 33:311?

92 2608 139 2671 IIIi
155 2622 270 2675 autem
286 2608 474 2677 Consilium
500 2612 620 2676 adesse
641 2609 799 2675 volumus
818 2608 1036 2677 Urbanorum
1057 2608 1157 2675 Anti·

54 2714 168 2794 stitum,
178 2718 212 2781 in
224 2715 348 2800 quibus
358 2713 566 2782 Secretarius
575 2735 637 2799 pro
652 2723 805 2799 tempore
817 2713 966 2781 Nostrae
977 2714 1156 2782 Sacrorum

55 2816 180 2885 Rituum
194 2819 486 2904 congregationis.
500 2851 546 2866 -
561 2818 663 2903 Quod
675 2827 838 2903 superest,
853 2817 962 2884 Nobis
978 2838 1055 2904 spes
1066 2818 1157 2883 bona

54 2932 228 3002 estornnes,
242 2921 366 3008 quibus
380 2932 433 2988 est
444 2923 635 2988 animarum
650 2922 778 2988 credita
788 2922 889 2999 salus,
907 2922 1057 2987 maxime
1074 2920 1155 3006 Epi·
1181 2894 1336 3025 qum&

54 3044 170 3110 scopos,
184 3027 290 3093 studii
305 3027 404 3093 huius
417 3024 534 3092 Nostri
557 3026 591 3090 in
607 3025 672 3091 hac
686 3026 744 3109 pia
760 3023 1023 3091 Consociatione
1037 3042 1154 3108 prove-
1181 3026 1332 3075 auimatum

53 3128 153 3196 henda
166 3133 277 3197 socios
291 3152 332 3195 ac
346 3131 528 3215 participes
544 3150 616 3194 sese
641 3128 796 3195 facturos.
816 3128 884 3213 Qui
909 3129 999 3193 enIm
1029 3147 1154 3213 coguo-
1177 3097 1333 3207 milne.

54 3245 138 3299 scunt
152 3245 186 3300 et
199 3234 387 3300 Nobiscum
398 3232 575 3317 deplorant
586 3232 843 3297 christianorum
856 3252 987 3297 morum
999 3233 1153 3299 demuta·
1180 3230 1315 3287 mm·

54 3337 167 3402 tionem
182 3348 217 3403 et
232 3336 471 3421 corruptelam,
486 3338 682 3402 restInctum
706 3338 740 3402 in
760 3336 897 3401 familiis
923 3336 1093 3420 religIonis
1119 3343 1153 3400 et
1180 3302 1276 3338 movere

53 3439 174 3522 pietatis
200 3462 362 3521 amorem,
381 3451 415 3506 et
441 3462 601 3507 accensas
621 3462 723 3525 supra
743 3444 883 3510 modum
911 3463 1020 3509 rerum
1052 3450 1152 3508 terre·

53 3548 157 3611 strium
182 3547 398 3631 cupiditates,
412 3546 475 3631 ipsi
496 3546 634 3630 quidem
661 3547 714 3611 vel
739 3548 891 3613 maxime
917 3546 1086 3631 optabunt
1100 3552 1152 3613 tot

54 3652 210 3736 tantisque
227 3650 325 3715 malis
340 3661 535 3734 opportuna
550 3648 662 3715 afferri
678 3649 837 3720 remedia

90 3754 132 3820 Et
156 3755 325 3840 slquidem
356 3753 439 3820 nthl
467 3755 577 3838 magis
600 3753 746 3820 salutare
777 3764 836 3823 aut
869 3755 991 3821 efficax
1017 3753 1153 3821 familiis

54 3857 228 3925 christianis
252 3858 394 3944 cogitari
417 3868 529 3942 potest
550 3858 711 3942 exemplo
736 3858 861 3925 Sacrae
878 3858 1051 3938 Familiae,
1065 3877 1153 3943 quae
1176 3858 1330 3969 {laesarum

55 3960 277 4041 perlectionem
293 3962 612 4048 absolutionemque
626 3962 864 4046 complectitur
880 3962 1032 4027 omnium
1049 3962 1151 4028 virtu·
1177 3928 1306 4047 :cerff

56 4070 115 4129 tum
136 4066 411 4136 domesticarum.
426 4066 644 4152 Quapropter
657 4075 777 4133 curent
804 4074 841 4131 ut
862 4064 1013 4131 familiae
1034 4085 1152 4149 quam·

58 4166 214 4249 plurImae,
227 4173 425 4255 praesertim
453 4172 693 4256 operari0rum,
708 4170 742 4235 in
764 4189 851 4253 quas
878 4169 1074 4235 insidiarum
1101 4166 1151 4232 vis
1176 4176 1329 4227 crineum

58 4272 148 4336 maior
161 4276 355 4354 intenditur,
370 4276 445 4359 piae
460 4274 540 4340 huic
556 4273 808 4342 Cousociadoni
830 4274 913 4340 dent
936 4292 1069 4337 nomen.
1087 4269 1151 4337 Ca·
1176 4258 1298 4359 {mg

59 4376 189 4441 rendum
205 4386 319 4444 tamen
335 4386 387 4445 est
402 4398 445 4445 ne
460 4379 666 4464 aproposito
681 4398 745 4443 suo
758 4374 1151 4455 Consociatiodeflectat,
1176 4376 1279 4439 optata
