3117 4859
381 362 455 449 316
735 380 858 431 runax
885 380 1136 433 ANALYTICUS.

380 529 417 581 ab
429 528 512 583 initio
531 529 646 585 Fideles
659 530 736 587 filiali
759 530 863 587 affectu
882 540 948 586 sunt
966 532 1108 603 prosecuti
1124 532 1246 599 ;iutinra
1258 529 1392 585 nimirum
1417 540 1479 579 voce

380 614 502 684 animae,
515 616 638 688 fideique
661 618 777 673 divinae
801 618 926 688 impulsu
948 620 986 674 ad
1008 618 1131 674 Mariam
1153 621 1280 691 rapimur
1305 614 1481 671 rr.-1110s

378 703 562 774 reprehendit
582 705 714 759 Pontifex
725 705 773 776 qui
792 706 908 761 salutari
923 706 990 762 huic
1001 705 1089 763 cultui
1103 706 1212 779 aliquid
1225 706 1377 761 detrahunt
1394 716 1434 756 ιι.
1450 728 1482 739 -·

380 792 493 845 Rosarii
505 791 704 849 recitationem
720 792 839 863 extollit,
853 792 887 849 iis
901 796 1068 865 praesertim
1082 796 1264 851 utilissimam
1278 794 1327 866 qui
1339 790 1478 861 mysteria,

378 878 447 932 duro
461 887 553 946 orant,
565 880 875 936 meditanturrr·12.-
890 882 1004 938 Rosarii
1018 882 1158 953 originem
1171 882 1304 954 exponit;
1317 880 1481 949 Albigenses

378 966 575 1035 deuictos,alia
592 968 741 1023 innumera
759 970 838 1025 mala
854 972 998 1041 propulsa,
1010 972 1124 1027 favores
1143 972 1311 1043 impetratos
1324 970 1374 1024 illa
1392 982 1482 1038 preca·

377 1057 457 1111 tione
475 1066 614 1111 memorat
636 1072 676 1113 12.
689 1086 724 1097 -
738 1058 852 1113 Rosarii
872 1075 939 1114 usus
954 1060 1019 1115 ideo
1030 1060 1108 1131 apud
1121 1076 1223 1115 omnes
1236 1056 1356 1114 invaluit
1369 1054 1446 1127 quod
1458 1052 1482 1105 in

378 1162 413 1199 eo
428 1145 509 1199 Fidei
521 1156 631 1201 tessera
643 1158 672 1202 et
681 1164 795 1203 summa
808 1148 900 1203 cultus
911 1148 1104 1219 B.M.Virgini
1113 1148 1202 1205 debiti
1216 1148 1311 1203 inesse
1324 1146 1436 1201 videtur
1446 1158 1457 1196 ι
1462 1156 1482 1210 3.

378 1262 414 1272 -
427 1233 584 1305 Siquando
597 1237 635 1290 ab
643 1235 691 1289 illa
701 1235 856 1293 devotione
866 1238 1023 1293 relaxatum
1033 1238 1134 1307 fuerat,
1144 1254 1219 1307 rnox,
1233 1236 1382 1307 ingruente
1394 1234 1483 1303 aliqua

378 1321 551 1391 calamitate,
566 1323 680 1378 Fideles
692 1324 730 1380 ad
749 1324 827 1379 illam
842 1336 1027 1385 recurrerunt.
1043 1335 1073 1381 ut
1083 1325 1189 1383 nostris
1206 1323 1383 1395 temporibus
1394 1320 1483 1376 videre

380 1420 432 1477 est,
446 1426 630 1479 magnacum
644 1411 749 1467 fiducia
767 1414 896 1469 eventuri
911 1413 1061 1471 Ecclesiae
1078 1414 1213 1485 triumphi
1229 1427 1239 1467 ι
1245 1428 1269 1481 3.
1287 1441 1323 1452 —
1345 1412 1418 1465 Sunt
1438 1408 1482 1479 qui

379 1496 512 1567 precibus
522 1498 584 1567 jam
596 1497 739 1568 diffidunt,
749 1501 787 1555 ob
800 1501 984 1570 perdurantia
1002 1502 1150 1557 Ecclesiae
1163 1501 1247 1556 mala.
1262 1499 1404 1555 Studeant
1417 1497 1483 1551 tales

379 1583 530 1641 virtutibus
541 1602 644 1642 ornare
658 1604 757 1658 preces
770 1605 847 1658 suas,
860 1590 1014 1661 animoque
1028 1592 1187 1660 recogitent
1200 1606 1258 1643 non
1274 1604 1339 1643 esse
1359 1596 1483 1643 nostrum
1557 1618 1558 1655 ,

379 1690 465 1729 nosse
495 1686 626 1745 tempora
656 1676 701 1731 rel
730 1689 876 1733 momenta
898 1694 972 1749 quae
994 1678 1077 1733 Pater
1100 1676 1195 1747 posuit
1214 1676 1242 1732 in
1263 1694 1314 1733 sua
1337 1682 1482 1747 potestate,

377 1774 514 1833 certoque
535 1763 627 1818 sciant
643 1780 757 1836 semper
769 1765 897 1821 exaudiri
920 1783 938 1821 a
959 1766 1024 1821 Deo
1047 1783 1147 1837 preces
1168 1782 1220 1837 pro
1243 1764 1375 1821 Ecclesia
1402 1764 1482 1823 fusas,

378 1861 477 1921 utpote
498 1852 629 1921 precibus
648 1854 818 1924 conjunctas
836 1854 924 1926 ipsius
945 1853 1051 1911 Christi
1073 1855 1121 1926 qui
1146 1855 1273 1927 seipsum
1295 1851 1415 1909 tradidit
1437 1866 1481 1920 pru

379 1940 522 2009 Ecclesia,
533 1952 561 1996 et
574 1960 689 2013 semper
700 1943 770 1999 vivit
783 1944 820 1999 ad
833 1943 1074 2014 interpellandum
1094 1962 1145 2015 pro
1168 1944 1251 1999 nobis
1274 1956 1315 2009 14
1327 1972 1362 1981 -
1376 1942 1481 1995 Virtute

377 2029 513 2085 orationis
526 2030 663 2099 frangitur
676 2034 815 2089 malorum
829 2034 962 2103 impetus,
975 2034 1128 2105 mediaque
1139 2031 1323 2089 tribulatione
1335 2031 1417 2086 floret
1433 2030 1480 2083 Ec·

377 2112 473 2180 clesia,
486 2130 521 2167 ac
535 2114 621 2170 finem
640 2116 755 2184 attingit
771 2117 810 2172 ad
822 2134 909 2187 quent
926 2128 995 2173 nata
1011 2128 1066 2186 est,
1079 2118 1202 2173 salutem
1221 2114 1382 2170 animarum
1400 2124 1480 2179 ι4-ι5.

377 2231 413 2240 -
435 2202 585 2257 Orandum
601 2204 688 2273 igitur
701 2216 928 2274 perseveranter,
941 2220 1111 2275 summaque
1129 2204 1300 2270 reverentia,
1310 2218 1345 2258 ac
1358 2218 1393 2257 ea
1412 2202 1481 2256 bons

377 2289 407 2343 in
421 2290 520 2357 primis
532 2291 667 2360 petenda,
679 2309 754 2363 quae
769 2294 807 2347 ad
821 2294 943 2349 salutem
956 2290 1117 2351 animarum
1131 2303 1159 2349 et
1174 2290 1325 2347 Ecclesiae
1339 2287 1479 2346 incolumi·

378 2387 467 2431 tatem
481 2388 620 2448 spectant,
633 2380 805 2451 temporalia
818 2398 883 2436 vero
903 2383 980 2436 bona
1001 2398 1054 2451 pro
1075 2380 1130 2436 Dei
1151 2391 1221 2436 nutu
1244 2390 1378 2451 petantur
1393 2390 1404 2431 ι
1411 2390 1433 2445 5.
1451 2403 1480 2413 -

380 2464 539 2521 Praeclaris
559 2467 695 2524 orationis
714 2469 802 2524 annis
820 2470 976 2540 jungantur
989 2468 1182 2539 poenitentiae
1200 2484 1290 2537 arma,
1303 2476 1402 2538 utpote
1423 2480 1480 2519 cum

379 2552 434 2607 illis
447 2554 572 2610 maxime
584 2571 710 2627 congrua
722 2575 729 2612 :
743 2557 850 2613 etenim
859 2559 989 2613 oratione
999 2558 1037 2613 ad
1052 2558 1146 2613 Deum
1160 2558 1184 2613 is
1197 2556 1280 2612 facile
1290 2555 1430 2610 attollitur
1438 2551 1479 2622 qui

380 2641 556 2710 poenitentia
575 2658 662 2713 supra
682 2647 869 2715 semetipsum
891 2658 919 2701 et
939 2656 1053 2703 terrena
1074 2646 1172 2701 omnia
1191 2644 1321 2700 elevatus
1333 2653 1378 2699 est
1394 2642 1432 2697 16.
1451 2666 1480 2677 ·-

380 2729 550 2785 Sanctorum
563 2748 663 2801 preces
675 2732 852 2804 poenitentia
870 2734 996 2803 ipsorum
1017 2735 1137 2791 multum
1151 2733 1285 2801 valuisse,
1297 2731 1388 2787 sacris
1406 2726 1480 2783 fastis

379 2816 514 2871 docemur
529 2838 536 2873 :
549 2835 669 2889 quorum
682 2822 814 2891 exemplo
833 2838 928 2878 mores
947 2833 1063 2878 nostros
1080 2821 1226 2892 vitamque
1244 2818 1388 2889 castigare
1404 2816 1479 2871 debe·

379 2918 452 2969 mus,
466 2905 503 2959 ad
516 2906 658 2976 expianda
669 2920 790 2979 peccata
802 2918 862 2963 tum
877 2909 999 2980 propria,
1012 2909 1088 2982 quod
1104 2906 1233 2980 justitiae
1243 2918 1295 2975 est,
1311 2915 1374 2962 tum
1386 2904 1480 2965 aliena,

379 2993 456 3062 quod
470 2994 617 3050 charitatis
634 3006 678 3056 est
698 3013 883 3069 summaeque
896 2997 1077 3068 perfectionis
1093 2998 1182 3063 16·t7.
1196 3025 1228 3035 -·
1240 2996 1344 3065 Sperat
1358 2988 1482 3049 Pontifex

380 3080 504 3151 Fideles,
525 3083 691 3141 Pastoribus
711 3086 924 3156 praeeuntibus,
946 3084 984 3141 ad
998 3086 1042 3142 'B.
1064 3086 1104 3141 M.
1128 3085 1163 3141 V.
1185 3084 1314 3153 impense
1336 3080 1481 3136 colendam

379 3168 527 3225 incitatum
538 3170 572 3226 iri
585 3173 728 3242 praesenti
745 3172 877 3243 epistola,
890 3184 977 3245 atque
990 3172 1097 3229 fructus
1109 3170 1218 3239 salutis,
1227 3170 1316 3241 pacis,
1324 3185 1360 3223 ac
1373 3163 1481 3223 unitatis

379 3258 546 3327 uberrimos,
560 3260 673 3315 Rosarii
687 3262 863 3331 recitatione,
874 3271 1061 3333 proventuros
1073 3277 1139 3316 esse
1158 3259 1308 3315 Ecclesiae
1325 3270 1365 3317 17.

413 3375 444 3426 3.
455 3377 675 3429 LITTERAE
684 3379 976 3431 APOSTOLICAE
987 3380 1108 3441 qulbus
1117 3378 1146 3429 S.
1155 3378 1297 3439 Bregma
1304 3386 1401 3437 prae-

379 3466 480 3525 otpua
492 3466 628 3517 sueciae
641 3472 783 3530 patrona
795 3470 1020 3519 constltuttur.
1035 3492 1069 3503 -
1088 3468 1102 3517 1
1116 3467 1185 3519 Oct.
1201 3464 1321 3517 look...
1337 3472 1401 3529 pag.
1456 3465 1481 3515 ¹9

416 3581 503 3637 Dolet
521 3583 652 3640 Pontifex
666 3584 786 3642 Sueciae
800 3596 924 3655 gentem,
938 3585 1083 3658 quondam
1096 3582 1237 3641 catholica
1252 3580 1326 3636 Fide
1337 3580 1480 3647 insignem,

380 3668 410 3722 in
423 3683 547 3725 errorem
561 3672 725 3744 prolapsam
738 3689 805 3728 esse
825 3688 864 3741 19.
878 3702 914 3713 -
928 3672 1035 3729 Pusillo
1048 3674 1076 3729 in
1096 3673 1151 3727 hac
1164 3670 1281 3739 regione
1294 3676 1322 3723 et
1340 3662 1480 3721 carissimo

381 3758 459 3827 gregi
477 3757 620 3814 Fidelium
631 3761 785 3815 consulens
799 3760 911 3829 Pastor,
927 3778 961 3816 ac
975 3760 1107 3831 precibus
1117 3756 1223 3815 Vicarii
1238 3751 1388 3826 apostolici
1404 3748 1481 3803 ohse-

379 3845 519 3914 enudans,
530 3846 666 3903 Sanctam
681 3848 834 3919 Birgittam
856 3849 978 3904 Sueciae
997 3848 1181 3918 praecipuam
1208 3846 1363 3900 Patronanr
1384 3834 1480 3895 consti·

339 3951 345 3962 ·
380 3932 443 4001 tuit,
462 3936 712 4009 praesentiumque
725 3936 883 3993 litterarum
903 3937 960 3991 'vim
979 3945 1066 4007 atque
1078 3934 1240 3991 firmitatem
1259 3930 1386 3986 vindicat
1400 3936 1480 3993 19·20·

416 4073 450 4121 4.
465 4072 670 4125 EPISTOLA
692 4076 736 4125 ad
758 4074 855 4127 Card.
881 4068 1104 4137 Langsnteux,
1129 4072 1285 4134 Arohlep.
1309 4069 1399 4119 Rhe-

382 4171 538 4221 mensem,
571 4162 612 4213 de
645 4163 969 4226 peregrlnatlonthus
999 4162 1158 4225 optusum
1197 4159 1322 4210 Galliae
1355 4154 1397 4207 ad

383 4245 804 4303 Urbem-amottaat.
1335 4254 1399 4310 pag·
1450 4242 1477 4286 ²¹

419 4346 579 4417 Permagno
588 4349 735 4405 Pontificis
745 4349 848 4403 solatio
859 4350 1005 4405 institutae
1018 4360 1084 4405 sunt
1097 4364 1147 4405 sex
1161 4347 1266 4403 abhinc
1279 4361 1380 4413 annos,
1394 4340 1479 4397 Gallo·
