3117 4859
329 353 380 402 AD
407 352 557 402 ANGLOS
585 352 636 400 DE
663 351 770 401 FIDEI
799 351 985 402 UNlTATE.
1166 349 1214 418 39

96 517 255 562 romaeus
268 504 303 559 et
320 496 495 580 Philippus
513 495 651 574 Nerius;
667 497 886 578 maximeque
898 495 1071 579 superiore
1082 494 1216 558 saeculo
1253 515 1388 604 Apggm

97 602 225 667 Paulus
241 600 306 677 ille,
321 613 439 662 auctor
457 599 655 664 Sodalitatis
672 620 691 663 a
711 598 843 664 Christi·
863 600 1033 675 Passione,
1055 598 1123 680 qui,
1148 619 1215 662 non
1279 615 1352 676 1825·

95 705 173 768 sine
189 706 337 787 quodam
361 704 496 767 caelesti
520 701 647 780 afflatu,
672 712 709 766 ut
735 704 907 784 proditum
924 715 985 780 est,
1002 702 1051 766 ad
1063 701 1216 765 thronum
1243 702 1396 808 mgnu-

95 809 234 874 divinae
253 807 389 889 gratiae
412 806 637 889 supplicando
666 808 826 885 instabat,
850 827 958 890 eoque
985 807 1129 882 enixius,
1148 827 1217 888 quo
1239 822 1382 878 munst,

96 915 212 978 minus
238 913 349 975 lavere
373 911 500 993 optatis
528 922 684 992 tempora
712 911 923 976 videbantur.
938 949 982 960 -
998 911 1217 992 Nosmetipsi,
1243 887 1392 986 {mum

99 1017 211 1082 multo
227 1019 330 1080 etiam
343 1026 444 1079 antea
460 1035 562 1098 quam
579 1017 621 1080 ad
638 1033 808 1078 summurn
822 1017 1047 1081 sacerdotium
1060 1015 1216 1080 evehere·
1243 1000 1395 1111 ἔξω

99 1127 186 1198 mur,
202 1122 265 1184 hoc
282 1122 371 1183 idem
390 1120 566 1202 religiosae
592 1122 797 1202 precationis
821 1119 969 1184 officium
997 1120 1030 1183 in
1059 1123 1214 1184 eamdem
1241 1119 1381 1230 mefite-

97 1245 254 1290 caussam
273 1225 473 1306 impensum,
484 1235 518 1288 et
531 1226 644 1306 magni
657 1224 796 1289 lecimus
813 1234 846 1289 et
862 1225 960 1288 valde
977 1226 1193 1306 probavimus
1208 1246 1215 1301 ;
1244 1238 1364 1284 Pautusa

99 1331 269 1412 huiusque
286 1330 331 1392 rei
348 1329 494 1394 iucunda
510 1331 676 1412 quaedam
693 1331 784 1393 subit
800 1331 916 1393 animo
927 1331 1123 1392 recordatio.
1137 1329 1216 1411 Quo
1241 1297 1376 1403 ῗῗξζξὶω

100 1435 192 1500 enim
211 1445 362 1516 tempore
374 1433 504 1516 belgica
521 1435 554 1497 in
571 1433 739 1515 legatione
749 1454 967 1511 versaremur,
978 1432 1094 1496 oblata
1107 1433 1216 1499 Nobis
1242 1416 1394 1533 {yffesss

100 1539 349 1603 consuetudine
368 1558 444 1601 cum
465 1537 600 1620 lgnatio
616 1537 774 1620 Spencer,
790 1539 940 1626 eiusdem
959 1538 1053 1602 Pauli
1072 1538 1216 1601 sanctia
1242 1535 1376 1640 fssm*

101 1642 212 1708 Cruce
227 1642 365 1706 alumno
381 1643 603 1724 pientissim0,
622 1653 703 1706 tunc
727 1665 851 1726 nempe
877 1645 1070 1724 accepimus
1094 1643 1215 1704 initum
1246 1655 1344 1729 ignaru

99 1747 146 1810 ab
168 1767 210 1810 eo
237 1747 320 1831 ipso,
347 1746 483 1811 homine
510 1747 622 1829 anglo,
637 1748 815 1811 consilium
832 1750 874 1812 de
891 1749 1110 1830 propaganda
1124 1757 1216 1810 certa
1242 1719 1372 1829 lm}

99 1853 235 1935 piorum
264 1853 436 1928 societate,
462 1852 525 1914 rite
551 1852 594 1915 ad
611 1851 804 1933 Anglorum
831 1852 974 1917 salutem
1000 1871 1214 1934 comprecan-

100 1959 188 2022 tium
202 1955 349 2038 (¹).Tale
360 1954 548 2031 consilium,
560 1965 594 2018 et
608 1955 673 2019 fide
689 1966 722 2019 et
738 1977 855 2020 amore
871 1957 1019 2020 fraterno
1035 1956 1216 2032 excellens,

97 2063 159 2124 'vix
178 2062 300 2123 attinet
315 2061 425 2123 dicere
441 2061 571 2141 quantit
588 2059 660 2123 Nos
676 2060 785 2141 gratia
800 2061 971 2143 complexi
988 2060 1093 2123 simus
1109 2079 1213 2142 quan·

97 2171 203 2247 taque
233 2165 460 2228 studuerimus
492 2184 557 2245 ope
588 2163 708 2241 lovere,
733 2167 977 2246 praecipientes
1007 2165 1216 2247 cogitatione

101 2273 234 2353 largum
246 2270 324 2332 inde
337 2269 491 2332 utilitatis
503 2267 659 2332 solatium
673 2269 827 2351 anglicae
839 2271 931 2352 genti
947 2280 1215 2333 consecuturum.

100 2375 247 2438 Fructus
263 2383 377 2437 autem
390 2371 524 2436 divinae
540 2375 678 2455 gratiae,
695 2394 739 2436 ex
756 2376 922 2438 bonorum
940 2374 1094 2456 precibus
1110 2374 1215 2456 impe·
1241 2430 1367 2488 quum

99 2481 192 2556 trati,
217 2499 283 2541 non
308 2478 449 2540 obscure
472 2479 608 2560 quidem
625 2489 704 2542 ante
722 2478 802 2542 illud
820 2488 954 2560 tempus
970 2488 1215 2561 provenerant;
1241 2490 1385 2559 munna

98 2586 227 2648 exinde
252 2592 377 2658 tamen,
393 2592 511 2645 sancto
534 2583 700 2646 eiusmodi
729 2582 863 2648 loedere
887 2584 987 2646 latius
1009 2584 1217 2658 dimanante,
1236 2563 1292 2653 'ill'
1301 2553 1394 2655 „1222

99 2693 229 2755 maiore
253 2685 351 2767 copia
377 2688 573 2750 extiterunt.
603 2686 744 2750 Factum
773 2701 826 2751 est
849 2689 939 2750 enirn
964 2697 1002 2751 ut
1017 2687 1216 2768 complures,

97 2793 287 2860 clarissimo
313 2791 415 2853 etiam
444 2791 589 2866 nomine,
612 2792 810 2855 admonenti
836 2794 1038 2874 vocantique
1068 2793 1144 2856 Deo
1169 2794 1215 2875 pii
1284 2859 1292 2874 ‚

99 2899 253 2964 volentes
269 2896 461 2978 paruerint;
485 2894 588 2976 idque
615 2915 682 2958 non
705 2915 780 2958 raro
798 2915 857 2977 per
872 2897 1042 2960 maximas
1058 2899 1215 2979 privatim

98 3005 257 3077 iacturas,
273 2999 387 3062 animo
403 2998 548 3062 excelso.
566 2998 745 3063 Praeterea
761 3001 846 3063 mira
863 3004 1029 3082 quaedam
1043 3013 1217 3066 commota

1245 2376 1251 2388 Ι

100 3209 286 3286 catholica;
312 3216 349 3270 ut
369 3208 411 3270 ad
429 3206 512 3270 haec
529 3208 677 3270 accessio
693 3227 759 3269 non
778 3209 918 3271 minima
935 3207 1023 3271 lacta
1039 3211 1083 3272 sit
1099 3211 1216 3272 existi-

101 3313 262 3378 mationis
289 3321 322 3374 et
353 3311 568 3386 reverentiae,
595 3311 844 3393 praeiudicatas
874 3313 1052 3394 opiniones
1082 3315 1218 3378 delente

99 3419 216 3483 studio
231 3416 393 3480 veritatis.

145 3521 299 3604 Quarum
313 3541 422 3584 rerum
440 3521 707 3602 progressionem
720 3521 1028 3618 considerantibus,
1043 3524 1090 3584 sic
1108 3523 1217 3586 Nobis
1244 3577 1377 3623 Fiduciam

101 3645 299 3707 persuasum
311 3637 371 3701 est,
381 3623 543 3689 beneficio
559 3625 774 3706 potissimum
793 3627 974 3688 unanimae
989 3626 1218 3710 supplicisque
1242 3637 1334 3709 salutis
1343 3637 1399 3683 An·

101 3739 172 3792 tam
192 3731 375 3792 multorum
392 3731 434 3791 ad
453 3727 564 3792 Deum
582 3727 835 3806 obsecrationis,
851 3731 1010 3793 maturari
1038 3731 1105 3794 iam
1133 3743 1217 3795 tem·
1241 3699 1368 3832 522„

101 3853 165 3913 pus
181 3852 250 3913 quo
266 3833 485 3914 benignitatis
502 3835 573 3895 eius
589 3852 668 3915 erga
685 3834 858 3898 nationem
871 3846 1016 3897 vestram
1030 3835 1171 3898 consilia
1182 3857 1218 3898 se
1244 3833 1362 3938 2223?

103 3937 249 4018 amplius
265 3939 420 4018 prodant,
437 3947 474 4000 ut
487 3937 586 4018 plane
601 3957 707 3999 sermo
719 3937 787 3999 Dei
796 3948 911 4001 currat
918 3947 951 4001 et
958 3938 1219 4024 clarificetur(²).
1244 3952 1375 4010 civilisque

101 4073 147 4086 -
164 4039 407 4122 Fiduciamque
434 4042 597 4104 adiuvant
621 4043 789 4122 quaedam
817 4061 862 4104 ex
890 4042 1040 4106 humana
1062 4043 1218 4126 civilique
1244 4026 1377 4130 {ffim

103 4173 218 4185 ——.

134 4239 155 4271 1.
172 4227 212 4274 nd
222 4229 269 4274 hoc
280 4243 375 4287 precem
383 4229 422 4274 ille
433 4231 562 4288 praecipue
569 4231 688 4276 suadebat
696 4230 868 4276 salutationem
875 4233 1022 4290 angelicam
1034 4233 1220 4291 impetravitque

102 4305 119 4337 a
137 4293 216 4341 Coetu
231 4297 344 4342 sollemni
360 4296 458 4343 Ordinis
473 4301 517 4350 sui.
538 4297 630 4344 Romae
646 4299 730 4344 habito
745 4313 786 4344 an.
800 4309 957 4353 ttnccctvtt,
969 4302 1092 4358 singulare
1109 4301 1141 4347 de
1155 4315 1221 4348 eere

106 4373 262 4422 praeceptum
273 4366 398 4412 sodalibus
408 4367 524 4412 omnibus
533 4367 641 4412 eiusdem
653 4367 760 4414 Ordinis.
773 4391 804 4400 -
819 4381 840 4412 a.
861 4367 884 4412 ll
900 4367 989 4422 Tlrers„
1002 4379 1041 4421 ιιι,
1057 4383 1077 4415 r.
