<?xml version="1.0" encoding="UTF-8"?>
<!DOCTYPE html PUBLIC "-//W3C//DTD XHTML 1.0 Transitional//EN"
    "http://www.w3.org/TR/xhtml1/DTD/xhtml1-transitional.dtd">
<html xmlns="http://www.w3.org/1999/xhtml" xml:lang="en" lang="en">
 <head>
  <title>
</title>
<meta http-equiv="Content-Type" content="text/html;charset=utf-8" />
  <meta name='ocr-system' content='tesseract 3.04.00' />
  <meta name='ocr-capabilities' content='ocr_page ocr_carea ocr_par ocr_line ocrx_word'/>
</head>
<body>
  <div class='ocr_page' id='page_1' title='image "./sanctissimidomi04xiiigoog_0174.png"; bbox 0 0 3117 4859; ppageno 0'>
   <div class='ocr_carea' id='block_1_1' title="bbox 714 529 1089 613">
    <p class='ocr_par' dir='ltr' id='par_1_1' title="bbox 714 529 1089 613">
     <span class='ocr_line' id='line_1_1' title="bbox 714 529 1089 613; baseline 0.005 -2"><span class='ocrx_word' id='word_1_1' title='bbox 714 529 1089 613; x_wconf 82' lang='lat' dir='ltr'><strong>ALLOGUTIO</strong></span> 
     </span>
    </p>
   </div>
   <div class='ocr_carea' id='block_1_2' title="bbox 662 735 1130 797">
    <p class='ocr_par' dir='ltr' id='par_1_2' title="bbox 662 735 1130 797">
     <span class='ocr_line' id='line_1_2' title="bbox 662 735 1130 797; baseline 0.006 -3"><span class='ocrx_word' id='word_1_2' title='bbox 662 736 720 794; x_wconf 76' lang='lat' dir='ltr'>Ad</span> <span class='ocrx_word' id='word_1_3' title='bbox 737 735 772 796; x_wconf 91' lang='lat' dir='ltr'>S.</span> <span class='ocrx_word' id='word_1_4' title='bbox 793 737 835 796; x_wconf 90' lang='lat' dir='ltr'>R.</span> <span class='ocrx_word' id='word_1_5' title='bbox 853 736 893 795; x_wconf 83' lang='lat' dir='ltr'>E.</span> <span class='ocrx_word' id='word_1_6' title='bbox 910 736 1130 797; x_wconf 80' lang='lat' dir='ltr'><strong>cardinales</strong></span> 
     </span>
    </p>
   </div>
   <div class='ocr_carea' id='block_1_3' title="bbox 432 881 1360 969">
    <p class='ocr_par' dir='ltr' id='par_1_3' title="bbox 356 863 1449 1002">
     <span class='ocr_line' id='line_1_3' title="bbox 432 881 1360 969; baseline 0.005 -8.583"><span class='ocrx_word' id='word_1_7' title='bbox 432 902 498 962; x_wconf 79' lang='lat' dir='ltr'>on</span> <span class='ocrx_word' id='word_1_8' title='bbox 524 900 736 962; x_wconf 71' lang='lat' dir='ltr'>romeus</span> <span class='ocrx_word' id='word_1_9' title='bbox 766 881 811 963; x_wconf 91' lang='lat' dir='ltr'>S.</span> <span class='ocrx_word' id='word_1_10' title='bbox 843 881 990 963; x_wconf 75' lang='lat' dir='ltr'>snms</span> <span class='ocrx_word' id='word_1_11' title='bbox 1015 903 1360 969; x_wconf 80' lang='lat' dir='ltr'>vmorcnuors.</span> 
     </span>
    </p>
   </div>
   <div class='ocr_carea' id='block_1_4' title="bbox 229 1219 1458 1305">
    <p class='ocr_par' dir='ltr' id='par_1_4' title="bbox 229 1219 1458 1305">
     <span class='ocr_line' id='line_1_4' title="bbox 229 1219 1458 1305; baseline 0.007 -21"><span class='ocrx_word' id='word_1_12' title='bbox 229 1242 260 1276; x_wconf 83' lang='lat'>12</span> <span class='ocrx_word' id='word_1_13' title='bbox 531 1231 784 1284; x_wconf 81' lang='lat' dir='ltr'>POSTOLORUM</span> <span class='ocrx_word' id='word_1_14' title='bbox 815 1220 1007 1300; x_wconf 86' lang='lat' dir='ltr'>Principum</span> <span class='ocrx_word' id='word_1_15' title='bbox 1037 1219 1183 1302; x_wconf 84' lang='lat' dir='ltr'>gloriosa</span> <span class='ocrx_word' id='word_1_16' title='bbox 1205 1226 1367 1305; x_wconf 87' lang='lat' dir='ltr'>martyrio</span> <span class='ocrx_word' id='word_1_17' title='bbox 1387 1230 1458 1292; x_wconf 89' lang='lat' dir='ltr'>sol-</span> 
     </span>
    </p>
   </div>
   <div class='ocr_carea' id='block_1_5' title="bbox 102 1224 1457 4323">
    <p class='ocr_par' dir='ltr' id='par_1_5' title="bbox 102 1224 1457 4323">
     <span class='ocr_line' id='line_1_5' title="bbox 200 1224 1361 1375; baseline 0.012 -46"><span class='ocrx_word' id='word_1_18' title='bbox 200 1289 291 1331; x_wconf 81' lang='lat' dir='ltr'>rurm</span> <span class='ocrx_word' id='word_1_19' title='bbox 342 1224 530 1375; x_wconf 41' lang='lat' dir='ltr'>&amp;mm</span> <span class='ocrx_word' id='word_1_20' title='bbox 646 1324 654 1339; x_wconf 89' lang='lat'>.</span> <span class='ocrx_word' id='word_1_21' title='bbox 969 1324 977 1337; x_wconf 95' lang='lat'><strong>.</strong></span> <span class='ocrx_word' id='word_1_22' title='bbox 1094 1326 1102 1339; x_wconf 90' lang='lat'>.</span> <span class='ocrx_word' id='word_1_23' title='bbox 1189 1316 1227 1341; x_wconf 94' lang='lat'>-.</span> <span class='ocrx_word' id='word_1_24' title='bbox 1354 1330 1361 1343; x_wconf 94' lang='lat'><strong><em>.</em></strong></span> 
     </span>
     <span class='ocr_line' id='line_1_6' title="bbox 209 1322 1455 1407; baseline 0.01 -24"><span class='ocrx_word' id='word_1_25' title='bbox 209 1341 281 1406; x_wconf 79' lang='lat'><em>1893·</em></span> <span class='ocrx_word' id='word_1_26' title='bbox 552 1322 677 1387; x_wconf 91' lang='lat' dir='ltr'>lemma</span> <span class='ocrx_word' id='word_1_27' title='bbox 711 1342 815 1407; x_wconf 91' lang='lat' dir='ltr'>quum</span> <span class='ocrx_word' id='word_1_28' title='bbox 848 1342 977 1386; x_wconf 90' lang='lat' dir='ltr'>romam</span> <span class='ocrx_word' id='word_1_29' title='bbox 1004 1322 1184 1389; x_wconf 75' lang='lat' dir='ltr'>Pontifices</span> <span class='ocrx_word' id='word_1_30' title='bbox 1217 1348 1251 1390; x_wconf 89' lang='lat' dir='ltr'>m</span> <span class='ocrx_word' id='word_1_31' title='bbox 1280 1326 1455 1395; x_wconf 78' lang='lat' dir='ltr'>Vaticana</span> 
     </span>
     <span class='ocr_line' id='line_1_7' title="bbox 206 1284 1456 1605; baseline 0.008 -114"><span class='ocrx_word' id='word_1_32' title='bbox 206 1458 256 1506; x_wconf 80' lang='lat' dir='ltr'>p„</span> <span class='ocrx_word' id='word_1_33' title='bbox 267 1474 315 1507; x_wconf 69' lang='lat' dir='ltr'>mo</span> <span class='ocrx_word' id='word_1_34' title='bbox 341 1284 530 1605; x_wconf 53' lang='lat' dir='ltr'><em>Q</em></span> <span class='ocrx_word' id='word_1_35' title='bbox 550 1427 688 1493; x_wconf 88' lang='lat' dir='ltr'>basilica</span> <span class='ocrx_word' id='word_1_36' title='bbox 704 1427 929 1504; x_wconf 84' lang='lat' dir='ltr'>celebrabant,</span> <span class='ocrx_word' id='word_1_37' title='bbox 940 1426 1005 1491; x_wconf 90' lang='lat' dir='ltr'>hoc</span> <span class='ocrx_word' id='word_1_38' title='bbox 1018 1425 1080 1493; x_wconf 84' lang='lat' dir='ltr'>luit</span> <span class='ocrx_word' id='word_1_39' title='bbox 1091 1432 1194 1495; x_wconf 90' lang='lat' dir='ltr'>veteri</span> <span class='ocrx_word' id='word_1_40' title='bbox 1205 1436 1456 1501; x_wconf 89' lang='lat' dir='ltr'>consuetudine</span> 
     </span>
     <span class='ocr_line' id='line_1_8' title="bbox 184 1524 1454 1613; baseline 0.008 -18"><span class='ocrx_word' id='word_1_41' title='bbox 184 1538 212 1572; x_wconf 78' lang='lat' dir='ltr'>re</span> <span class='ocrx_word' id='word_1_42' title='bbox 223 1524 315 1573; x_wconf 77' lang='lat' dir='ltr'>Roma·</span> <span class='ocrx_word' id='word_1_43' title='bbox 550 1532 772 1612; x_wconf 90' lang='lat' dir='ltr'>institutoque</span> <span class='ocrx_word' id='word_1_44' title='bbox 788 1538 970 1611; x_wconf 89' lang='lat' dir='ltr'>receptum,</span> <span class='ocrx_word' id='word_1_45' title='bbox 984 1541 1022 1595; x_wconf 87' lang='lat' dir='ltr'>ut</span> <span class='ocrx_word' id='word_1_46' title='bbox 1038 1532 1111 1613; x_wconf 88' lang='lat' dir='ltr'>ipsi,</span> <span class='ocrx_word' id='word_1_47' title='bbox 1133 1545 1166 1597; x_wconf 89' lang='lat' dir='ltr'>et</span> <span class='ocrx_word' id='word_1_48' title='bbox 1186 1546 1264 1599; x_wconf 88' lang='lat' dir='ltr'>ante</span> <span class='ocrx_word' id='word_1_49' title='bbox 1280 1557 1454 1604; x_wconf 88' lang='lat' dir='ltr'>sacrarum</span> 
     </span>
     <span class='ocr_line' id='line_1_9' title="bbox 207 1604 1456 1724; baseline 0.003 -22"><span class='ocrx_word' id='word_1_50' title='bbox 207 1604 315 1718; x_wconf 50' lang='lat' dir='ltr'>oms</span> <span class='ocrx_word' id='word_1_51' title='bbox 342 1642 540 1724; x_wconf 85' lang='lat' dir='ltr'>religionum</span> <span class='ocrx_word' id='word_1_52' title='bbox 557 1636 667 1703; x_wconf 85' lang='lat' dir='ltr'>officia</span> <span class='ocrx_word' id='word_1_53' title='bbox 683 1643 716 1698; x_wconf 91' lang='lat' dir='ltr'>et</span> <span class='ocrx_word' id='word_1_54' title='bbox 732 1635 772 1697; x_wconf 92' lang='lat' dir='ltr'>iis</span> <span class='ocrx_word' id='word_1_55' title='bbox 791 1634 946 1716; x_wconf 83' lang='lat' dir='ltr'>peractis,</span> <span class='ocrx_word' id='word_1_56' title='bbox 963 1644 1054 1699; x_wconf 87' lang='lat' dir='ltr'>certa</span> <span class='ocrx_word' id='word_1_57' title='bbox 1080 1639 1248 1719; x_wconf 84' lang='lat' dir='ltr'>quaedam</span> <span class='ocrx_word' id='word_1_58' title='bbox 1276 1640 1456 1723; x_wconf 88' lang='lat' dir='ltr'>Apostoli·</span> 
     </span>
     <span class='ocr_line' id='line_1_10' title="bbox 247 1736 1454 1829; baseline 0.002 -20"><span class='ocrx_word' id='word_1_59' title='bbox 247 1736 313 1781; x_wconf 74' lang='lat' dir='ltr'>cum,</span> <span class='ocrx_word' id='word_1_60' title='bbox 326 1764 401 1817; x_wconf 82' lang='lat' dir='ltr'>cae</span> <span class='ocrx_word' id='word_1_61' title='bbox 417 1743 515 1809; x_wconf 86' lang='lat' dir='ltr'>Sedis</span> <span class='ocrx_word' id='word_1_62' title='bbox 531 1744 603 1805; x_wconf 89' lang='lat' dir='ltr'>iura</span> <span class='ocrx_word' id='word_1_63' title='bbox 619 1759 680 1821; x_wconf 92' lang='lat' dir='ltr'>pro</span> <span class='ocrx_word' id='word_1_64' title='bbox 696 1746 866 1820; x_wconf 86' lang='lat' dir='ltr'>potestate</span> <span class='ocrx_word' id='word_1_65' title='bbox 883 1748 1070 1803; x_wconf 86' lang='lat' dir='ltr'>assererent</span> <span class='ocrx_word' id='word_1_66' title='bbox 1085 1751 1119 1804; x_wconf 90' lang='lat' dir='ltr'>et</span> <span class='ocrx_word' id='word_1_67' title='bbox 1135 1742 1353 1809; x_wconf 82' lang='lat' dir='ltr'>vindicarent</span> <span class='ocrx_word' id='word_1_68' title='bbox 1370 1746 1454 1829; x_wconf 85' lang='lat' dir='ltr'>Qua</span> 
     </span>
     <span class='ocr_line' id='line_1_11' title="bbox 340 1842 1456 1930; baseline 0 -17"><span class='ocrx_word' id='word_1_69' title='bbox 340 1850 374 1913; x_wconf 91' lang='lat' dir='ltr'>in</span> <span class='ocrx_word' id='word_1_70' title='bbox 386 1870 420 1913; x_wconf 91' lang='lat' dir='ltr'>re</span> <span class='ocrx_word' id='word_1_71' title='bbox 436 1845 640 1930; x_wconf 85' lang='lat' dir='ltr'>praestanda</span> <span class='ocrx_word' id='word_1_72' title='bbox 656 1853 837 1925; x_wconf 91' lang='lat' dir='ltr'>utrumque</span> <span class='ocrx_word' id='word_1_73' title='bbox 852 1842 955 1906; x_wconf 87' lang='lat' dir='ltr'>etiam</span> <span class='ocrx_word' id='word_1_74' title='bbox 971 1844 1131 1908; x_wconf 81' lang='lat' dir='ltr'>Pontifex</span> <span class='ocrx_word' id='word_1_75' title='bbox 1149 1846 1352 1927; x_wconf 85' lang='lat' dir='ltr'>declarabat,</span> <span class='ocrx_word' id='word_1_76' title='bbox 1368 1860 1456 1914; x_wconf 85' lang='lat' dir='ltr'>tem·</span> 
     </span>
     <span class='ocr_line' id='line_1_12' title="bbox 335 1944 1457 2036; baseline 0.001 -21"><span class='ocrx_word' id='word_1_77' title='bbox 335 1964 399 2036; x_wconf 83' lang='lat' dir='ltr'>pus</span> <span class='ocrx_word' id='word_1_78' title='bbox 412 1962 444 2015; x_wconf 78' lang='lat' dir='ltr'>el</span> <span class='ocrx_word' id='word_1_79' title='bbox 458 1962 601 2035; x_wconf 85' lang='lat' dir='ltr'>tempora</span> <span class='ocrx_word' id='word_1_80' title='bbox 617 1968 679 2011; x_wconf 85' lang='lat' dir='ltr'>non</span> <span class='ocrx_word' id='word_1_81' title='bbox 695 1945 864 2009; x_wconf 74' lang='lat' dir='ltr'>decurrere</span> <span class='ocrx_word' id='word_1_82' title='bbox 888 1944 923 2009; x_wconf 81' lang='lat' dir='ltr'>in</span> <span class='ocrx_word' id='word_1_83' title='bbox 939 1945 1172 2011; x_wconf 83' lang='lat' dir='ltr'>detrimentum</span> <span class='ocrx_word' id='word_1_84' title='bbox 1199 1950 1324 2015; x_wconf 76' lang='lat' dir='ltr'>iterium</span> <span class='ocrx_word' id='word_1_85' title='bbox 1349 1950 1457 2016; x_wconf 82' lang='lat' dir='ltr'>Sedis</span> 
     </span>
     <span class='ocr_line' id='line_1_13' title="bbox 338 2050 1455 2140; baseline -0.002 -19"><span class='ocrx_word' id='word_1_86' title='bbox 338 2058 547 2140; x_wconf 83' lang='lat' dir='ltr'>Apostolicae,</span> <span class='ocrx_word' id='word_1_87' title='bbox 561 2065 658 2137; x_wconf 87' lang='lat' dir='ltr'>atque</span> <span class='ocrx_word' id='word_1_88' title='bbox 675 2051 764 2115; x_wconf 62' lang='lat' dir='ltr'>null</span> <span class='ocrx_word' id='word_1_89' title='bbox 784 2072 817 2113; x_wconf 88' lang='lat' dir='ltr'>sc</span> <span class='ocrx_word' id='word_1_90' title='bbox 848 2050 882 2113; x_wconf 87' lang='lat' dir='ltr'>in</span> <span class='ocrx_word' id='word_1_91' title='bbox 912 2051 1079 2114; x_wconf 86' lang='lat' dir='ltr'>beatorum</span> <span class='ocrx_word' id='word_1_92' title='bbox 1100 2054 1327 2135; x_wconf 81' lang='lat' dir='ltr'>Apostolorum</span> <span class='ocrx_word' id='word_1_93' title='bbox 1347 2056 1455 2121; x_wconf 82' lang='lat' dir='ltr'>Petri</span> 
     </span>
     <span class='ocr_line' id='line_1_14' title="bbox 337 2154 1455 2244; baseline 0 -18"><span class='ocrx_word' id='word_1_94' title='bbox 337 2173 369 2226; x_wconf 87' lang='lat' dir='ltr'>et</span> <span class='ocrx_word' id='word_1_95' title='bbox 379 2163 489 2227; x_wconf 82' lang='lat' dir='ltr'>Pauli</span> <span class='ocrx_word' id='word_1_96' title='bbox 492 2158 696 2244; x_wconf 81' lang='lat' dir='ltr'>patrimonio</span> <span class='ocrx_word' id='word_1_97' title='bbox 706 2154 877 2220; x_wconf 84' lang='lat' dir='ltr'>asserendo</span> <span class='ocrx_word' id='word_1_98' title='bbox 888 2167 920 2219; x_wconf 86' lang='lat' dir='ltr'>et</span> <span class='ocrx_word' id='word_1_99' title='bbox 934 2156 1148 2222; x_wconf 81' lang='lat' dir='ltr'>vindicando.</span> <span class='ocrx_word' id='word_1_100' title='bbox 1163 2210 1170 2223; x_wconf 94' lang='lat'><strong><em>.</em></strong></span> <span class='ocrx_word' id='word_1_101' title='bbox 1187 2160 1256 2225; x_wconf 76' lang='lat' dir='ltr'>,ad</span> <span class='ocrx_word' id='word_1_102' title='bbox 1266 2172 1455 2227; x_wconf 81' lang='lat' dir='ltr'>extremum</span> 
     </span>
     <span class='ocr_line' id='line_1_15' title="bbox 338 2260 1452 2349; baseline 0.002 -20"><span class='ocrx_word' id='word_1_103' title='bbox 338 2288 437 2349; x_wconf 85' lang='lat' dir='ltr'>usque</span> <span class='ocrx_word' id='word_1_104' title='bbox 465 2265 621 2348; x_wconf 82' lang='lat' dir='ltr'>spiritum</span> <span class='ocrx_word' id='word_1_105' title='bbox 640 2260 964 2344; x_wconf 83' lang='lat' dir='ltr'>praetermissurum.</span> <span class='ocrx_word' id='word_1_106' title='bbox 981 2298 1025 2309; x_wconf 89' lang='lat'>-</span> <span class='ocrx_word' id='word_1_107' title='bbox 1043 2262 1197 2327; x_wconf 88' lang='lat' dir='ltr'>lamvero</span> <span class='ocrx_word' id='word_1_108' title='bbox 1224 2264 1342 2341; x_wconf 91' lang='lat' dir='ltr'>Nobis,</span> <span class='ocrx_word' id='word_1_109' title='bbox 1364 2276 1452 2347; x_wconf 85' lang='lat' dir='ltr'>post</span> 
     </span>
     <span class='ocr_line' id='line_1_16' title="bbox 161 2363 1446 2468; baseline -0.002 -30"><span class='ocrx_word' id='word_1_110' title='bbox 161 2390 280 2468; x_wconf 58' lang='lat' dir='ltr'>rescisa</span> <span class='ocrx_word' id='word_1_111' title='bbox 337 2380 511 2455; x_wconf 88' lang='lat' dir='ltr'>acceptam</span> <span class='ocrx_word' id='word_1_112' title='bbox 529 2367 694 2450; x_wconf 88' lang='lat' dir='ltr'>proximis</span> <span class='ocrx_word' id='word_1_113' title='bbox 710 2366 801 2430; x_wconf 89' lang='lat' dir='ltr'>hisce</span> <span class='ocrx_word' id='word_1_114' title='bbox 829 2365 1001 2429; x_wconf 90' lang='lat' dir='ltr'>mensibus</span> <span class='ocrx_word' id='word_1_115' title='bbox 1027 2363 1169 2431; x_wconf 86' lang='lat' dir='ltr'>effusam</span> <span class='ocrx_word' id='word_1_116' title='bbox 1200 2368 1446 2451; x_wconf 87' lang='lat' dir='ltr'>gratulantium</span> 
     </span>
     <span class='ocr_line' id='line_1_17' title="bbox 188 2463 1450 2586; baseline 0.001 -50"><span class='ocrx_word' id='word_1_117' title='bbox 188 2463 311 2586; x_wconf 44' lang='lat' dir='ltr'>232⁰?st</span> <span class='ocrx_word' id='word_1_118' title='bbox 337 2472 480 2537; x_wconf 87' lang='lat' dir='ltr'>filiorum</span> <span class='ocrx_word' id='word_1_119' title='bbox 498 2470 738 2534; x_wconf 89' lang='lat' dir='ltr'>salutationem</span> <span class='ocrx_word' id='word_1_120' title='bbox 764 2470 1003 2551; x_wconf 88' lang='lat' dir='ltr'>impertitaque</span> <span class='ocrx_word' id='word_1_121' title='bbox 1019 2470 1066 2533; x_wconf 92' lang='lat' dir='ltr'>eis</span> <span class='ocrx_word' id='word_1_122' title='bbox 1082 2472 1287 2538; x_wconf 87' lang='lat' dir='ltr'>documenta</span> <span class='ocrx_word' id='word_1_123' title='bbox 1304 2474 1450 2551; x_wconf 88' lang='lat' dir='ltr'>virtutis,</span> 
     </span>
     <span class='ocr_line' id='line_1_18' title="bbox 184 2572 1448 2659; baseline 0.006 -25"><span class='ocrx_word' id='word_1_124' title='bbox 184 2589 309 2650; x_wconf 76' lang='lat' dir='ltr'>Apostolo-</span> <span class='ocrx_word' id='word_1_125' title='bbox 336 2584 626 2659; x_wconf 91' lang='lat' dir='ltr'>peropportunum</span> <span class='ocrx_word' id='word_1_126' title='bbox 639 2573 748 2637; x_wconf 88' lang='lat' dir='ltr'>visum</span> <span class='ocrx_word' id='word_1_127' title='bbox 765 2582 827 2649; x_wconf 90' lang='lat' dir='ltr'>est,</span> <span class='ocrx_word' id='word_1_128' title='bbox 840 2574 943 2635; x_wconf 89' lang='lat' dir='ltr'>sacris</span> <span class='ocrx_word' id='word_1_129' title='bbox 956 2572 1082 2637; x_wconf 90' lang='lat' dir='ltr'>eisdem</span> <span class='ocrx_word' id='word_1_130' title='bbox 1095 2574 1315 2641; x_wconf 83' lang='lat' dir='ltr'>sollemnibus</span> <span class='ocrx_word' id='word_1_131' title='bbox 1326 2596 1448 2659; x_wconf 87' lang='lat' dir='ltr'>prope-</span> 
     </span>
     <span class='ocr_line' id='line_1_19' title="bbox 240 2669 1445 2762; baseline -0.001 -19"><span class='ocrx_word' id='word_1_132' title='bbox 240 2669 308 2713; x_wconf 53' lang='grc' dir='ltr'>’Μ’</span> <span class='ocrx_word' id='word_1_133' title='bbox 336 2680 426 2744; x_wconf 91' lang='lat' dir='ltr'>diem</span> <span class='ocrx_word' id='word_1_134' title='bbox 443 2678 671 2755; x_wconf 85' lang='lat' dir='ltr'>redeuntibus,</span> <span class='ocrx_word' id='word_1_135' title='bbox 686 2676 830 2740; x_wconf 91' lang='lat' dir='ltr'>similem</span> <span class='ocrx_word' id='word_1_136' title='bbox 847 2676 1031 2759; x_wconf 87' lang='lat' dir='ltr'>quamdam</span> <span class='ocrx_word' id='word_1_137' title='bbox 1058 2697 1096 2741; x_wconf 92' lang='lat' dir='ltr'>ac</span> <span class='ocrx_word' id='word_1_138' title='bbox 1114 2678 1317 2744; x_wconf 88' lang='lat' dir='ltr'>Decessores</span> <span class='ocrx_word' id='word_1_139' title='bbox 1338 2700 1445 2762; x_wconf 89' lang='lat' dir='ltr'>expo·</span> 
     </span>
     <span class='ocr_line' id='line_1_20' title="bbox 335 2781 1445 2865; baseline 0.002 -18"><span class='ocrx_word' id='word_1_140' title='bbox 335 2785 565 2861; x_wconf 87' lang='lat' dir='ltr'>stulationem,</span> <span class='ocrx_word' id='word_1_141' title='bbox 580 2802 723 2865; x_wconf 89' lang='lat' dir='ltr'>eamque</span> <span class='ocrx_word' id='word_1_142' title='bbox 740 2781 848 2843; x_wconf 91' lang='lat' dir='ltr'>multo</span> <span class='ocrx_word' id='word_1_143' title='bbox 860 2781 998 2863; x_wconf 88' lang='lat' dir='ltr'>quidem</span> <span class='ocrx_word' id='word_1_144' title='bbox 1026 2783 1270 2863; x_wconf 87' lang='lat' dir='ltr'>gravissimam,</span> <span class='ocrx_word' id='word_1_145' title='bbox 1286 2786 1329 2849; x_wconf 89' lang='lat' dir='ltr'>ad</span> <span class='ocrx_word' id='word_1_146' title='bbox 1343 2786 1445 2849; x_wconf 89' lang='lat' dir='ltr'>ratio-</span> 
     </span>
     <span class='ocr_line' id='line_1_21' title="bbox 194 2882 1444 2969; baseline 0.001 -17"><span class='ocrx_word' id='word_1_147' title='bbox 194 2919 221 2967; x_wconf 85' lang='lat' dir='ltr'>S.</span> <span class='ocrx_word' id='word_1_148' title='bbox 236 2918 310 2967; x_wconf 52' lang='lat' dir='ltr'>Sep,</span> <span class='ocrx_word' id='word_1_149' title='bbox 336 2908 395 2952; x_wconf 91' lang='lat' dir='ltr'>nes</span> <span class='ocrx_word' id='word_1_150' title='bbox 411 2890 555 2953; x_wconf 88' lang='lat' dir='ltr'>tuendas</span> <span class='ocrx_word' id='word_1_151' title='bbox 572 2885 792 2969; x_wconf 88' lang='lat' dir='ltr'>Apostolicae</span> <span class='ocrx_word' id='word_1_152' title='bbox 806 2882 906 2949; x_wconf 89' lang='lat' dir='ltr'>Sedis</span> <span class='ocrx_word' id='word_1_153' title='bbox 922 2905 1104 2967; x_wconf 88' lang='lat' dir='ltr'>veramque</span> <span class='ocrx_word' id='word_1_154' title='bbox 1121 2886 1251 2951; x_wconf 85' lang='lat' dir='ltr'>romani</span> <span class='ocrx_word' id='word_1_155' title='bbox 1271 2888 1444 2953; x_wconf 86' lang='lat' dir='ltr'>Pontificis</span> 
     </span>
     <span class='ocr_line' id='line_1_22' title="bbox 102 2979 1444 3097; baseline -0.003 -36"><span class='ocrx_word' id='word_1_156' title='bbox 102 2979 104 2982; x_wconf 26' lang='lat'>⁵</span> <span class='ocrx_word' id='word_1_157' title='bbox 150 2985 307 3097; x_wconf 49' lang='lat' dir='ltr'>sssj‘w&#39;ffli·</span> <span class='ocrx_word' id='word_1_158' title='bbox 335 2992 524 3057; x_wconf 88' lang='lat' dir='ltr'>libertatem</span> <span class='ocrx_word' id='word_1_159' title='bbox 542 2989 790 3066; x_wconf 89' lang='lat' dir='ltr'>vindicandam,</span> <span class='ocrx_word' id='word_1_160' title='bbox 803 2990 835 3051; x_wconf 93' lang='lat' dir='ltr'>in</span> <span class='ocrx_word' id='word_1_161' title='bbox 850 2991 914 3053; x_wconf 92' lang='lat' dir='ltr'>hoc</span> <span class='ocrx_word' id='word_1_162' title='bbox 925 2989 1134 3071; x_wconf 89' lang='lat' dir='ltr'>amplissimo</span> <span class='ocrx_word' id='word_1_163' title='bbox 1150 3012 1307 3056; x_wconf 89' lang='lat' dir='ltr'>consessu</span> <span class='ocrx_word' id='word_1_164' title='bbox 1321 3003 1444 3071; x_wconf 89' lang='lat' dir='ltr'>vestro,</span> 
     </span>
     <span class='ocr_line' id='line_1_23' title="bbox 157 3057 1442 3178; baseline -0.001 -15"><span class='ocrx_word' id='word_1_165' title='bbox 157 3057 309 3164; x_wconf 51' lang='lat' dir='ltr'>behemi}</span> <span class='ocrx_word' id='word_1_166' title='bbox 333 3098 495 3161; x_wconf 92' lang='lat' dir='ltr'>hodierna</span> <span class='ocrx_word' id='word_1_167' title='bbox 510 3095 736 3178; x_wconf 85' lang='lat' dir='ltr'>die,pr0ierre.</span> <span class='ocrx_word' id='word_1_168' title='bbox 752 3095 881 3176; x_wconf 88' lang='lat' dir='ltr'>ltaque,</span> <span class='ocrx_word' id='word_1_169' title='bbox 897 3095 962 3157; x_wconf 74' lang='lat' dir='ltr'>alia</span> <span class='ocrx_word' id='word_1_170' title='bbox 975 3093 1066 3158; x_wconf 87' lang='lat' dir='ltr'>nulla</span> <span class='ocrx_word' id='word_1_171' title='bbox 1079 3096 1225 3177; x_wconf 89' lang='lat' dir='ltr'>permoti</span> <span class='ocrx_word' id='word_1_172' title='bbox 1241 3117 1367 3175; x_wconf 89' lang='lat' dir='ltr'>caussa,</span> <span class='ocrx_word' id='word_1_173' title='bbox 1377 3098 1442 3163; x_wconf 92' lang='lat' dir='ltr'>nisi</span> 
     </span>
     <span class='ocr_line' id='line_1_24' title="bbox 156 3181 1441 3300; baseline 0.002 -36"><span class='ocrx_word' id='word_1_174' title='bbox 156 3196 174 3227; x_wconf 80' lang='lat'>‘¹</span> <span class='ocrx_word' id='word_1_175' title='bbox 190 3181 308 3296; x_wconf 48' lang='lat' dir='ltr'>Dm,</span> <span class='ocrx_word' id='word_1_176' title='bbox 333 3202 538 3266; x_wconf 90' lang='lat' dir='ltr'>iureiurandi</span> <span class='ocrx_word' id='word_1_177' title='bbox 554 3198 725 3281; x_wconf 84' lang='lat' dir='ltr'>religione,</span> <span class='ocrx_word' id='word_1_178' title='bbox 739 3199 888 3263; x_wconf 91' lang='lat' dir='ltr'>iustitiae</span> <span class='ocrx_word' id='word_1_179' title='bbox 913 3198 1078 3300; x_wconf 69' lang='lat' dir='ltr'>custodia,</span> <span class='ocrx_word' id='word_1_180' title='bbox 1093 3198 1267 3263; x_wconf 83' lang='lat' dir='ltr'>Ecclesiae</span> <span class='ocrx_word' id='word_1_181' title='bbox 1290 3202 1441 3277; x_wconf 87' lang='lat' dir='ltr'>caritate,</span> 
     </span>
     <span class='ocr_line' id='line_1_25' title="bbox 333 3303 1443 3383; baseline -0.003 -11"><span class='ocrx_word' id='word_1_182' title='bbox 333 3328 392 3372; x_wconf 92' lang='lat' dir='ltr'>vos</span> <span class='ocrx_word' id='word_1_183' title='bbox 408 3326 529 3383; x_wconf 93' lang='lat' dir='ltr'>rursus,</span> <span class='ocrx_word' id='word_1_184' title='bbox 540 3303 762 3368; x_wconf 89' lang='lat' dir='ltr'>Venerabiles</span> <span class='ocrx_word' id='word_1_185' title='bbox 779 3303 925 3373; x_wconf 84' lang='lat' dir='ltr'>Fratres,</span> <span class='ocrx_word' id='word_1_186' title='bbox 940 3303 1033 3366; x_wconf 91' lang='lat' dir='ltr'>omni</span> <span class='ocrx_word' id='word_1_187' title='bbox 1057 3304 1160 3369; x_wconf 87' lang='lat' dir='ltr'>animi</span> <span class='ocrx_word' id='word_1_188' title='bbox 1177 3306 1368 3369; x_wconf 87' lang='lat' dir='ltr'>constantia</span> <span class='ocrx_word' id='word_1_189' title='bbox 1393 3316 1443 3369; x_wconf 91' lang='lat' dir='ltr'>te·</span> 
     </span>
     <span class='ocr_line' id='line_1_26' title="bbox 332 3407 1441 3491; baseline -0.002 -16"><span class='ocrx_word' id='word_1_190' title='bbox 332 3410 567 3489; x_wconf 87' lang='lat' dir='ltr'>stamur,velle</span> <span class='ocrx_word' id='word_1_191' title='bbox 584 3410 667 3485; x_wconf 91' lang='lat' dir='ltr'>Nos,</span> <span class='ocrx_word' id='word_1_192' title='bbox 689 3428 751 3471; x_wconf 90' lang='lat' dir='ltr'>nec</span> <span class='ocrx_word' id='word_1_193' title='bbox 766 3427 849 3471; x_wconf 91' lang='lat' dir='ltr'>sane</span> <span class='ocrx_word' id='word_1_194' title='bbox 872 3427 940 3470; x_wconf 91' lang='lat' dir='ltr'>non</span> <span class='ocrx_word' id='word_1_195' title='bbox 958 3408 990 3471; x_wconf 94' lang='lat' dir='ltr'>id</span> <span class='ocrx_word' id='word_1_196' title='bbox 1009 3407 1095 3471; x_wconf 90' lang='lat' dir='ltr'>velle</span> <span class='ocrx_word' id='word_1_197' title='bbox 1110 3407 1179 3471; x_wconf 92' lang='lat' dir='ltr'>ullo</span> <span class='ocrx_word' id='word_1_198' title='bbox 1196 3418 1297 3491; x_wconf 88' lang='lat' dir='ltr'>pacto</span> <span class='ocrx_word' id='word_1_199' title='bbox 1324 3430 1441 3491; x_wconf 90' lang='lat' dir='ltr'>possu-</span> 
     </span>
     <span class='ocr_line' id='line_1_27' title="bbox 333 3512 1441 3596; baseline -0.001 -18"><span class='ocrx_word' id='word_1_200' title='bbox 333 3535 417 3592; x_wconf 91' lang='lat' dir='ltr'>mus,</span> <span class='ocrx_word' id='word_1_201' title='bbox 431 3513 517 3578; x_wconf 90' lang='lat' dir='ltr'>velle</span> <span class='ocrx_word' id='word_1_202' title='bbox 534 3512 636 3596; x_wconf 86' lang='lat' dir='ltr'>igitur</span> <span class='ocrx_word' id='word_1_203' title='bbox 652 3520 685 3575; x_wconf 89' lang='lat' dir='ltr'>et</span> <span class='ocrx_word' id='word_1_204' title='bbox 697 3512 901 3575; x_wconf 88' lang='lat' dir='ltr'>contendere</span> <span class='ocrx_word' id='word_1_205' title='bbox 916 3520 953 3575; x_wconf 92' lang='lat' dir='ltr'>ut</span> <span class='ocrx_word' id='word_1_206' title='bbox 964 3512 1037 3575; x_wconf 90' lang='lat' dir='ltr'>iura</span> <span class='ocrx_word' id='word_1_207' title='bbox 1050 3512 1139 3575; x_wconf 88' lang='lat' dir='ltr'>beati</span> <span class='ocrx_word' id='word_1_208' title='bbox 1151 3512 1249 3588; x_wconf 88' lang='lat' dir='ltr'>Petri,</span> <span class='ocrx_word' id='word_1_209' title='bbox 1260 3532 1441 3595; x_wconf 89' lang='lat' dir='ltr'>quaecum-</span> 
     </span>
     <span class='ocr_line' id='line_1_28' title="bbox 332 3614 1440 3700; baseline -0.002 -19"><span class='ocrx_word' id='word_1_210' title='bbox 332 3637 397 3700; x_wconf 91' lang='lat' dir='ltr'>que</span> <span class='ocrx_word' id='word_1_211' title='bbox 413 3626 491 3681; x_wconf 88' lang='lat' dir='ltr'>sunt</span> <span class='ocrx_word' id='word_1_212' title='bbox 505 3616 613 3680; x_wconf 90' lang='lat' dir='ltr'>Nobis</span> <span class='ocrx_word' id='word_1_213' title='bbox 624 3615 826 3689; x_wconf 88' lang='lat' dir='ltr'>concredita,</span> <span class='ocrx_word' id='word_1_214' title='bbox 838 3616 978 3678; x_wconf 91' lang='lat' dir='ltr'>omnino</span> <span class='ocrx_word' id='word_1_215' title='bbox 990 3614 1082 3679; x_wconf 87' lang='lat' dir='ltr'>salva</span> <span class='ocrx_word' id='word_1_216' title='bbox 1095 3625 1324 3697; x_wconf 85' lang='lat' dir='ltr'>permaneant,</span> <span class='ocrx_word' id='word_1_217' title='bbox 1335 3614 1440 3691; x_wconf 89' lang='lat' dir='ltr'>lirma,</span> 
     </span>
     <span class='ocr_line' id='line_1_29' title="bbox 173 3708 1442 3829; baseline -0.002 -46"><span class='ocrx_word' id='word_1_218' title='bbox 173 3708 306 3829; x_wconf 47' lang='lat' dir='ltr'>‘belm</span> <span class='ocrx_word' id='word_1_219' title='bbox 332 3721 471 3802; x_wconf 85' lang='lat' dir='ltr'>integra,</span> <span class='ocrx_word' id='word_1_220' title='bbox 486 3720 774 3802; x_wconf 89' lang='lat' dir='ltr'>quemadmodum</span> <span class='ocrx_word' id='word_1_221' title='bbox 803 3718 945 3782; x_wconf 89' lang='lat' dir='ltr'>decursu</span> <span class='ocrx_word' id='word_1_222' title='bbox 969 3727 1119 3782; x_wconf 86' lang='lat' dir='ltr'>aetatum</span> <span class='ocrx_word' id='word_1_223' title='bbox 1149 3718 1325 3782; x_wconf 89' lang='lat' dir='ltr'>constituit</span> <span class='ocrx_word' id='word_1_224' title='bbox 1341 3718 1442 3782; x_wconf 90' lang='lat' dir='ltr'>Deus</span> 
     </span>
     <span class='ocr_line' id='line_1_30' title="bbox 333 3820 1439 3910; baseline -0.002 -22"><span class='ocrx_word' id='word_1_225' title='bbox 333 3824 634 3910; x_wconf 86' lang='lat' dir='ltr'>providentissime.</span> <span class='ocrx_word' id='word_1_226' title='bbox 650 3824 836 3887; x_wconf 85' lang='lat' dir='ltr'>Fateantur</span> <span class='ocrx_word' id='word_1_227' title='bbox 852 3820 1002 3904; x_wconf 88' lang='lat' dir='ltr'>prolecto</span> <span class='ocrx_word' id='word_1_228' title='bbox 1019 3831 1154 3905; x_wconf 87' lang='lat' dir='ltr'>oportet</span> <span class='ocrx_word' id='word_1_229' title='bbox 1165 3822 1223 3906; x_wconf 90' lang='lat' dir='ltr'>qui</span> <span class='ocrx_word' id='word_1_230' title='bbox 1238 3833 1326 3886; x_wconf 89' lang='lat' dir='ltr'>recte</span> <span class='ocrx_word' id='word_1_231' title='bbox 1343 3823 1439 3887; x_wconf 91' lang='lat' dir='ltr'>intel-</span> 
     </span>
     <span class='ocr_line' id='line_1_31' title="bbox 332 3925 1439 4013; baseline -0.003 -19"><span class='ocrx_word' id='word_1_232' title='bbox 332 3930 448 4013; x_wconf 84' lang='lat' dir='ltr'>ligant,</span> <span class='ocrx_word' id='word_1_233' title='bbox 461 3949 520 4013; x_wconf 92' lang='lat' dir='ltr'>per</span> <span class='ocrx_word' id='word_1_234' title='bbox 535 3949 575 3991; x_wconf 88' lang='lat' dir='ltr'>ea</span> <span class='ocrx_word' id='word_1_235' title='bbox 601 3928 673 3991; x_wconf 88' lang='lat' dir='ltr'>iura</span> <span class='ocrx_word' id='word_1_236' title='bbox 689 3935 723 3990; x_wconf 90' lang='lat' dir='ltr'>et</span> <span class='ocrx_word' id='word_1_237' title='bbox 738 3926 830 3990; x_wconf 90' lang='lat' dir='ltr'>bona</span> <span class='ocrx_word' id='word_1_238' title='bbox 854 3925 989 3991; x_wconf 88' lang='lat' dir='ltr'>luissea</span> <span class='ocrx_word' id='word_1_239' title='bbox 1007 3927 1082 3990; x_wconf 91' lang='lat' dir='ltr'>Deo</span> <span class='ocrx_word' id='word_1_240' title='bbox 1098 3936 1170 3991; x_wconf 90' lang='lat' dir='ltr'>tum</span> <span class='ocrx_word' id='word_1_241' title='bbox 1200 3936 1354 4010; x_wconf 88' lang='lat' dir='ltr'>paratum</span> <span class='ocrx_word' id='word_1_242' title='bbox 1372 3926 1439 3991; x_wconf 89' lang='lat' dir='ltr'>Ec·</span> 
     </span>
     <span class='ocr_line' id='line_1_32' title="bbox 331 4030 1436 4115; baseline -0.003 -16"><span class='ocrx_word' id='word_1_243' title='bbox 331 4036 453 4099; x_wconf 88' lang='lat' dir='ltr'>clesiae</span> <span class='ocrx_word' id='word_1_244' title='bbox 465 4033 667 4115; x_wconf 86' lang='lat' dir='ltr'>praesidium</span> <span class='ocrx_word' id='word_1_245' title='bbox 685 4032 861 4115; x_wconf 85' lang='lat' dir='ltr'>dignitatis</span> <span class='ocrx_word' id='word_1_246' title='bbox 890 4030 1121 4113; x_wconf 89' lang='lat' dir='ltr'>libertatisque</span> <span class='ocrx_word' id='word_1_247' title='bbox 1141 4050 1220 4095; x_wconf 88' lang='lat' dir='ltr'>suae</span> <span class='ocrx_word' id='word_1_248' title='bbox 1236 4030 1268 4093; x_wconf 94' lang='lat' dir='ltr'>in</span> <span class='ocrx_word' id='word_1_249' title='bbox 1282 4032 1436 4113; x_wconf 84' lang='lat' dir='ltr'>gentium</span> 
     </span>
     <span class='ocr_line' id='line_1_33' title="bbox 332 4135 1438 4226; baseline -0.005 -22"><span class='ocrx_word' id='word_1_250' title='bbox 332 4141 543 4226; x_wconf 88' lang='lat' dir='ltr'>procuranda</span> <span class='ocrx_word' id='word_1_251' title='bbox 559 4138 677 4214; x_wconf 90' lang='lat' dir='ltr'>salute,</span> <span class='ocrx_word' id='word_1_252' title='bbox 692 4146 765 4200; x_wconf 93' lang='lat' dir='ltr'>tum</span> <span class='ocrx_word' id='word_1_253' title='bbox 789 4137 871 4218; x_wconf 88' lang='lat' dir='ltr'>ipsis</span> <span class='ocrx_word' id='word_1_254' title='bbox 892 4135 1051 4218; x_wconf 86' lang='lat' dir='ltr'>gentibus</span> <span class='ocrx_word' id='word_1_255' title='bbox 1075 4136 1228 4199; x_wconf 87' lang='lat' dir='ltr'>additam</span> <span class='ocrx_word' id='word_1_256' title='bbox 1259 4136 1438 4199; x_wconf 87' lang='lat' dir='ltr'>certiorem</span> 
     </span>
     <span class='ocr_line' id='line_1_34' title="bbox 332 4238 1439 4323; baseline -0.004 -14"><span class='ocrx_word' id='word_1_257' title='bbox 332 4244 474 4309; x_wconf 89' lang='lat' dir='ltr'>tutelam</span> <span class='ocrx_word' id='word_1_258' title='bbox 504 4242 538 4307; x_wconf 92' lang='lat' dir='ltr'>in</span> <span class='ocrx_word' id='word_1_259' title='bbox 562 4262 623 4307; x_wconf 87' lang='lat' dir='ltr'>sua</span> <span class='ocrx_word' id='word_1_260' title='bbox 653 4261 730 4306; x_wconf 90' lang='lat' dir='ltr'>cum</span> <span class='ocrx_word' id='word_1_261' title='bbox 761 4258 896 4305; x_wconf 93' lang='lat' dir='ltr'>summo</span> <span class='ocrx_word' id='word_1_262' title='bbox 913 4250 1048 4323; x_wconf 88' lang='lat' dir='ltr'>pastore</span> <span class='ocrx_word' id='word_1_263' title='bbox 1071 4240 1227 4306; x_wconf 86' lang='lat' dir='ltr'>habenda</span> <span class='ocrx_word' id='word_1_264' title='bbox 1250 4238 1439 4305; x_wconf 89' lang='lat' dir='ltr'>officiorum</span> 
     </span>
    </p>
   </div>
   <div class='ocr_carea' id='block_1_6' title="bbox 154 4343 1443 4431">
    <p class='ocr_par' dir='ltr' id='par_1_6' title="bbox 154 4343 1443 4431">
     <span class='ocr_line' id='line_1_35' title="bbox 154 4343 1443 4431; baseline -0.001 -21"><span class='ocrx_word' id='word_1_265' title='bbox 154 4359 303 4422; x_wconf 68' lang='lat' dir='ltr'>argentium.</span> <span class='ocrx_word' id='word_1_266' title='bbox 331 4347 579 4414; x_wconf 87' lang='lat' dir='ltr'>vicissitudine:</span> <span class='ocrx_word' id='word_1_267' title='bbox 595 4343 824 4410; x_wconf 88' lang='lat' dir='ltr'>emolumenta</span> <span class='ocrx_word' id='word_1_268' title='bbox 836 4354 1009 4428; x_wconf 89' lang='lat' dir='ltr'>praeterea</span> <span class='ocrx_word' id='word_1_269' title='bbox 1021 4344 1176 4427; x_wconf 88' lang='lat' dir='ltr'>publicae</span> <span class='ocrx_word' id='word_1_270' title='bbox 1186 4344 1272 4431; x_wconf 85' lang='lat' dir='ltr'>inter</span> <span class='ocrx_word' id='word_1_271' title='bbox 1282 4344 1443 4409; x_wconf 88' lang='lat' dir='ltr'>nationes</span> 
     </span>
    </p>
   </div>
   <div class='ocr_carea' id='block_1_7' title="bbox 0 0 1564 4859">
    <p class='ocr_par' dir='ltr' id='par_1_7' title="bbox 0 0 1564 4859">
     <span class='ocr_line' id='line_1_36' title="bbox 0 0 1564 4859; baseline 0 2"><span class='ocrx_word' id='word_1_272' title='bbox 0 0 1564 4859; x_wconf 95' lang='lat' dir='ltr'> </span> 
     </span>
    </p>
   </div>
  </div>
 </body>
</html>
