3117 4859
366 395 438 464 214
466 394 583 447 eursu.
606 395 762 458 renovet„
786 381 808 410 ·‘
828 395 1026 448 uroeusnsr
1046 371 1441 462 s1uuQussu1uusr.''

222 555 340 626 qumque·
364 551 398 604 et
414 542 585 624 utriusque
600 543 795 607 testamenti
811 542 1010 619 sacerdotes,
1020 543 1170 625 proiecto
1179 542 1330 605 eiusdem
1343 540 1471 622 gloriae

189 617 341 722 ⁸22⁸?AE
363 647 466 709 decus
482 645 614 728 Virgini
630 647 785 710 excelsae
800 645 1002 710 cumulatius
1024 648 1193 712 conuenit.
1209 646 1321 709 Nemo
1343 643 1471 708 etenim

189 737 342 856 ¹1¹}ssssssss
365 770 451 814 unus
465 750 605 834 cogitari
622 751 758 832 quidem
776 759 890 833 potest
905 752 961 834 qui
986 750 1240 814 reconciliandis
1265 747 1341 812 Deo
1363 747 1473 810 homi-

204 856 342 958 ‘utt'tfej
365 855 463 918 nibus
489 874 605 937 parem
632 864 735 938 atque
761 855 819 918 illa
833 873 970 936 operam
988 854 1039 918 vel
1058 875 1206 938 unquam
1223 851 1403 918 contulerit
1421 848 1473 914 vel

220 928 341 1043 ”alfelmi
365 957 548 1039 aliquando
562 958 606 1020 sit
621 957 813 1022 collaturus.
831 958 963 1040 Nempe
980 959 1052 1041 ipsa
1075 959 1118 1022 ad
1146 957 1301 1021 homines
1324 955 1359 1017 in
1385 973 1472 1016 sem-

190 1035 343 1144 ,ffss'ss'ffu
366 1063 534 1144 piternum
561 1070 695 1126 ruentes
718 1061 861 1126 exitium
888 1061 1101 1128 Seruatorem
1126 1061 1282 1135 adduxit,
1305 1059 1372 1123 iam
1399 1069 1472 1120 tum

366 1164 493 1228 scilicet
515 1183 619 1247 quum
641 1163 770 1247 pacifici
792 1167 993 1230 sacramenti
1017 1166 1187 1240 nuncium,
1212 1165 1256 1228 ab
1278 1162 1418 1244 Angelo
1441 1161 1473 1225 in

366 1279 472 1332 terras
501 1268 651 1348 allatum,
680 1269 870 1333 admirabili
901 1289 1050 1346 assensu,
1080 1271 1144 1333 loco
1177 1267 1277 1332 totius
1311 1267 1475 1333 humanae

368 1383 507 1436 naturae
520 1371 574 1455 (¹),
583 1373 741 1454 excepit:
764 1373 839 1456 ipsa·
864 1384 915 1438 est
930 1373 970 1438 de
993 1393 1059 1456 qua
1082 1383 1181 1437 notus
1205 1383 1253 1438 est
1275 1371 1378 1448 Iesus,
1398 1389 1474 1432 vera

366 1477 492 1540 scilicet
507 1478 577 1539 eius
594 1476 719 1555 Mater,
733 1478 778 1541 ob
794 1497 936 1562 eamque
951 1497 1104 1543 caussam
1115 1479 1219 1559 digna
1231 1487 1265 1540 et
1275 1482 1474 1558 peraccepta

189 1618 251 1674 quas
268 1604 342 1650 Rosa·
365 1580 637 1646 odMediatortm
650 1579 845 1645 Medrotm'x.
857 1581 1062 1665 -Quarum
1074 1601 1183 1647 rerum
1197 1579 1357 1662 mysteria
1369 1597 1472 1661 quum

191 1664 342 1770 mm
367 1686 400 1750 in
416 1686 548 1749 Rosarii
564 1686 628 1749 ritu
641 1706 685 1748 ex
696 1686 814 1748 ordine
826 1688 1007 1751 succedant
1017 1687 1148 1770 piorum
1161 1686 1282 1748 animis
1295 1681 1472 1747 recolenda

192 1783 344 1902 afim?
367 1799 400 1855 et
415 1790 685 1873 contemplanda,
702 1791 779 1853 inde
795 1789 893 1854 simul
917 1790 1048 1855 elucent
1073 1789 1201 1854 Mariae
1227 1788 1409 1871 promerita
1431 1785 1472 1848 de

191 1903 297 1950 vissim-
368 1895 639 1958 reconciliatione
661 1905 695 1958 et
717 1895 827 1958 salute
854 1904 976 1961 nostra.
994 1895 1066 1958 Nec
1083 1903 1196 1978 potest
1212 1895 1390 1977 quisquam
1407 1909 1473 1953 non

368 1999 564 2062 suavissime
579 1997 665 2062 affici
682 2000 813 2081 quoties
829 2019 904 2064 eam
921 1999 1120 2076 considerat,
1135 2019 1221 2082 quae
1243 1995 1294 2060 vel
1316 1997 1349 2060 in
1372 1997 1474 2059 domo

371 2103 588 2166 Elisabetbae
617 2103 816 2168 administra
842 2103 1082 2168 charismatum
1110 2103 1298 2166 divinorum
1326 2105 1474 2182 apparet,

370 2206 421 2269 vel
447 2206 568 2270 Filium
592 2207 792 2288 pastoribus,
814 2206 956 2289 regibus,
971 2207 1123 2273 Simeoni
1144 2205 1283 2288 praebet
1302 2200 1473 2266 infantem.

370 2310 460 2395 Quid
474 2331 553 2375 vero
564 2330 669 2393 quum
681 2313 1079 2394 consideretsanguinem
1095 2309 1220 2378 Christi
1232 2311 1350 2373 caussa
1362 2315 1473 2370 nostra

368 2415 542 2497 profusum
559 2435 598 2477 ac
615 2415 765 2477 membra
787 2415 819 2478 in
842 2416 963 2497 quibus
984 2416 1041 2478 ille
1064 2414 1153 2478 Patri
1172 2413 1310 2477 vulnera
1329 2417 1472 2492 accepta,

369 2527 499 2583 nostrae
515 2519 628 2602 pratris
653 2517 824 2592 libertatis,
849 2519 1007 2596 ostendit,
1034 2538 1101 2582 non
1130 2517 1219 2582 aliud
1248 2537 1289 2578 ea
1316 2535 1388 2578 esse
1410 2512 1471 2576 nisi

368 2642 502 2686 carnem
520 2632 553 2685 et
568 2623 767 2704 sanguinem
785 2623 958 2706 Virginis?
974 2624 1151 2706 siquidem,
1162 2643 1236 2686 caro
1250 2621 1326 2684 Iesu
1341 2638 1413 2683 caro
1426 2625 1473 2678 est

368 2725 505 2790 Mariae
515 2752 529 2802 ,·
546 2737 577 2788 ct
590 2727 744 2809 quamvis
754 2727 866 2808 glorio
883 2727 1128 2791 resurrectionis
1131 2727 1245 2807 suerit
1257 2722 1471 2809 magnificato,

370 2829 481 2894 eodem
496 2843 607 2895 tamen
621 2832 732 2894 carnis
748 2832 873 2894 mansit
893 2842 924 2895 et
949 2841 1059 2894 monet
1084 2841 1207 2894 natura
1230 2851 1312 2912 quae
1336 2835 1471 2906 suscepta

371 2945 420 2996 est
434 2935 473 2998 de
487 2935 632 3018 Maria(
650 2937 672 3018 ).

213 3069 347 3136 Imm.
418 3039 484 3104 Sed
502 3041 587 3103 alius
603 3040 742 3122 quidam
759 3039 887 3104 fructus
903 3040 1044 3123 insignis
1061 3060 1079 3103 e
1096 3039 1239 3103 Rosario
1255 3035 1472 3119 consequitur,

196 3127 349 3231 ‘'j-ffsfuffff}
373 3163 449 3208 cum
466 3154 657 3226 temporum
676 3146 805 3208 ratione
820 3146 960 3209 omnino
976 3164 1172 3222 connexus3
1189 3143 1282 3207 cuius
1305 3141 1374 3205 Nos
1395 3137 1473 3202 alias

195 3245 350 3351 mmm}
374 3251 581 3313 mentionem
609 3249 793 3313 intulimus.
814 3249 846 3312 ls
874 3249 1031 3313 nimirum
1059 3259 1110 3311 est
1134 3248 1271 3324 fructus,
1288 3256 1324 3310 ut
1345 3243 1475 3328 quando

195 3365 260 3419 fidu.
373 3354 478 3416 virtus
494 3352 572 3417 fidei
588 3354 723 3417 divinae
738 3362 808 3417 tam
828 3352 942 3418 multis
964 3353 1015 3416 vel
1041 3353 1196 3434 periculis
1219 3351 1271 3416 vel
1295 3347 1476 3414 incursibus

374 3457 507 3520 obiecta
532 3457 685 3540 quotidie
709 3467 770 3535 est,
799 3457 926 3522 homini
952 3457 1137 3522 christiano
1160 3457 1238 3520 hinc
1265 3456 1368 3519 etiarn
1396 3453 1477 3516 bene

231 3626 253 3670 u,
292 3624 348 3670 ‚m
374 3571 533 3643 suppetat
543 3582 611 3645 quo
626 3561 716 3626 alere
729 3584 802 3626 eam
815 3563 921 3644 possit
932 3572 964 3626 et
975 3561 1140 3626 roborare.
1157 3599 1199 3610 -
1216 3561 1390 3624 Auctorem
1396 3554 1480 3640 fidei

235 3639 295 3741 ejl'l‘
304 3685 350 3743 qur
373 3674 406 3727 ct
415 3675 705 3730 consummatorem
716 3666 1068 3731 nominantChristum
1079 3666 1195 3729 diuina
1208 3665 1341 3748 eloquia
1353 3663 1408 3744 (³):
1421 3681 1477 3724 au-

189 3743 351 3847 {df'm'
373 3779 499 3846 ctorem,
511 3791 551 3832 eo
564 3770 642 3852 quia
655 3771 770 3833 docuit
782 3771 854 3851 ipse
867 3769 1020 3834 homines
1034 3771 1139 3834 multa
1151 3791 1236 3851 quae
1247 3765 1478 3842 crederent,de

375 3895 409 3936 se
425 3875 604 3956 praecipue
625 3873 657 3936 in
680 3894 747 3955 quo
761 3873 929 3937 inhabitat
939 3875 1046 3938 omnis
1049 3874 1219 3956 plenitudo
1229 3871 1422 3936 dz'vr'nitntis
1431 3869 1479 3950 (⁴),

374 3978 531 4059 idemque
555 3979 665 4060 gratia
690 3987 725 4040 et
749 3977 841 4042 velut
869 3980 1026 4041 unctione
1052 3979 1158 4042 sancti
1175 3977 1322 4060 Spiritus
1338 3975 1480 4056 benigne

212 4117 347 4158 mm,
373 4079 432 4141 dat
458 4083 547 4144 unde
571 4083 710 4146 credant
724 4102 733 4160 ;
748 4091 1048 4160 consummatorem,
1063 4084 1142 4164 quia
1167 4103 1219 4146 res
1246 4103 1305 4166 per
1330 4081 1479 4145 velamen

260 4177 345 4225 ''¹⁰¹⁰'1
374 4183 406 4244 in
425 4184 558 4247 mortali
575 4185 644 4248 vita
656 4186 700 4248 ab
712 4187 760 4248 eis
772 4196 960 4268 perceptas,
972 4188 1092 4269 pandit
1105 4188 1176 4269 ipse
1188 4197 1323 4269 apertas
1336 4187 1369 4249 in
1383 4183 1480 4256 caelo,

405 4355 424 4387 1.
437 4342 461 4387 S.
474 4342 532 4395 Tb„
547 4343 593 4395 111.
605 4358 627 4401 q.
643 4353 708 4397 xxx.
721 4359 743 4390 n.
758 4359 777 4391 r.
787 4371 817 4379 —
832 4359 852 4392 a.
866 4346 901 4392 De
911 4351 1027 4406 assumpt.
1038 4347 1066 4392 B.
1079 4347 1115 4392 M.
1135 4347 1170 4398 tt,
1181 4360 1201 4392 c
1211 4359 1233 4398 v,
1247 4345 1372 4404 interopp.
1384 4345 1409 4392 S
1419 4345 1476 4402 Aug.

373 4432 404 4442 -
414 4421 435 4467 3.
448 4409 532 4463 Hebr..
544 4420 592 4462 xrr,
605 4423 626 4456 a
640 4435 670 4444 -
684 4425 706 4468 4
721 4413 858 4472 Cot,11‚9.
