3117 4859
319 386 370 437 ua
398 385 445 435 aa
472 383 691 436 cnruoarca
718 384 759 435 uu
790 384 1006 437 aquenum.
1151 370 1214 440 181

109 554 130 597 a
145 554 328 617 germanae
355 533 554 615 prudentiae
581 532 711 615 legibus
730 542 800 595 tam
829 533 988 611 alienum,
1004 555 1105 617 quam
1129 557 1218 601 com·
1318 570 1333 602 ι

110 639 244 701 mittere
268 646 305 702 ut
328 637 445 720 religio
468 636 606 718 impune
630 646 780 711 vexetur,
808 638 923 720 populi
947 638 1039 702 salus
1054 640 1087 702 in
1105 641 1219 705 discri·
1284 614 1360 725 fig]

109 760 189 805 men
206 741 404 804 adducatur.

154 845 242 910 Cum
260 864 339 907 vero
354 844 396 907 ad
409 842 608 907 firmandam
622 842 847 917 concordiam,
859 863 966 927 aeque
982 865 1021 909 ac
1037 846 1080 911 ad
1105 856 1220 912 actuo·
1319 878 1398 929 pam

109 968 183 1013 sam
215 947 458 1012 catholicorum
487 946 662 1009 hominum
686 945 859 1009 solertiam
885 949 1115 1028 excitandam,
1140 952 1220 1015 mire
1247 950 1398 1059 xmu-

108 1052 280 1118 efficacem
298 1052 545 1133 salutaremque
561 1051 628 1113 vim
645 1049 804 1128 habeant,
820 1052 868 1115 uti
892 1055 1102 1135 experiendo
1118 1066 1221 1138 patet,
1248 1074 1352 1123 thaleae

107 1158 212 1223 annui
230 1157 424 1221 eorumdem
441 1164 636 1229 conventus,
653 1154 685 1215 in
714 1154 836 1236 quibus
859 1157 954 1221 dere
980 1159 1156 1238 catholica,
1179 1161 1221 1224 de
1244 1140 1400 1269 imiza:

107 1262 243 1345 piorum
268 1279 407 1342 operum
434 1259 544 1323 omnis
570 1256 701 1338 generis
729 1258 946 1339 incremento,
975 1262 1219 1345 Episcoporum
1247 1272 1334 1348 annai
1348 1288 1386 1318 ca-

105 1368 213 1431 ductu
231 1374 332 1447 atque
348 1362 512 1446 auspiciis,
529 1361 721 1425 communia
737 1362 878 1426 consilia
892 1364 1108 1453 conferuntur
1125 1368 1221 1445 ;ideo
1247 1335 1397 1451 {mm

105 1469 325 1534 vehementer
340 1476 498 1550 optamus
517 1474 551 1529 ut
562 1486 601 1529 ea
612 1465 742 1530 naviter
755 1466 978 1549 perficiantur,
990 1492 1077 1554 quae
1090 1485 1220 1537 vosmet
1246 1474 1378 1529 agantur,-

107 1592 176 1636 nou
195 1569 304 1634 multo
320 1580 407 1647 ante,
423 1568 486 1632 hac
502 1588 603 1650 super
619 1587 663 1645 re,
678 1573 871 1652 opportune
891 1576 1077 1657 providisse
1096 1598 1219 1660 cogno·

106 1676 227 1741 vimus·
245 1674 365 1757 Neque
378 1673 467 1736 enirn
485 1671 688 1749 dubitamus,
704 1688 891 1742 conventus
919 1681 1093 1759 eiusmodi,
1109 1685 1166 1766 qui
1183 1696 1219 1747 ut

106 1780 182 1844 aliis
198 1798 333 1861 quoque
349 1776 382 1841 in
400 1775 482 1840 locis
497 1774 702 1841 haberentur
718 1778 818 1841 valde
836 1778 907 1843 Nos
917 1793 1072 1847 auctores
1087 1784 1220 1862 luimus,

106 1882 295 1949 rationibus
325 1881 444 1945 vestris
473 1898 675 1962 magnopere
701 1881 906 1963 profuturos.
922 1922 966 1933 —
983 1886 1023 1948 In
1049 1906 1090 1950 eo
1115 1889 1218 1953 etiam
1245 1936 1397 1999 mmm

106 1986 228 2053 sedulo
243 2007 302 2051 vos
318 1986 507 2069 prospicere
530 1984 636 2061 decet,
663 1994 700 2047 ut
728 1986 760 2049 in
789 1986 1048 2068 legumlatorum
1065 2001 1180 2055 coetus
1197 1992 1218 2055 ii
1245 2000 1381 2050 tissimiin

105 2094 166 2157 viri
195 2101 369 2175 spectatae
396 2088 566 2172 religionis
594 2086 824 2169 probataeque
850 2091 983 2155 virtutis
1008 2104 1219 2177 cooptentur,
1244 2067 1395 2181 mm

106 2200 164 2282 qui
177 2196 328 2261 animum
345 2206 462 2277 gerant
475 2202 628 2257 tenacem
641 2192 813 2274 propositi,
823 2194 979 2260 videlicet
989 2198 1031 2260 ad
1048 2197 1218 2263 Ecclesiae
1243 2204 1396 2261 caprearum·

105 2298 221 2378 reique
238 2295 426 2359 catholicae
442 2295 512 2357 iura
529 2292 732 2359 vindicanda
750 2308 944 2380 promptum
968 2320 1101 2383 semper
1117 2312 1217 2387 atque

105 2400 261 2466 alacrem.
278 2436 320 2450 -
344 2398 478 2463 Videtis
506 2408 687 2481 praeterea,
717 2397 939 2480 Venerabiles
970 2404 1114 2484 Fratres,
1143 2415 1216 2471 tum
1242 2448 1377 2513 aplanem·-

105 2503 361 2587 ephemeridum
379 2512 450 2565 tum
468 2500 627 2565 librorum
655 2520 730 2582 ope,
753 2502 788 2565 in
820 2503 852 2565 id
880 2506 1000 2571 acriter
1024 2507 1217 2573 incumbere
1242 2515 1359 2592 dilmli·

105 2607 161 2691 qui
175 2606 220 2671 ab
238 2605 390 2670 Ecclesia
405 2604 579 2682 dissident,
607 2613 643 2668 ut
659 2624 807 2668 errorum
824 2625 1121 2694 perversarumque
1144 2613 1214 2696 opi·
1237 2582 1365 2711 mia,

103 2713 245 2777 nionum
261 2730 392 2774 venena
408 2709 476 2772 late
502 2718 663 2792 spargant
687 2708 719 2771 in
737 2708 868 2791 vulgus,
884 2732 994 2778 mores
1010 2715 1118 2780 bonos
1145 2736 1214 2780 cor.
1241 2713 1394 2775 scn'ptasua

104 2823 274 2897 rumpant,
288 2823 392 2897 atque
406 2813 450 2876 ab
465 2812 598 2876 actione
623 2812 709 2876 vitae
736 2812 937 2880 christianae
963 2819 1213 2885 multitudinem
1240 2776 1385 2907 22!ssth

104 2916 283 2982 abducant
301 2916 498 2999 Intelligant
516 2916 617 2998 igitur
632 2914 787 2979 homines
797 2919 907 2996 vestri,
917 2929 1050 3003 tempus
1063 2922 1130 2984 iarn
1141 2942 1215 2985 esse

103 3021 217 3085 conari
234 3021 360 3103 aliquid
378 3021 486 3084 maius
501 3021 534 3083 in
552 3018 615 3083 hoc
628 3040 758 3102 genere,
770 3021 931 3103 omnique
944 3025 1074 3089 ratione
1086 3024 1215 3089 efficere

104 3133 141 3188 ut
156 3123 282 3207 scripta
298 3123 430 3204 scriptis
446 3132 670 3206 opponantur,
687 3142 773 3204 quae
787 3125 1011 3207 magnitudini
1024 3130 1215 3193 certaminis

104 3226 196 3306 paria
213 3226 375 3303 existant,
389 3234 493 3307 atque
510 3226 631 3289 idonea
647 3226 745 3289 malis
761 3231 910 3293 remedia
926 3232 1154 3313 suppeditent.

147 3330 304 3395 Maxime
319 3349 409 3405 vero,
425 3328 645 3394 Venerabiles
662 3330 807 3410 Fratres,
823 3334 935 3398 studia
952 3345 1063 3400 vestra
1079 3336 1111 3399 in
1133 3355 1212 3418 pue·
1236 3379 1375 3435 puerorum

103 3452 217 3498 rorum
233 3441 336 3516 atque
353 3433 618 3497 adolescentium
637 3434 849 3502 institutione
865 3438 935 3501 fixa
950 3448 984 3502 et
1016 3438 1127 3503 locata
1142 3460 1214 3504 esse
1239 3443 1313 3500 arque
1324 3437 1379 3512 aaa

103 3536 267 3601 volumus.
285 3536 383 3601 Mens
401 3536 507 3601 Nobis
525 3556 591 3601 non
612 3548 664 3601 est
677 3558 716 3603 ea
730 3540 858 3615 iterare,
870 3537 1033 3621 quaeiam
1047 3539 1081 3602 in
1094 3540 1213 3603 iisdem
1238 3504 1385 3632 {firmi

102 3642 222 3705 advos
250 3640 377 3719 litteris,
404 3640 501 3705 initio
528 3641 811 3716 commemoratis,
836 3643 1080 3722 exposuimus:
1105 3642 1214 3707 tacere
1239 3633 1376 3684 imm·

102 3752 297 3808 tamennon
309 3764 488 3827 possumus
499 3745 578 3827 quin
593 3742 764 3821 nonnulla,
775 3762 861 3826 quae
874 3743 1037 3825 gravioris
1051 3748 1214 3811 momenti
1294 3800 1328 3849 ln
1335 3806 1355 3863 p
1356 3798 1391 3849 d·

102 3857 191 3925 sunt,
206 3846 351 3913 breviter
367 3849 583 3932 attingamus.
599 3882 642 3895 --
659 3846 712 3909 De
728 3846 989 3931 primordiorum
1016 3849 1149 3926 scholis,
1166 3850 1214 3913 in·
1241 3865 1346 3942 nrordio3
1375 3930 1381 3942 Ι

102 3951 262 4015 standum
280 3954 534 4037 urgendumque
550 3960 612 4026 est,
626 3948 848 4014 Venerabiles
860 3951 1003 4029 Fratres,
1015 3963 1052 4017 ut
1062 3956 1215 4019 curiones
1240 3947 1300 3980 ”m
1311 3946 1391 3979 ''m''

1240 4012 1300 4045 rum
1311 3995 1375 4044 scho-

103 4054 273 4137 ceterique
286 4056 475 4120 animarum
492 4066 663 4119 curatores
678 4075 814 4120 summo
830 4056 864 4119 in
882 4078 940 4121 eas
966 4060 1081 4123 studio
1108 4060 1214 4123 conti·
1241 4062 1273 4109 trs
1281 4070 1372 4126 pueros

105 4166 223 4221 uenter
238 4158 408 4243 evigilent,
433 4161 668 4242 maximasque
696 4170 826 4242 ponant
851 4159 950 4227 officii
973 4165 1023 4226 sui
1051 4174 1164 4247 partes
1180 4167 1213 4227 in
1239 4143 1380 4243 mim

107 4260 251 4326 alumnis
266 4283 361 4329 sacra
376 4266 530 4331 doctrina
545 4270 746 4336 erudiendis.
763 4270 849 4337 Tale
866 4294 945 4337 vero
957 4294 1087 4351 munus,
1104 4274 1216 4337 nobile
1240 4258 1391 4373 ffi‘ffl*

109 4372 210 4447 atque
225 4384 335 4448 grave,
351 4387 393 4431 ne
417 4369 546 4436 alienae
574 4374 801 4455 procurationi
827 4376 1038 4458 permittant,
1064 4377 1124 4440 sed
1151 4376 1214 4459 ipsi
1240 4396 1318 4439 ceant.
