3117 4859
294 378 345 429 DE
372 378 522 429 STUDllS
551 376 788 431 SCRIPTURAE
815 377 969 430 SACRAE.
1114 372 1185 442 223

89 532 197 594 ctitate
214 529 399 592 Bibliorum
426 528 524 611 plene
552 529 765 611 perfecteque
792 528 1004 602 contendere,
1021 525 1129 588 multo
1153 524 1187 588 id
1247 532 1317 632 Nat}

91 634 189 697 maius
204 645 264 711 est,
279 654 380 716 quam
399 644 435 695 ut
452 654 471 695 a
494 632 565 696 sola
578 634 798 714 interpretum
823 642 857 695 et
873 630 1105 712 theologorum
1122 628 1187 693 sol·
1251 619 1326 706 1893*-

91 736 177 800 lertia
193 757 339 817 aequum
356 737 398 798 sit
414 736 598 816 expectari.
622 736 754 799 Eodem
771 735 958 815 optandum
975 742 1027 797 est
1054 733 1186 824 eonspi·
1209 760 1365 824 gaanmp

90 851 156 905 rent
179 851 212 904 et
236 842 453 903 connituntur
477 840 523 902 illi
549 840 650 903 etiam
678 860 723 901 ex
747 838 921 903 catholicis
947 839 1037 914 viris,
1061 837 1119 919 qui
1143 836 1187 901 ab
1205 825 1336 954 jffiff·

90 947 228 1010 externis
271 945 433 1009 doctrinis
471 944 617 1025 aliquam
657 944 725 1007 sint
763 944 910 1006 nominis
949 944 1185 1006 auctoritatem
1212 956 1330 1006 catholici

90 1050 203 1131 adepti.
223 1049 354 1112 Horum
371 1070 452 1111 sane
477 1048 686 1129 ingeniorum
712 1058 858 1123 ornatus,
875 1048 903 1111 si
932 1066 1105 1129 nunquam
1128 1066 1186 1109 an·
1213 1029 1334 1137 {mc

89 1162 146 1228 tea,
162 1173 201 1214 ne
219 1172 306 1214 nunc
323 1152 470 1232 quidem,
495 1150 558 1213 Dei
575 1150 749 1226 beneficio,
762 1150 935 1212 Ecclesiae
951 1151 1045 1211 deest
1060 1171 1067 1225 ;
1084 1160 1187 1230 atque
1212 1145 1346 1230 retrusum
1399 1191 1403 1197 ,

89 1259 209 1319 utinam
226 1278 267 1319 eo
282 1254 427 1338 amplius
443 1256 476 1316 in
495 1253 570 1318 fidei
589 1254 775 1319 subsidium
800 1264 968 1336 augescat.
985 1253 1079 1315 Nihil
1096 1254 1186 1316 enim
1209 1225 1365 1347 fflssgniff]

89 1360 188 1442 magis
218 1370 373 1442 oportere
404 1360 570 1435 ducimus,
599 1379 702 1440 quam
730 1370 766 1421 ut
799 1359 910 1439 plures
942 1357 1187 1440 validioresque
1212 1348 1364 1464 mxi

88 1464 292 1527 nanciscatur
306 1465 429 1527 veritas
458 1471 735 1544 propugnatores,
751 1482 852 1543 quam
881 1462 1006 1526 sentiat
1033 1463 1187 1527 adversa·
1325 1451 1330 1463 ¹

88 1569 170 1646 rios;
186 1588 294 1649 neque
310 1588 360 1631 res
378 1567 445 1631 ulla
461 1578 512 1629 est
528 1587 615 1649 quae
632 1566 739 1648 magis
755 1566 956 1647 persuadere
968 1565 1069 1646 vulgo
1082 1566 1187 1648 possit

88 1673 280 1755 obsequium
305 1672 466 1749 veritatis,
491 1692 592 1755 quarn
619 1673 647 1734 si
674 1691 747 1734 earn
773 1670 940 1733 liberrime
969 1669 1188 1751 profiteantur

87 1775 142 1857 qui
158 1778 189 1839 in
205 1776 342 1840 laudata
359 1777 471 1857 aliqua
488 1784 658 1857 praestent
675 1774 845 1837 facultate.
862 1772 954 1856 Quin
973 1774 1069 1837 facile
1085 1776 1187 1837 etiam

86 1900 212 1943 cessura
228 1892 279 1943 est
306 1879 569 1943 obtrectatorum
598 1879 733 1955 invidia,
757 1890 817 1942 aut
831 1890 922 1941 certe
947 1898 1013 1940 non
1031 1879 1079 1942 ita
1093 1888 1188 1960 petu-

87 1985 192 2048 lanter
205 1986 271 2048 iarn
285 1984 461 2047 traducere
472 1984 518 2046 illi
529 1984 701 2048 audebunt
719 1983 888 2046 inimicam
905 1983 1189 2062 scientiae,lidern,

88 2108 185 2169 quum
201 2089 379 2152 viderinta
407 2088 485 2149 viris
512 2088 672 2151 scientiae
696 2088 796 2150 laude
821 2086 989 2149 nobilibus
1017 2106 1186 2149 summum

89 2184 159 2248 fidei
176 2186 335 2249 honorem
354 2188 639 2268 reverentiamque
655 2185 817 2250 adhiberi.
832 2220 877 2233 -
899 2184 1069 2268 Quoniam
1088 2184 1189 2267 igitur
1280 2220 1366 2271 Suum

89 2298 213 2353 tantum
239 2292 262 2353 ii
286 2301 427 2372 possunt
458 2290 611 2373 religioni
642 2292 824 2372 importare
855 2290 1035 2365 commodi,
1065 2289 1187 2371 quibus
1214 2290 1368 2365 ruifrwx

89 2415 156 2457 cum
174 2394 358 2459 catholicae
374 2372 590 2474 professionis
606 2396 715 2477 gratia
732 2393 863 2457 felicem
888 2393 1036 2457 indolem
1061 2394 1186 2477 ingenii
1208 2354 1358 2480 {zm}

89 2498 265 2581 benignum
277 2498 410 2562 Numen
423 2500 594 2581 impertiit,
604 2500 680 2563 ideo
697 2500 729 2562 in
746 2499 810 2562 hac
826 2499 986 2562 acerrima
1003 2498 1188 2581 agitatione
1209 2498 1292 2612 {2⁸:15
1301 2501 1350 2598 {2⁰

89 2606 268 2668 studiorum
284 2626 371 2687 quae
387 2604 577 2686 Scripturas
593 2624 729 2687 quoquo
755 2606 857 2692 modo
872 2604 1054 2685 attingunt,
1070 2614 1187 2685 aptum
1214 2614 1365 2691 impiumv-

89 2706 146 2769 sibi
160 2708 302 2791 quisque
318 2709 445 2790 eligant
470 2709 572 2772 studii
589 2728 706 2790 genus,
729 2709 848 2790 inquo
877 2708 1059 2792 aliquando
1075 2706 1186 2770 excel·
1213 2680 1327 2809 ζᾜκ

89 2810 195 2889 lentes,
222 2814 355 2876 obiecta
382 2815 414 2877 in
444 2812 517 2877 illas
544 2814 718 2894 improbae
742 2813 902 2877 scientiae
926 2813 1002 2890 tela,
1025 2834 1093 2875 non
1116 2814 1189 2875 sine
1214 2827 1279 2861 ram.

88 2916 195 2996 gloria,
212 2917 383 2999 repellant.
401 2954 444 2966 -
461 2916 538 3001 Quo
565 2917 639 2982 loco
664 2928 797 3000 gratum
815 2927 867 2982 est
883 2918 965 2982 illud
983 2938 1043 3000 pro
1068 2919 1188 2982 merito
1322 2981 1327 2990 ,

88 3020 299 3102 comprobare
324 3020 561 3085 nonnullorum
588 3019 831 3086 catholicorum
859 3022 1046 3099 consilium,
1069 3021 1126 3103 qui
1151 3031 1188 3084 ut
1213 3042 1280 3090 rrum
1290 2980 1365 3093 died&

88 3124 158 3187 viris
173 3126 381 3190 doctioribus
404 3137 583 3208 suppetere
608 3129 716 3211 possit
741 3128 831 3192 unde
857 3127 1050 3190 huiusmodi
1074 3127 1186 3189 studia
1203 3106 1333 3236 {eccm

88 3231 171 3293 omni
184 3230 456 3294 adiumentorum
473 3231 571 3311 copia
584 3242 789 3315 pertractent
806 3242 840 3295 et
856 3231 1052 3313 provehant,
1061 3230 1186 3293 coactis
1213 3239 1243 3287 in
1253 3240 1341 3288 studia

88 3334 306 3412 societatibus,
321 3334 457 3415 largiter
479 3336 638 3417 pecunias
654 3337 762 3400 solent
778 3336 937 3399 conferre.
955 3333 1187 3416 Optimasane
1212 3304 1350 3381 drcrmm

1213 3386 1331 3420 virorum

88 3446 117 3499 et
137 3450 386 3521 peropportuna
417 3440 625 3521 temporibus
656 3442 818 3522 pecuniae
849 3440 1067 3503 collocandae
1091 3437 1186 3506 ratio.
1208 3444 1357 3549 promoven-

89 3538 159 3621 Quo
174 3545 264 3607 enim
283 3541 456 3605 catholicis
474 3545 583 3606 minus
609 3544 764 3625 praesidii
782 3544 815 3606 in
832 3564 893 3607 sua
919 3544 1033 3606 studia
1048 3562 1182 3625 sperare
1229 3518 1254 3552 α’

88 3643 157 3707 licet
183 3646 326 3728 publice,
342 3667 383 3707 eo
410 3648 651 3727 promptiorem
679 3646 941 3729 effusioremque
957 3656 1071 3727 patere
1089 3646 1188 3707 decet

88 3750 284 3828 privatorum
314 3750 572 3829 liberalitatem,
604 3762 641 3813 ut
672 3752 795 3831 quibus
827 3772 847 3813 a
879 3751 955 3813 Deo
986 3749 1076 3812 aucti
1108 3757 1186 3812 sunt

88 3850 213 3931 divitiis,
240 3874 296 3917 eas
324 3854 367 3915 ad
396 3855 577 3917 tutandum
594 3854 762 3918 revelatae
784 3855 889 3937 ipsius
916 3854 1089 3918 doctrinae
1114 3852 1187 3917 the·
1283 3874 1365 3922 lusis-

89 3974 214 4020 saurum
241 3958 344 4021 velint
372 3970 566 4022 convertere
598 3996 641 4007 -
667 3958 769 4022 Tales
796 3970 910 4022 autem
935 3960 1065 4022 labores
1081 3968 1118 4023 ut
1142 3960 1184 4022 ad
1213 3941 1363 4067 ζῧξᾜ

90 4078 151 4122 rem
177 4063 335 4127 biblicam
363 4083 439 4126 vere
462 4063 649 4146 proficiant,
672 4064 829 4128 insistant
845 4065 968 4127 eruditi
983 4066 1018 4126 in
1036 4063 1076 4127 iis
1099 4074 1186 4128 ram·
1209 4070 1262 4133 piis
1273 4078 1353 4133 supra

1209 4134 1357 4199 praefinitis
1436 4166 1441 4174 ·

90 4180 182 4241 quam
199 4168 381 4251 principiis,
398 4188 484 4251 quae
500 4188 600 4250 supra
617 4188 636 4230 a
654 4168 762 4231 Nobis
785 4167 961 4250 praefinita
977 4177 1078 4245 sunt;
1105 4166 1185 4230 fide·
1213 4202 1338 4250 ueretri-

91 4263 223 4352 literque
249 4282 396 4350 teneant,
428 4271 550 4347 Deum,
581 4273 791 4335 conditorem
823 4282 1053 4353 rectoremque
1076 4292 1184 4335 rerum
1212 4268 1348 4381 mx?

91 4374 244 4450 omnium,
259 4378 416 4439 eumdem
433 4395 506 4438 esse
523 4375 770 4458 Scripturarum
787 4376 972 4440 auctorem:
988 4376 1070 4439 nihil
1086 4360 1186 4459 prop·
1211 4400 1321 4447 valeant.
