3117 4859
360 359 432 451 238
552 376 735 429 massoth
763 364 783 392 ‘⁸
803 377 1025 429 susceptum
1052 384 1076 429 a
1102 379 1227 431 noms.
1248 356 1266 383 '¹

358 547 504 625 eluxere,
519 545 739 611 Venerabiles
757 544 901 623 Fratres,
916 546 973 629 qui
997 546 1145 611 consiliis
1162 548 1316 629 votisque
1332 547 1458 611 Nostris

180 658 307 725 Episcopi,
357 661 428 713 tam
446 669 613 732 propensa
627 648 888 730 obtemperastis
903 649 1086 715 voluntate.
1104 648 1205 714 Libet
1226 660 1342 714 autem
1358 652 1458 714 nomi-

359 755 465 819 natim
481 773 745 818 commemorare
761 752 922 816 dilectum
939 753 1043 817 filium
1059 753 1297 818 Desideratum
1315 754 1460 833 Mercier,

180 886 204 927 et
229 877 273 927 Ill.
293 878 328 927 D.
358 854 559 921 Antistitem
577 857 751 933 urbanum,
772 875 873 937 quem
902 856 1051 920 nascenti
1074 856 1218 923 Scholae
1235 857 1460 923 Themisticae

188 943 333 1058 ,amssj
358 961 445 1025 iustl
458 980 518 1025 vos
534 959 655 1024 fiducia
671 959 889 1043 praefecistis,
904 981 1083 1043 quemque,
1100 962 1133 1025 in
1147 981 1187 1025 eo
1202 982 1339 1026 munere
1351 974 1459 1027 aucto·

195 1076 330 1151 decoquo
358 1062 458 1127 ritate
469 1064 595 1128 Nostra
611 1063 882 1146 comprobatum,
898 1065 1112 1128 laudavimus
1134 1064 1203 1147 Ipsi
1223 1068 1320 1130 vobis
1336 1088 1357 1131 a
1369 1088 1460 1150 prae·

180 1147 330 1269 ,pjffnfss‘ff
357 1168 483 1234 stantia
494 1169 668 1233 doctrinae
683 1168 938 1251 philosophicae
954 1179 988 1232 et
1004 1169 1048 1233 ab
1064 1170 1214 1234 eiusdem
1231 1174 1461 1253 provehendae

180 1272 237 1321 riri.
357 1270 514 1339 sollertia.
532 1273 611 1354 Ipse
626 1272 715 1335 enim
733 1272 905 1335 communi
921 1274 1163 1356 expectationi,
1171 1274 1326 1339 docendo
1343 1276 1461 1356 pariter

358 1386 391 1441 et
412 1376 623 1457 agendossic
639 1376 813 1457 respondit
831 1374 977 1459 fecitque
992 1377 1086 1455 satis,
1098 1371 1138 1442 'ut
1154 1379 1222 1442 iam
1243 1378 1460 1461 frequentiam

358 1490 392 1544 et
412 1480 605 1564 opinionem
634 1480 796 1543 Instituto
820 1479 1050 1545 conciliaverit
1078 1482 1111 1544 in
1139 1482 1212 1545 dies
1237 1484 1462 1548 maiorem.-

258 1640 332 1689 Recte
359 1585 462 1668 Quod
488 1606 568 1649 vero
594 1584 855 1667 amplitudinem
881 1586 1024 1650 decebat
1045 1584 1216 1653 Athenaei
1244 1589 1463 1652 Lovaniensis

223 1709 252 1758 in
267 1720 332 1755 aava
360 1702 394 1756 et
406 1692 505 1774 plane
521 1691 701 1773 oportebat
716 1692 758 1754 ad
774 1690 899 1754 fructus
911 1691 1088 1755 habendos
1101 1692 1332 1774 exquisitioris
1343 1694 1462 1757 doctri-

178 1774 331 1836 “M'ap'as'
360 1815 431 1871 nae,
463 1795 667 1877 praescripta
697 1794 849 1857 eiusdem
874 1793 1020 1860 Scholae
1043 1798 1084 1860 ed
1111 1797 1249 1873 ratione,
1279 1797 1461 1860 secundum

208 1845 332 1955 {qm
359 1908 478 1983 optata
495 1898 629 1977 Nostra,
653 1900 763 1979 posita
779 1908 870 1976 sunt,
891 1909 926 1963 ut
943 1900 1097 1964 doctrina
1113 1900 1296 1983 Aquinatis
1317 1901 1351 1965 in
1368 1901 1462 1966 disci·

177 1970 332 2087 ffiffl.
360 2004 468 2086 plinas
484 2022 619 2085 quoque
635 2002 793 2084 physicas
820 2012 854 2066 et
871 2002 1051 2077 naturales,
1066 2003 1100 2065 in
1125 2022 1232 2087 eaque
1252 2004 1365 2068 studia
1381 2021 1462 2087 quae

185 2102 332 2214 ,mejiqu
359 2113 522 2169 vocantur
559 2104 704 2180 socialia,
741 2104 774 2167 vi
812 2124 874 2167 sua
910 2104 1048 2186 copiosa
1078 2104 1240 2183 influeret,
1270 2105 1462 2188 eisdemque

179 2168 330 2306 ¹lclllllnas⁸
358 2210 582 2275 communiret
604 2208 693 2271 viam
718 2216 790 2271 tum
815 2208 858 2272 ad
883 2207 1103 2290 multiplicem
1131 2210 1317 2273 cavendum
1343 2211 1461 2274 aetatis

179 2298 333 2430 tumel:
360 2334 513 2391 errorem,
533 2324 604 2376 tum
632 2311 675 2375 ad
702 2331 839 2375 omnem
866 2311 1018 2375 veritatis
1045 2314 1314 2394 progressionem
1342 2312 1461 2377 certius

201 2430 333 2507 ..naagr‘sta
359 2417 629 2482 consectandam.
654 2414 758 2481 Cuius
783 2417 830 2480 rei
854 2418 982 2493 caussa,
1006 2425 1139 2498 gratum
1165 2424 1226 2493 est,
1250 2416 1463 2499 providenter

179 2512 236 2546 '²²⁵'
359 2522 614 2603 liberaliterque,
630 2530 667 2585 ut
682 2520 756 2583 aliis
772 2540 907 2587 eramus
932 2519 1052 2584 litteris
1076 2518 1252 2595 cohortati,
1267 2530 1368 2584 aucta
1392 2538 1461 2582 esse

189 2663 332 2725 (mmm
360 2626 572 2706 magisteria:
587 2645 674 2708 quae
698 2625 897 2705 vosmetipsi
925 2624 1096 2706 superiore
1118 2641 1218 2701 anno,
1238 2624 1271 2686 in
1297 2632 1460 2688 conventu

221 2728 330 2841 femir·
359 2730 466 2810 pridie
491 2730 650 2793 calendas
664 2728 814 2812 Augusti
830 2727 958 2808 habito,
973 2726 1106 2791 dilectis
1123 2726 1200 2791 filiis
1217 2729 1395 2811 Deploige,
1411 2727 1462 2791 Dc

201 2808 331 2907 ”¹⁴ssth
358 2834 461 2913 Wulf‚
477 2836 562 2919 Nys,
577 2833 713 2919 Thiery,
728 2835 807 2897 viris
831 2833 983 2916 egregiis,
999 2833 1239 2898 demandastis.
1259 2834 1382 2917 Neque
1405 2835 1461 2897 mi·

186 2923 331 3039 ,κῶξηῗῧ
358 2957 420 3000 nus
441 2938 654 3020 providenter
678 2947 936 3020 opportuneque
962 2936 1045 2999 illud
1072 2947 1241 3018 putamus,
1257 2935 1302 3000 ab
1326 2957 1370 3001 eo
1392 2938 1462 3018 ipso

171 3006 189 3055 J
299 3025 305 3039 ⁸
358 3038 527 3117 Praeside,
542 3036 756 3101 hortantibus
768 3036 865 3099 vobis
881 3046 916 3098 et
931 3034 1132 3113 faventibus,
1149 3034 1287 3110 factum,
1303 3047 1342 3100 ut
1360 3036 1461 3102 Semi·

357 3144 487 3206 narium
500 3142 673 3226 quoddam
700 3142 863 3205 instituto
879 3140 1077 3204 adiunctum
1093 3142 1308 3219 excitaretur,
1324 3143 1359 3203 in
1376 3162 1461 3204 com-

356 3247 495 3312 modum
513 3256 547 3311 et
563 3245 705 3310 tutelam
730 3245 939 3320 clericorum,
954 3244 1012 3326 qui
1028 3263 1102 3307 sese
1127 3244 1255 3307 dedant
1270 3245 1460 3309 huiusmodi

355 3350 587 3415 excellentiori
615 3348 852 3433 philosophiae
870 3346 1101 3427 excolendos;
1126 3367 1269 3430 quorum
1287 3348 1461 3430 praecipue

354 3476 398 3517 ex
430 3472 570 3517 numero
601 3451 835 3535 philosophiae
866 3452 899 3513 in
928 3451 1031 3514 sacris
1058 3450 1256 3514 Seminariis
1285 3452 1460 3533 magistros

355 3560 472 3624 deceat
485 3558 619 3621 assumi.

234 3718 327 3765 eonsu-
400 3662 553 3725 lamvero
570 3671 639 3725 tam
656 3660 829 3743 praeclaro
844 3658 938 3742 operi
954 3668 1137 3741 tantaeque
1153 3660 1225 3741 spei
1241 3678 1331 3722 nunc
1353 3658 1458 3722 Nobis

194 3783 327 3845 hasprae·
354 3768 524 3830 inanimo
550 3777 600 3830 est
624 3766 728 3831 veluti
756 3766 928 3846 fastigium
958 3766 1142 3847 imponere,
1170 3763 1280 3846 ipsum
1307 3764 1459 3827 videlicet

200 3848 327 3963 zm?
355 3871 441 3937 curis
466 3870 593 3948 vestris,
613 3870 833 3934 Venerabiles
862 3869 1008 3945 Fratres,
1034 3888 1147 3931 rursus
1175 3869 1343 3951 enixeque
1369 3888 1457 3930 com·

177 3984 267 4037 mento,
278 3987 327 4027 sra-
356 3974 558 4053 mendando,
574 3982 606 4037 et
625 3974 789 4037 nonnulla
804 3973 995 4066 statuendo,
1011 3992 1079 4055 quo
1099 3969 1218 4035 melius
1234 3971 1277 4034 ad
1294 3968 1457 4055 perpetui·

177 4044 230 4091 tuit
242 4043 327 4092 Ponti·
555 4076 562 4091 .
846 4077 854 4090 ,

188 4108 238 4172 χιχ
250 4109 326 4157 lnstt-
355 4086 459 4141 tatem
476 4075 671 4158 frugiferum
692 4096 821 4159 suoque
844 4096 877 4138 m
902 4076 1031 4138 honore
1053 4084 1319 4156 permaneat.--
1342 4072 1457 4153 ltaque

198 4174 329 4289 5225st
355 4180 509 4244 volumus
527 4191 561 4244 ut
578 4180 640 4243 hoc
659 4180 853 4243 [nstitutum
874 4178 1024 4260 superius
1038 4177 1268 4260 Philosophiae
1288 4172 1456 4243 Tuomisti-

191 4310 242 4353 aaa
253 4306 329 4355 ratio-
354 4304 407 4347 σαι
423 4284 699 4365 adstructumque
711 4282 939 4347 Seminarium
956 4284 1003 4344 sic
1016 4282 1190 4361 habeatur,
1202 4302 1269 4345 non
1287 4293 1454 4360 tamquam

176 4385 241 4420 nem.
358 4386 595 4451 Universitatis
610 4386 774 4468 quiddam
791 4385 1008 4462 adscititium,
1019 4386 1078 4448 sed
1091 4384 1196 4449 immo
1210 4386 1258 4449 uti
1271 4406 1347 4468 pars
1357 4398 1455 4463 quae·
