3117 4859
363 369 411 454 96
534 386 716 437 srrsrocn
744 385 958 437 aucvccrcn
988 373 1010 400 “
1028 385 1281 436 norurarceu.
1304 363 1322 388 ”

226 549 336 593 pasrms
409 531 482 593 Iarn
514 531 721 594 venerabiles
745 531 888 604 Fratres,
916 529 994 593 illuc
1021 531 1112 593 unde
1126 549 1260 612 egressa
1275 541 1328 593 est
1349 531 1476 594 Nostra

194 615 232 714 οἵ
238 617 337 726 fffis‘ss'
363 635 448 698 redit
460 635 617 699 hortatio.
632 633 703 710 Eia,
716 645 870 718 pastores
881 654 1069 718 gregesque
1082 655 1201 698 omnes
1211 634 1256 697 ad
1267 637 1473 716 praesidium

183 725 337 844 ’Μρξέξῖ
363 759 505 820 magnae
524 739 684 820 Virginis,
701 739 860 821 proximo
879 740 1077 820 praesertim
1094 759 1218 816 mense,
1233 738 1358 804 fiducia
1374 740 1475 821 plena

231 845 332 915 currum,
361 844 566 926 confugiant.
594 842 679 906 Eam
710 843 843 927 publice
867 854 901 908 et
927 844 1096 925 privatim,
1122 843 1231 919 laude,
1256 865 1365 923 prece,
1389 846 1477 909 votis

190 912 335 1026 nmini
361 949 563 1029 compellare
579 951 763 1013 concordes
779 970 822 1012 ne
836 950 996 1014 desinant
1011 959 1047 1013 et
1062 951 1239 1014 obsecrare
1249 951 1397 1014 Matrem
1410 952 1474 1016 Dei

184 1037 335 1130 ,mssfj
361 1066 395 1115 et
411 1064 560 1116 nostram
576 1076 582 1116 :
599 1051 756 1116 Monstra
772 1062 803 1116 te
814 1074 879 1116 esse
895 1053 1044 1118 Matrem
1057 1059 1073 1116 !
1087 1055 1264 1118 Maternae
1276 1056 1321 1117 sit
1332 1054 1478 1120 clemen·

185 1142 336 1262 ‘ffl‘ffjjjss
362 1158 429 1220 tiae
445 1157 525 1232 eius,
542 1156 702 1222 familiam
715 1176 811 1221 suam
823 1159 1013 1222 universam
1026 1179 1157 1222 servare
1166 1161 1211 1223 ab
1222 1161 1317 1223 omni
1328 1159 1477 1241 periculo

183 1262 336 1381 253¹ssssssss
362 1259 574 1336 incolumem,
591 1260 633 1322 ad
660 1261 727 1323 veri
745 1261 891 1324 nominis
907 1262 1172 1344 prosperitatem
1188 1263 1368 1339 adducere,
1383 1283 1476 1345 prae·

183 1380 337 1451 ceruleus
362 1382 460 1446 cipue
484 1363 517 1426 in
543 1374 660 1427 sancta
685 1365 816 1427 unitate
842 1363 993 1429 fundare.
1023 1365 1103 1444 Ipsa
1126 1365 1314 1430 catholicos
1329 1368 1477 1430 cuiusvis

183 1440 334 1547 rssssf'd‘m
362 1469 473 1552 gentis
497 1469 645 1550 benigna
669 1469 826 1550 respiciat
846 1491 853 1546 ;
878 1480 912 1532 et
928 1469 1072 1534 vinculis
1088 1470 1175 1535 inter
1190 1490 1227 1534 se
1241 1473 1396 1536 caritatis
1417 1473 1474 1535 ob·

363 1577 504 1648 strictos,
521 1574 698 1639 alacriores
728 1575 829 1640 saciat
857 1587 890 1639 et
916 1578 1163 1641 constantiores
1180 1579 1224 1641 ad
1241 1579 1475 1642 sustinendum

363 1679 533 1762 religionis
548 1679 660 1754 decus,
681 1701 750 1763 quo
765 1681 865 1744 simul
888 1683 980 1745 bona
999 1684 1150 1746 maxima
1165 1683 1385 1748 continentur
1399 1685 1474 1747 civi-

362 1786 450 1850 tatis.
482 1784 655 1868 Respiciat
686 1805 766 1848 vero
799 1785 1043 1868 benignissima
1079 1787 1291 1865 dissidentes,
1322 1789 1475 1852 nationes

362 1909 503 1971 magnas
520 1899 622 1972 atque
638 1889 793 1965 illustres,
809 1889 941 1952 animos
958 1890 1089 1954 nobiles
1115 1889 1284 1974 officiique
1305 1891 1475 1954 christiani

362 2013 541 2058 memores:
562 1995 783 2058 saluberrima
793 1995 825 2055 in
838 1994 903 2057 illis
913 1995 1080 2058 desideria
1089 1995 1246 2058 conciliet
1256 2005 1291 2059 et
1299 1994 1476 2058 conciliata

361 2100 474 2165 ioueat
491 2110 680 2183 eventuque
695 2099 857 2182 perficiat.
875 2101 934 2164 Eis
950 2101 1007 2183 qui
1021 2101 1187 2164 dissident
1203 2121 1249 2163 ex
1264 2100 1408 2178 oriente,
1422 2099 1476 2163 illa

361 2203 464 2266 etiam
482 2203 591 2267 valeat
608 2213 679 2267 tam
693 2203 798 2268 eflusa
810 2225 913 2286 quam
927 2202 1130 2286 profitentur
1138 2224 1219 2286 erga
1230 2205 1339 2286 ipsam
1353 2203 1476 2285 religio,

362 2316 502 2390 tamque
529 2307 637 2371 multa
652 2309 685 2370 in
703 2309 774 2371 eius
790 2309 932 2390 gloriam
950 2319 984 2372 et
1002 2309 1173 2390 praeclara
1190 2309 1279 2373 iacta
1301 2310 1474 2372 maiorum.

365 2414 424 2480 Eis
440 2413 498 2495 qui
522 2411 689 2476 dissident
706 2434 751 2476 ex
765 2413 952 2489 occidente,
967 2414 1081 2478 valeat
1105 2413 1405 2477 beneficentissimi
1421 2433 1476 2495 pa·

364 2520 495 2584 trocinii
510 2518 682 2592 memoria,
698 2537 767 2599 quo
783 2518 855 2599 ipsa
869 2518 1034 2599 pietatem
1051 2519 1084 2580 in
1100 2539 1136 2582 se
1147 2519 1300 2582 omnium
1312 2519 1476 2592 ordinum¹

367 2644 426 2706 per
435 2631 564 2686 aetates
577 2621 699 2685 multas
710 2621 883 2698 eximiam,
893 2632 926 2684 et
938 2623 1095 2703 probavit
1108 2632 1143 2686 et
1155 2623 1354 2686 muneravit.
1370 2621 1475 2686 Utris-

367 2746 432 2808 que
459 2737 492 2788 et
516 2723 645 2800 ceteris,
669 2723 874 2807 ubicumque
885 2735 973 2800 sunt,
1003 2726 1115 2789 valeat
1139 2747 1209 2790 vox
1236 2744 1304 2788 una
1331 2723 1476 2807 supplex

366 2827 606 2893 catholicarum
634 2829 795 2910 gentium,
812 2838 845 2892 et
861 2849 930 2892 vox
946 2829 1059 2893 valeat
1076 2829 1212 2907 Nostra,
1226 2831 1270 2893 ad
1287 2838 1473 2893 extremum

366 2933 520 3016 spiritum
537 2933 688 2997 clamans
706 2955 713 2994 :
729 2929 887 2995 Monstra
902 2942 933 2995 te
943 2953 1011 2996 esse
1026 2932 1176 2998 Matrem
1193 2937 1209 2997 !

201 3039 339 3086 Benedicti·
412 3035 544 3098 Interea
560 3035 749 3098 divinorum
767 3055 943 3099 munerum
960 3037 1134 3118 auspicem
1154 3035 1474 3115 benevolentiaeque

367 3140 512 3202 Nostrae
535 3149 667 3216 testem,
694 3139 836 3220 singulis
859 3139 954 3204 vobis
972 3140 1129 3223 cleroque
1156 3161 1195 3204 ac
1223 3139 1350 3222 populo
1366 3147 1473 3204 vestro

367 3243 602 3324 Apostolicam
619 3243 889 3306 benedictionem
907 3255 1120 3324 peramanter
1135 3243 1355 3327 impertimus.

410 3347 539 3411 Datum
581 3347 713 3409 Rornae
751 3346 843 3428 apud
886 3345 920 3412 S.
952 3348 1086 3411 Petrum
1117 3347 1173 3412 die
1202 3360 1227 3409 v
1267 3343 1471 3428 Septembris

366 3463 574 3526 Mocccxcu
589 3447 811 3513 Pontificatus
828 3447 945 3513 Nostri
962 3469 1054 3515 anno
1070 3450 1203 3515 decimo
1218 3459 1347 3515 octavo.

1035 3608 1134 3675 LEO
1158 3609 1221 3673 ΡΡ.
1246 3608 1347 3675 XIII.
