3117 4859
414 376 465 425 na
493 375 657 425 rosamo
685 376 858 427 usuram.
1151 376 1212 442 19¹

106 528 176 593 Dei
192 530 302 595 edixit
318 528 558 613 quaerendum,
575 530 720 610 primum
737 529 771 592 id
789 529 938 612 quidem,
950 535 984 589 at
1002 546 1070 588 non
1082 537 1118 589 ut
1133 536 1220 590 cete·
1278 536 1367 635 ὦ.

109 652 147 697 ra
163 632 429 714 praeteriremus,
446 630 536 694 Nam
553 650 653 694 usura
681 631 909 713 praesentium
931 650 1051 707 rerum,
1066 650 1220 712 quaeque
1283 647 1354 708 1893·

109 737 189 800 inde
221 736 385 800 honestae
416 736 583 800 habentur
611 734 864 814 delectationes,
899 735 926 797 si
958 735 1138 797 virtutibus
1168 736 1219 798 vel
1345 762 1396 809 Res
1473 779 1475 782 -

109 841 275 923 augendis
286 840 339 903 vel
356 838 612 903 remunerandis
628 839 827 902 adiumento
842 848 942 918 sunt;
958 839 1049 916 item,
1065 840 1092 901 si
1109 839 1219 921 splen·
1244 833 1386 941 etim?

109 944 174 1010 dor
189 955 222 1009 et
238 945 348 1008 cultus
365 954 517 1007 terrenae
541 943 696 1020 civitatis,
719 964 764 1007 ex
787 964 855 1025 quo
883 944 1076 1007 mortalium
1101 964 1218 1009 conso·
1246 959 1282 1007 eis
1297 965 1352 1005 ura-

110 1048 215 1114 ciatio
236 1047 415 1131 magnifice
431 1048 623 1124 illustratur,
643 1047 856 1129 splendorem
873 1058 907 1112 et
921 1047 1049 1111 cultum
1072 1049 1222 1112 imitatur
1238 1040 1384 1153 JJJJ’anm

108 1152 257 1218 civitatis
273 1152 448 1230 caelestis3
464 1150 546 1215 nihil
563 1162 614 1215 est
631 1152 721 1234 quod
746 1151 885 1215 rationis
914 1152 1095 1234 participes
1120 1154 1218 1217 dede·
1247 1156 1312 1202 miro
1323 1154 1389 1202 ordi·

109 1268 196 1333 ceat,
222 1254 304 1319 nihil
332 1256 423 1338 quod
451 1254 599 1317 consiliis
629 1255 825 1319 adversetur
851 1256 984 1319 divinis.
1012 1257 1144 1321 Auctor
1171 1270 1221 1318 est
1248 1227 1380 1333 ζζζῇἶῖἷθ’

110 1361 202 1424 enirn
220 1371 359 1423 naturae
375 1360 469 1422 Deus
494 1358 653 1439 idemque
669 1358 820 1439 gratiae;
846 1379 914 1422 non
931 1371 969 1424 ut
996 1360 1102 1424 altera
1126 1362 1221 1424 alteri

110 1464 238 1530 officiat
253 1476 355 1547 atque
380 1465 468 1530 inter
482 1484 518 1526 se
544 1464 781 1547 digladientur,
797 1466 855 1527 sed
882 1474 919 1529 ut
939 1466 1049 1527 amico
1073 1464 1220 1546 quodam
1273 1514 1281 1523 .

110 1571 248 1635 foedere
262 1580 393 1645 coeant,
409 1576 446 1632 ut
462 1588 593 1649 nempe,
610 1577 752 1650 utraque
777 1568 872 1647 duce,
887 1569 1112 1632 immortalem
1129 1569 1221 1632 illam

109 1674 321 1750 beatitatem,
343 1674 505 1756 adquam
524 1672 681 1735 mortales
705 1673 776 1735 nati
804 1692 929 1748 sumus,
945 1675 1093 1738 faciliore
1118 1674 1222 1737 veluti

109 1780 177 1856 via,
192 1778 377 1862 aliquando
392 1778 636 1859 contingamus.
647 1815 690 1827 -
706 1776 755 1841 At
772 1797 851 1840 vero
864 1778 1017 1841 homines
1034 1778 1223 1861 voluptarii,

111 1904 187 1947 sese
218 1884 317 1947 unice
341 1892 503 1959 amantes,
527 1882 585 1964 qui
613 1882 837 1964 cogitationes
862 1902 939 1945 suas
966 1902 1084 1946 omnes
1109 1884 1142 1945 in
1172 1904 1223 1946 res
1251 1851 1400 1966 ,ufgffi

112 1989 259 2053 caducas
284 1986 455 2052 humiliter
482 1986 654 2063 abiiciunt,
671 1996 707 2050 ut
733 2006 768 2049 se
785 1985 904 2049 tollere
919 1986 1020 2049 altius
1045 1996 1225 2069 nequeant,
1251 1999 1401 2031 morarum

114 2093 149 2171 ii,
176 2093 288 2176 potius
316 2110 418 2175 quam
449 2112 470 2155 a
500 2090 599 2152 bonis
629 2090 750 2172 quibus
781 2089 934 2153 fruantur
963 2090 1224 2171 aspectabilibus
1251 2057 1361 2173 ‘wa'

115 2206 255 2261 aeterna
270 2205 443 2278 appetant,
465 2196 574 2276 ipsum
592 2194 692 2275 plane
717 2194 879 2257 amittunt
905 2193 1114 2258 aeternitatis
1130 2214 1224 2276 aspe·
1247 2180 1402 2310 ww

114 2311 218 2379 ctum,
233 2302 276 2364 ad
292 2300 521 2364 conditionem
539 2299 684 2381 prolapsi
702 2298 980 2380 indignissimam.
998 2299 1118 2381 Neque
1134 2300 1223 2363 enirn
1253 2310 1401 2388 remeares-

114 2404 267 2469 divinum
297 2404 431 2467 Numen
464 2403 616 2485 graviore
648 2401 715 2465 ulla
746 2422 857 2484 poena
883 2402 1027 2467 multare
1053 2405 1224 2470 hominem
1251 2382 1328 2425 rrum.

115 2511 235 2593 possit,
249 2530 351 2592 quam
368 2528 472 2592 quum
502 2506 595 2570 illum
614 2506 847 2570 blandimenta
874 2510 1096 2591 voluptatum,
1121 2511 1226 2573 bono·

116 2635 191 2679 rum
209 2616 487 2697 sempiternorum
505 2612 748 2688 immemorem,
758 2611 852 2675 omni
868 2613 938 2675 vita
949 2614 1136 2676 consectari
1152 2634 1225 2696 per·

118 2718 255 2781 miserit.
278 2755 322 2765 -
338 2717 369 2780 A
388 2736 455 2798 quo
471 2726 585 2779 tamen
615 2716 763 2797 periculo
787 2715 842 2779 ille
863 2716 1013 2799 profecto
1037 2718 1144 2781 aberit
1161 2720 1228 2801 qui,
1318 2745 1405 2794 Talem

115 2824 247 2905 pietate
263 2822 396 2885 Rosarii
413 2840 502 2897 usus,
517 2838 603 2903 quae
620 2820 652 2883 in
671 2819 729 2883 illo
746 2829 979 2902 proponuntur
994 2843 1016 2884 a
1025 2821 1138 2903 gloria
1160 2844 1226 2902 my·
1254 2811 1405 2925 mm

116 2927 231 3002 steria,
246 2934 376 2989 attenta
393 2933 521 3008 repetet
539 2922 771 3006 frequentique
789 2926 958 2989 memoria.
974 2928 1137 3008 Mysteria
1161 2937 1228 2991 ete·
1255 2942 1365 3000 sarium,

118 3030 190 3093 nim
214 3048 254 3092 ea
274 3039 361 3105 sunt,
384 3031 417 3092 in
445 3029 567 3111 quibus
592 3028 814 3091 clarissimum
842 3029 1032 3092 christianis
1060 3032 1228 3094 mentibus
1255 3010 1396 3056 duramen·

1348 3090 1370 3120 ς.

117 3134 307 3217 praesertur
328 3132 440 3196 lumen
458 3134 501 3195 ad
519 3131 732 3213 suspicienda
758 3132 857 3210 bona,
872 3154 967 3215 quae,
983 3135 1046 3196 etsi
1072 3137 1228 3198 obtutum
1256 3080 1380 3202 lima

117 3237 295 3301 oculorum
321 3236 495 3318 effugiunt,
521 3236 581 3298 sed
607 3244 697 3299 certa
732 3246 886 3299 tenemus
921 3234 988 3301 fide
1013 3258 1230 3319 praeparasse
1254 3212 1407 3332 mm,

120 3340 234 3405 Deum
244 3339 459 3423 dilegentibus
469 3362 510 3406 se.
523 3342 694 3404 Docemur
706 3342 795 3417 inde,
807 3352 960 3419 mortem,
973 3362 1040 3405 non
1058 3342 1228 3406 interitum
1257 3334 1410 3448 mirarica·

120 3466 194 3511 esse
220 3447 337 3509 omnia
364 3446 539 3510 tollentem
568 3456 668 3529 atque
695 3446 875 3523 delentem,
901 3447 961 3510 sed
994 3446 1228 3529 migrationem
1314 3436 1321 3448 ’

120 3550 491 3633 commutationemque
518 3553 615 3615 vitae.
644 3552 825 3629 Docemur,
855 3552 1013 3616 omnibus
1040 3553 1072 3615 in
1101 3552 1230 3615 caelum

122 3674 257 3718 cursum
279 3662 415 3735 patere;
432 3674 602 3739 quumque
618 3655 677 3719 illo
701 3656 872 3721 Christum
894 3658 1061 3720 cernimus
1082 3677 1231 3721 remean-

123 3766 203 3833 tem,
231 3756 476 3821 reminiscimur
512 3758 595 3821 felix
634 3760 704 3823 eius
732 3761 957 3842 promissum:
994 3761 1085 3825 Vada
1106 3772 1234 3843 parare

123 3862 214 3926 vobis
232 3860 344 3925 lecum.
374 3863 554 3940 Docemur,
569 3864 639 3926 sore
665 3874 810 3945 tempus,
826 3884 929 3947 quum
955 3862 1117 3947 absterget
1141 3866 1234 3928 Deus

123 3986 249 4029 emnem
274 3965 446 4030 lacrimam
470 3965 511 4030 ab
535 3968 635 4031 ocrrlr's
659 3969 791 4046 nastris,
817 3978 851 4032 et
874 3990 972 4051 neque
996 3970 1111 4047 luctus,
1135 3992 1235 4052 neque

124 4070 256 4147 clamor,
272 4084 370 4151 neque
383 4069 476 4133 dolor
489 4072 556 4134 erit
569 4070 658 4133 ultra
668 4096 683 4147 ,·
703 4072 761 4134 sed
778 4083 903 4153 semper
915 4095 987 4135 cum
1012 4074 1156 4137 Domino
1170 4076 1233 4137 eri·

126 4195 207 4249 mres,
222 4173 349 4237 similes
369 4173 444 4251 Dei,
470 4176 625 4259 quoniam
651 4174 834 4239 videbimus
855 4198 929 4240 eum
952 4178 1051 4240 sr'cutr'
1074 4187 1123 4241 est
1131 4204 1147 4254 ,·
1162 4179 1237 4259 pati

127 4288 268 4342 torrente
282 4276 459 4360 aolrmtatis
473 4281 551 4358 eius,
565 4280 761 4345 Sanctorum
773 4281 868 4359 cives,
878 4283 909 4343 in
929 4302 1072 4363 magnae
1083 4280 1235 4363 Reginae

129 4392 162 4448 et
183 4384 304 4448 Matris
321 4383 516 4448 beatissima
539 4386 787 4450 communione.
803 4422 846 4433 -
863 4386 958 4450 Haec
983 4395 1098 4448 autem
1126 4386 1234 4449 consi-
