3117 4859
203 1152 234 1199 ²⁹
317 1128 608 1203 &mamm
637 1125 689 1181 est
716 1118 888 1201 proprium
916 1117 1139 1181 humanarum
1175 1118 1428 1182 institutionum

179 1198 252 1315 ζὲᾖζ
318 1204 342 1275 fl
478 1208 561 1349 get
577 1219 699 1303 legum,
716 1229 752 1285 ut
770 1221 852 1284 nihil
876 1222 909 1283 in
935 1221 982 1283 eis
1007 1222 1050 1284 sit
1078 1229 1147 1285 tam
1172 1221 1300 1285 bonum
1325 1231 1434 1304 atque

317 1279 341 1427 a
396 1240 424 1399 Ι
478 1324 617 1427 putile,
632 1326 721 1409 quod
744 1324 796 1389 vel
821 1326 1030 1389 consuetudo
1047 1344 1114 1388 non
1139 1333 1257 1401 mutet,
1272 1325 1323 1390 vel
1340 1336 1433 1389 tem-

162 1368 293 1511 ξξξξςξξξξ
318 1428 503 1503 &main
526 1448 608 1510 pora
629 1448 695 1491 non
714 1420 891 1507 invertant,
907 1430 958 1492 vel
985 1450 1095 1493 mores
1118 1450 1184 1491 non
1201 1438 1431 1511 corrumpant.

149 1504 291 1614 mm„
319 1532 374 1598 Sic
392 1534 425 1595 in
443 1530 600 1595 militanti
619 1532 770 1596 Ecclesia
793 1532 868 1611 Dei,
884 1535 917 1597 in
939 1554 1006 1616 qua
1033 1554 1110 1597 cum
1127 1533 1283 1597 absoluta
1298 1554 1336 1596 ac
1353 1554 1432 1616 per·

169 1629 291 1744 ‘lgm
318 1646 419 1719 petua
432 1634 707 1700 immutabilitate
722 1638 897 1701 doctrinae
912 1639 1056 1701 varietas
1073 1636 1272 1719 disciplinae
1289 1638 1431 1699 coniun-

163 1760 290 1824 tempm,
317 1741 416 1823 gitur,
433 1758 500 1801 non
518 1758 593 1803 raro
608 1740 720 1804 evenit
732 1750 777 1817 ut,
788 1760 873 1823 quae
889 1742 970 1805 olim
987 1742 1058 1806 iure
1075 1744 1263 1825 meritoque
1274 1741 1307 1804 in
1318 1742 1431 1804 bono·

139 1824 217 1875 Μ’·
318 1864 352 1907 re
371 1854 405 1905 et
425 1844 458 1907 in
481 1843 589 1927 pretio
605 1844 826 1920 habebantur,
842 1845 1025 1927 aliquando
1047 1845 1272 1923 obsolescant,
1287 1855 1320 1909 et
1335 1864 1429 1927 quae

318 1950 408 2013 bona
432 1949 464 2012 in
493 1948 648 2011 instituto
677 1958 783 2027 erant,
798 1970 838 2013 ea
863 1950 980 2013 labens
996 1960 1089 2014 aetas
1120 1949 1220 2015 faciat
1251 1950 1429 2015 deteriora.

141 2049 292 2165 mim}
319 2052 392 2119 Sub
407 2054 514 2135 prima
534 2050 706 2115 Ecclesiae
721 2052 872 2127 exordia,
888 2073 964 2115 cum
982 2073 1098 2116 sensus
1115 2052 1240 2119 Christi
1257 2055 1289 2118 in
1318 2053 1430 2116 homi·

185 2180 292 2243 ugiatn
318 2177 399 2221 num
429 2165 542 2220 mente
568 2156 692 2220 arctius
723 2158 901 2235 insidebat,
928 2155 1127 2240 Episcopos,
1143 2157 1265 2240 quibus
1292 2176 1432 2219 summa

141 2244 293 2359 „ffix'ssrsfa
319 2280 427 2326 rerum
441 2260 663 2343 gerendarum
681 2262 862 2325 commissa
879 2272 960 2339 erat,
975 2262 1127 2326 delectos
1144 2261 1345 2326 Sacerdotes
1361 2258 1429 2322 sibi

139 2376 194 2425 sint
204 2376 292 2425 Ponti·
319 2365 428 2430 socios
444 2363 615 2427 addidisse
636 2364 818 2427 memoriae
845 2366 1006 2428 traditum
1034 2373 1095 2440 est,
1118 2384 1260 2445 quorum
1287 2361 1431 2427 consilio

143 2440 293 2556 „amm
319 2480 354 2534 et
371 2468 557 2532 ministerio
569 2467 603 2530 in
619 2468 828 2549 gravioribus
840 2469 1013 2533 Ecclesiae
1029 2468 1174 2550 negotiis
1185 2477 1364 2532 uterentur.
1378 2464 1429 2527 Hi

182 2571 296 2685 Μξζξξξξ
322 2571 532 2649 Sacerdotes,
547 2570 747 2635 Assessores
763 2579 797 2633 et
812 2570 909 2655 quasi
922 2569 1083 2651 Episcopi
1098 2567 1253 2646 Senatus,
1266 2564 1432 2631 Canonici

143 2701 294 2766 „imm
321 2676 402 2741 dicti
419 2684 506 2753 sunt,
522 2694 566 2737 ex
583 2694 623 2738 eo
647 2674 725 2758 quia
745 2673 777 2737 in
796 2672 1015 2738 observandis
1046 2674 1168 2757 regulis
1195 2672 1432 2737 ecclesiasticis

142 2766 295 2881 morib
321 2780 486 2845 cautiores
502 2788 536 2844 et
559 2777 789 2861 diligentiores
814 2788 910 2841 erant
937 2777 1064 2854 ceteris,
1080 2787 1114 2840 et
1130 2798 1204 2841 earn
1221 2779 1324 2840 vitam
1340 2776 1430 2838 vive·

144 2897 221 2946 varta
239 2914 294 2947 mu·
321 2884 414 2959 bant,
437 2892 473 2947 ut
500 2902 691 2945 mensuram
718 2882 864 2945 nominis
896 2880 1085 2962 implerent.
1107 2880 1336 2964 Quamobrem
1365 2898 1429 2961 pro

144 2978 294 3081 Iasum*
322 2998 412 3053 certo
428 2988 622 3052 habendum
636 2995 687 3051 est
704 2988 746 3050 ad
768 2988 1032 3050 conservandam
1050 2988 1311 3050 ecclesiasticam
1329 2984 1430 3047 disci·

323 3092 459 3177 plinam,
472 3091 719 3158 Canonicorum
736 3089 920 3171 dignitates
932 3092 976 3154 ab
989 3090 1086 3155 initio
1102 3090 1205 3154 fuisse
1227 3090 1430 3155 constitutas

322 3198 378 3274 ita,
395 3207 430 3260 ut
446 3196 503 3278 qui
520 3216 577 3259 eas
592 3195 769 3271 obtineret,
784 3194 818 3257 id
835 3192 974 3257 haberet
986 3195 1107 3271 oneris,
1123 3204 1161 3259 ut
1186 3215 1290 3279 opera
1305 3202 1338 3256 et
1353 3190 1429 3255 offi-

322 3302 381 3365 ciis
406 3301 580 3365 adiuvaret
597 3297 817 3380 Episcopum,
832 3309 867 3361 et
883 3300 916 3360 in
941 3298 980 3361 iis
996 3318 1082 3380 quae
1104 3299 1274 3381 pertinent
1290 3299 1333 3361 ad
1361 3296 1430 3359 cul·

192 3442 296 3495 Nm,
322 3414 394 3471 tum
411 3416 444 3470 et
455 3406 497 3469 ad
516 3422 635 3479 mores,
654 3422 727 3465 sese
739 3414 915 3485 tamquam
931 3403 1107 3486 exemplar
1123 3404 1251 3467 clericis
1268 3402 1428 3467 inferiori-

144 3509 297 3623 ξξξξέιξξξξξξ
323 3513 384 3576 bus
408 3509 603 3591 impertiret.
618 3506 668 3571 At
692 3506 903 3588 temporibus
929 3508 1052 3571 uostris
1079 3507 1230 3571 nonnulli
1257 3515 1345 3583 sunt,
1369 3505 1427 3587 qui

170 3644 299 3691 tum,
323 3614 483 3697 pristinae
514 3610 734 3674 institutionis
764 3610 990 3687 immemores,
1006 3610 1253 3675 Canonicorum
1285 3608 1427 3689 collegia

158 3704 296 3835 camp:
321 3728 496 3799 tamquam
520 3712 760 3777 honoratorum
787 3713 922 3788 ordines
948 3734 1020 3778 esse
1044 3724 1232 3792 autumant,
1248 3714 1282 3777 in
1307 3712 1428 3795 quibus

143 3835 295 3885 nnarinul·
323 3821 450 3887 nullum
467 3840 561 3897 onus,
577 3820 635 3883 sed
649 3818 824 3901 dignitatis
842 3828 973 3884 tanturn
991 3831 1024 3883 et
1040 3820 1177 3887 honoris
1200 3821 1289 3885 tituli
1312 3819 1428 3883 inhae-

163 3901 295 4015 lugam
322 3936 424 3990 reant.
439 3924 496 3988 Ex
512 3943 580 4006 quo
593 3922 629 3986 lit
643 3931 689 4001 ut,
700 3943 775 3987 cum
790 3924 976 3987 humanum
988 3925 1032 3988 sit
1044 3945 1130 3988 onus
1145 3924 1312 4007 defugere,
1323 3924 1428 3987 hono·

134 4032 268 4096 junctum,
322 4051 374 4094 res
390 4038 424 4093 et
439 4029 622 4111 dignitates
648 4037 818 4110 appetere,
834 4047 900 4092 non
918 4048 1040 4109 parvus
1056 4029 1099 4093 sit
1125 4048 1284 4093 numerus
1299 4046 1427 4105 eorum,

175 4112 295 4211 om?
320 4136 377 4218 qui
390 4130 682 4209 studeant,saltem
695 4132 832 4195 honoris
842 4133 1256 4209 caussa,interCanonicos
1267 4130 1429 4215 cooptari.

174 4232 294 4341 §firm
320 4239 451 4305 Multae
477 4238 611 4319 quidem
629 4256 668 4300 ac
696 4236 816 4319 plenae
840 4238 1047 4318 querelarum
1065 4240 1165 4301 datae
1190 4250 1269 4302 sunt
1285 4240 1327 4301 ad
1353 4236 1429 4299 Nos

169 4365 218 4406 tem
229 4358 295 4407 decet
320 4342 453 4407 litterae
470 4341 512 4403 ab
531 4337 719 4421 Episcopis,
735 4339 792 4419 qui
808 4357 907 4420 aegre
924 4338 1033 4402 lerunt
1055 4339 1239 4402 honoribus
1263 4349 1297 4402 et
1313 4337 1427 4421 digni·
