3117 4859
469 388 590 439 rxnux
617 386 870 439 auxuxrrcus
1172 388 1242 457 323

132 547 180 593 tur
191 555 279 608 saepe
291 538 413 595 civitatis
430 540 524 595 forma
536 540 618 594 novis
631 540 767 610 imperiis,
786 541 939 612 quaelicet
958 540 1063 595 fuerint
1081 550 1181 613 contra
1197 540 1245 611 jus

131 625 255 693 invecta,
268 627 386 695 agnosci
406 637 504 682 tamen
517 628 673 682 constituta
692 627 807 696 debent,
820 626 888 683 boni
901 628 1009 699 publici
1022 644 1118 683 causa.
1132 628 1178 681 Ob
1188 627 1244 683 boc

131 728 203 781 ergo
214 712 474 781 bonum,debemus
486 714 988 785 sincerafideobseqninmpraestare
998 713 1033 769 iis
1043 713 1091 783 qui
1102 729 1244 769 summam

131 799 246 870 imperii
258 810 356 855 tenent
368 803 459 867 noyn.
472 830 508 841 -
523 802 650 857 lnculcat
663 801 766 856 iterum
780 801 912 856 Pontifex
924 800 1003 870 leges
1028 818 1046 855 a
1070 799 1244 870 principibus

131 888 208 943 latas
219 888 423 942 discernendas
435 905 501 943 esse
513 889 550 943 ab
563 888 692 958 ipsorum
705 887 835 957 imperio,
847 904 902 943 uec
919 888 1014 943 officio
1024 904 1076 942 suo
1090 886 1153 941 illos
1167 887 1244 943 cives

132 979 236 1035 deesse
249 978 297 1048 qui
307 980 386 1046 leges
398 978 519 1048 injustas
531 977 650 1033 minime
663 987 834 1047 servant,ast
847 977 925 1033 omni
938 994 994 1047 ope
1002 976 1145 1047 principes
1153 977 1243 1031 addu-

132 1078 203 1122 cunt
214 1078 245 1122 ut
258 1068 322 1121 illas
334 1067 481 1135 abrogent.
496 1068 541 1121 lta
556 1082 589 1121 se
604 1066 688 1135 primi
702 1065 858 1121 Christiani
871 1076 1021 1134 gesserunt
1034 1065 1172 1120 adversus
1192 1066 1244 1119 im-

131 1155 205 1226 perii
213 1154 322 1209 romani
331 1154 475 1224 principes
483 1168 528 1222 70,
535 1154 710 1224 -illamque
721 1155 798 1207 viam
809 1163 925 1209 teneant
935 1164 1048 1224 oportet
1058 1154 1095 1209 ad
1105 1155 1243 1210 tuendam

130 1243 299 1312 religionem
317 1259 417 1296 omnes
434 1241 546 1311 probati
565 1240 642 1297 cives
653 1261 661 1307 ;
674 1258 728 1295 nec
747 1240 796 1295 ulli
809 1241 876 1296 licet
893 1240 1018 1312 partium
1037 1242 1133 1295 studio
1152 1242 1241 1297 zelum

131 1331 277 1401 religionis
290 1340 462 1399 postponere
476 1342 514 1395 71.
531 1358 562 1368 -
575 1329 707 1384 Pontifex
719 1329 754 1383 iis
776 1328 824 1399 qui
842 1328 924 1383 aliter
945 1328 1083 1383 adversus
1109 1329 1243 1398 Galliam,

132 1421 216 1473 aliter
227 1420 364 1473 adversus
375 1416 489 1472 ltaliam
502 1417 597 1487 ipsum
609 1433 641 1471 se
653 1433 752 1485 gerere
765 1417 952 1485 contendunt,
963 1416 1118 1486 respondet
1131 1432 1162 1472 se
1171 1416 1243 1471 nihil

131 1516 245 1576 praeter
257 1506 364 1559 bonum
374 1505 518 1573 religionis
530 1503 607 1574 apud
620 1504 716 1558 varias
723 1512 825 1573 gentes
839 1503 951 1570 sectari,
960 1514 1046 1574 atque
1060 1518 1243 1572 summopere

132 1592 278 1660 religionis
299 1591 437 1647 interesse
457 1600 485 1646 et
508 1592 619 1645 Galliae
637 1592 844 1659 gubernatores
865 1590 902 1643 ab
920 1590 1054 1643 omnibus
1067 1589 1195 1658 agnosci,
1214 1599 1244 1644 et

134 1678 239 1732 Sedem
252 1680 450 1749 Apostolicam
463 1680 491 1731 in
505 1678 645 1747 integram
660 1679 821 1732 libertatem
835 1676 972 1731 vindicari
988 1688 1030 1741 71.
1044 1706 1078 1715 -
1095 1676 1185 1732 Hisce
1198 1676 1242 1733 lit·

132 1765 203 1820 teris
212 1768 342 1821 levamen
356 1766 525 1837 sibimetipsi
537 1782 572 1820 ac
581 1764 817 1820 eminentissimis
826 1765 1008 1820 Praesulibus
1018 1765 1149 1820 Pontifex
1157 1780 1243 1837 quae·

132 1852 199 1907 sivit
209 1853 238 1907 in
246 1854 388 1922 praesenti
400 1853 548 1908 Ecclesiae
556 1850 958 1907 discrimine.Devotissimum
968 1852 995 1904 in
1006 1852 1243 1919 Gallos,animum

132 1939 375 2011 significat,atque
387 1941 492 2010 gaudet
506 1957 563 1995 uua
574 1950 670 1995 mente
682 1940 831 1994 Praesules
842 1955 954 1993 summo
963 1938 1076 1993 Pastori
1086 1939 1243 1995 adhaerere

133 2040 225 2093 7¹·72·

169 2145 217 2194 14.
239 2144 498 2197 INSTRUCTIO
511 2145 555 2195 ad
569 2146 747 2207 Episcopos
765 2144 937 2193 American
958 2144 1154 2203 septentrio-

131 2235 220 2282 nalis
240 2235 280 2283 de
304 2235 425 2284 scholis
453 2234 624 2283 nonnullis
648 2233 899 2282 arohldloecesls
923 2233 952 2281 S.
983 2232 1080 2281 Pauli
1114 2234 1154 2283 do

133 2321 620 2373 Minnesota.-3Mail1892.
1088 2331 1152 2384 pag.
1208 2328 1242 2383 73

170 2439 307 2507 Quaestio
324 2440 360 2493 de
373 2438 534 2493 catholicae
545 2437 701 2506 juventutis
721 2435 899 2491 institutione
918 2452 1007 2503 nuper
1020 2434 1129 2503 agitata
1142 2434 1193 2491 fuit
1212 2437 1242 2491 in

133 2524 262 2579 Statibus
272 2525 439 2580 foederatis
448 2525 599 2580 Americae
609 2540 624 2591 7
627 2542 692 2593 3.-
704 2524 848 2579 Constans
860 2524 887 2579 S.
900 2522 968 2577 Sedi
977 2523 1140 2577 sollicitudo
1150 2523 1203 2578 fuit
1213 2535 1243 2579 ut

131 2612 265 2681 juventus
274 2612 390 2667 salutari
400 2612 530 2668 doctrina
540 2612 713 2667 imbueretur
721 2626 737 2677 7
740 2626 806 2678 3.-
814 2610 998 2666 Instructioni
1008 2610 1093 2665 datae
1103 2628 1121 2664 a
1130 2612 1158 2665 S.
1169 2611 1242 2665 Con·

134 2700 300 2765 gregatione
312 2699 469 2754 adhaesere
481 2699 579 2753 Patres
594 2697 714 2753 Concilii
728 2696 956 2763 Baltimorensis,
968 2713 1002 2751 ac
1012 2696 1127 2751 scholas
1147 2696 1244 2750 catho-

134 2786 205 2839 licas
225 2786 375 2857 erigendas
398 2795 565 2855 curaverunt
586 2798 628 2853 73.
648 2814 683 2824 -
705 2785 750 2838 De
770 2783 874 2849 agendi
896 2784 1006 2838 ratione
1026 2782 1243 2853 Archiepiscopi

137 2872 167 2923 S.
187 2870 266 2924 Pauli
287 2885 385 2927 exorta
398 2873 600 2940 controversia,
613 2881 805 2940 opportunum
824 2870 903 2925 duxit
923 2871 952 2925 S.
967 2871 1057 2925 Sedes
1077 2888 1136 2925 rem
1156 2870 1194 2925 ad
1212 2887 1245 2925 se

132 2974 253 3014 avocare
264 2959 614 3029 73·74—S.Congregatio
627 2962 728 3013 tolerat
739 2959 957 3013 conventionem
971 2960 1007 3012 ab
1017 2958 1243 3028 Archiepiscopo

134 3047 244 3115 initam,
256 3060 284 3102 et
310 3049 471 3119 Episcopos
493 3049 531 3103 ad
554 3050 736 3103 concordiam
759 3048 931 3103 servandam
952 3048 1081 3101 hortatur
1099 3061 1140 3112 74.
1154 3077 1189 3087 -
1209 3049 1243 3101 ln

133 3134 271 3203 proximis
285 3137 416 3190 Comitiis
428 3135 645 3205 Archiepiscopi
664 3144 841 3203 cognoscant
860 3134 896 3189 de
917 3134 1027 3189 ratione
1050 3133 1244 3205 prospiciendi

134 3224 229 3293 pueris
241 3225 289 3293 qui
303 3225 408 3279 adeunt
422 3224 536 3279 scholas
549 3224 678 3294 publicas
691 3237 783 3293 74-75.

170 3355 741 3407 15.L1TTERAEAPOSTOL1GAE
752 3355 793 3404 do
803 3352 1011 3416 indulgentia
1023 3350 1155 3403 “Totius

134 3444 287 3505 quoties”
305 3444 358 3492 die
371 3444 454 3493 festo
471 3442 632 3503 Delparae
652 3442 798 3503 virginis
811 3440 851 3489 de
871 3440 985 3489 Monte
1005 3439 1154 3489 carmelo

134 3543 155 3582 a
169 3530 625 3599 christifidelibuslucranda.
640 3529 725 3578 -16
739 3529 823 3578 Mali
838 3527 918 3577 1892
1083 3538 1148 3591 pag.
1209 3523 1243 3588 76

172 3645 309 3701 Concedit
332 3644 463 3699 Pontifex
482 3643 695 3711 indulgentiam
714 3640 872 3712 plenariam
896 3639 1024 3697 (Toties
1045 3640 1160 3709 quoties
1173 3650 1200 3710 ),
1212 3641 1241 3695 in

133 3734 262 3790 ecclesiis
281 3734 325 3787 vel
347 3731 478 3786 oratoriis
498 3732 620 3800 publicis
642 3731 766 3785 universi
790 3726 899 3784 ordinis
920 3727 1124 3796 carmelitidis,
1146 3728 1193 3782 die
1209 3724 1242 3781 16

131 3820 200 3891 Julii
213 3820 379 3874 lucrandam
392 3820 429 3873 ab
442 3818 575 3873 omnibus
589 3818 799 3885 Fidelibus,sub
812 3816 957 3872 consuetis
968 3815 1181 3870 conditionibus
1197 3816 1239 3883 76.

130 3938 169 3948 -
182 3908 378 3963 Praesentium
392 3905 550 3961 litterarum
564 3906 605 3959 vis
619 3918 646 3960 et
659 3908 815 3962 auctoritas
827 3903 987 3960 vindicatur
1000 3904 1091 3971 76·77.

169 4024 215 4074 16.
239 4024 450 4074 EPIs‘rOth
469 4021 512 4071 ad
530 4024 709 4085 Episcopos
726 4022 916 4085 provinciae
936 4021 1152 4071 Neo-Ebora-

130 4109 769 4163 censrsnescnorrs.-23Ma111892
1086 4120 1150 4170 pag.
1206 4102 1240 4169 78

169 4220 323 4289 Pergratae
345 4218 475 4274 Pontifici
496 4218 608 4272 fuerunt
630 4217 799 4272 Antistitum
820 4216 940 4283 litterae,
963 4232 1036 4285 quae
1059 4224 1087 4268 et
1113 4214 1239 4283 ipsorum

130 4307 223 4362 zelum
237 4316 265 4360 et
277 4306 413 4376 pietatem
426 4306 455 4359 in
470 4306 499 4359 S.
514 4305 619 4359 Sedem
638 4306 793 4359 declarant.
808 4301 952 4357 Sollicitus
965 4312 993 4356 et
1006 4302 1067 4371 ipse
1081 4300 1116 4354 de
1129 4301 1238 4355 Ameri-

130 4412 206 4452 cana
220 4395 361 4463 Ecclesia,
380 4393 504 4463 graviter
523 4392 586 4446 tulit
607 4393 741 4447 miseram
765 4390 1007 4445 concertationem
1033 4405 1123 4457 nuper
1147 4398 1238 4444 ortam
