3117 4859
342 369 389 442 70
467 375 584 427 snrsr.
605 373 736 427 anosr.
760 361 781 390 “
800 371 985 426 uurrrrrs
1002 371 1278 424 cnnrsrrrune.
1298 348 1315 375 ’¹

339 513 661 594 opportunitatibus,
688 513 720 576 in
748 513 918 576 desiderio
943 521 995 576 est
1008 535 1016 574 ε
1031 521 1183 575 attamen
1202 510 1235 574 in
1251 509 1341 574 hanc
1356 530 1450 592 spem

340 617 492 681 nonnulli
515 637 560 681 ex
587 626 699 682 vestra
721 617 795 700 ipsa
822 616 998 681 iuventute
1023 617 1091 680 iam
1108 615 1212 697 probe
1229 622 1452 678 succrescunt.

342 718 409 802 Qui
426 722 452 783 si
471 724 614 804 utraque
629 730 792 784 ornentur
805 719 906 784 laude
922 729 956 784 et
971 719 1147 784 doctrinae
1173 739 1277 783 sanae
1303 728 1338 783 et
1365 717 1453 782 vitae

342 824 587 906 integerrimae,
599 827 625 888 si
643 823 815 906 religionis
831 823 1019 888 catholicae
1035 825 1153 887 ardore
1169 832 1203 886 et
1219 843 1298 887 vera
1313 822 1453 885 caritate

343 930 471 1008 patriae
493 929 670 1005 ducantur,
685 927 773 991 laeta
791 946 873 991 sane
899 938 997 992 erunt
1024 926 1120 992 vobis
1141 926 1352 990 incrementa
1375 925 1453 989 alla·
1478 947 1482 952 ’

342 1032 420 1110 turi,
436 1051 475 1095 ac
491 1031 634 1096 subinde
650 1031 801 1106 laetiora,
816 1030 891 1094 aliis
907 1030 1058 1114 pluribus
1074 1031 1117 1094 ad
1133 1030 1363 1094 sacerdotium
1375 1028 1454 1092 inci·

207 1160 322 1202 ersacras
343 1135 422 1198 tatis
437 1136 605 1217 exemplo.
624 1135 744 1218 Neque
772 1135 806 1199 id
835 1134 946 1198 minus
971 1135 1159 1198 curandum
1180 1137 1453 1217 sperandumque

180 1215 322 1332 wife&
343 1247 393 1302 est
415 1240 458 1302 de
481 1239 667 1322 virginibus
693 1239 806 1315 sacris,
821 1239 1014 1302 educationi
1042 1239 1167 1303 deditis
1188 1237 1346 1321 puellari;
1369 1257 1454 1320 quae

168 1333 321 1452 {mm}
343 1342 484 1406 floreant
509 1343 543 1407 in
569 1342 675 1408 tutela
699 1343 904 1408 Catharinae
926 1351 1067 1421 vestrae,
1082 1342 1249 1424 sapientis
1267 1342 1408 1424 virginis
1421 1351 1454 1404 et

221 1477 320 1523 eoncor-
343 1446 549 1512 invictae.—
561 1447 678 1512 Unum
689 1446 822 1510 videtur
838 1445 1015 1529 reliquum,
1029 1447 1063 1510 in
1081 1466 1149 1530 quo
1164 1467 1224 1511 vos
1241 1454 1456 1528 peramanter

188 1536 321 1642 ‘'2215ss
343 1551 536 1630 hortemur;
562 1551 626 1615 hoc
654 1560 705 1614 est
733 1561 769 1614 ut
795 1550 986 1614 animorum
1014 1551 1289 1615 coniunctionem
1316 1549 1455 1633 diligere

188 1655 321 1760 ‘maisi‘
343 1666 445 1739 atque
461 1656 569 1721 colere
585 1675 628 1719 ne
644 1655 791 1718 cessetis.
808 1653 854 1717 Et
870 1653 981 1718 clerici
997 1655 1085 1720 inter
1100 1673 1137 1718 se
1153 1664 1188 1718 et
1203 1655 1291 1718 inter
1317 1675 1354 1717 se
1382 1654 1455 1719 laici

169 1729 198 1762 η
254 1748 260 1767 ’
343 1759 496 1822 homines
523 1760 652 1842 quanta
677 1761 829 1823 maxima
855 1760 925 1824 fieri
941 1760 1048 1843 possit
1069 1758 1237 1823 sentiendi
1264 1757 1456 1842 agendique

343 1863 547 1928 conveniant
556 1863 776 1928 similitudine
790 1889 797 1928 :
813 1873 994 1949 utrumque
1003 1885 1084 1928 vero
1093 1863 1247 1929 ordinem
1260 1862 1456 1944 copulatum

343 1979 378 2032 et
404 1967 605 2033 obstrictum
632 1978 745 2032 teneat
770 1969 941 2032 vinculum
953 1966 1169 2050 perfectionis,
1184 1967 1307 2031 caritas
1323 1965 1458 2032 Christi

170 2107 323 2166 arnapa.
346 2071 444 2154 Quae
458 2073 663 2134 documenta
691 2079 727 2136 ut
755 2090 797 2135 eo
820 2071 967 2154 amplius
994 2071 1028 2136 in
1055 2071 1177 2135 animis
1202 2069 1351 2147 valeant,
1376 2069 1457 2133 libet

190 2167 281 2282 cm
289 2165 324 2270 ᾗ
345 2175 549 2258 compellare
565 2195 625 2238 vos
641 2176 761 2240 eodem
778 2175 939 2260 pastorali
955 2176 1070 2239 studio
1086 2195 1154 2258 quo
1168 2174 1311 2238 maiores
1327 2184 1456 2237 vestros

170 2285 324 2336 hortatione:
346 2281 465 2342 beatus
482 2277 627 2361 Cyrillus
643 2299 662 2342 e
678 2279 893 2360 patriarchali
909 2280 1034 2344 throno
1049 2278 1284 2362 alloquebatur
1294 2277 1359 2360 (1):
1374 2277 1456 2341 Imi-

344 2395 461 2461 tamur,
472 2383 680 2447 dilectissimi
692 2392 724 2446 et
734 2383 880 2447 caelestis
890 2383 1070 2446 vocationis
1077 2383 1265 2464 participes,
1281 2382 1458 2456 imitemur,

337 2499 401 2570 pro
414 2507 477 2551 sua
495 2485 651 2568 cuiusque
673 2486 840 2566 facultate,
861 2489 973 2551 ducem
989 2498 1119 2551 nostrae
1132 2487 1254 2551 salutis
1267 2495 1301 2549 et
1313 2507 1458 2548 consum·

345 2601 504 2655 mutarem
525 2591 655 2655 IESUM.
677 2591 928 2674 Amplectamur
940 2613 1022 2668 eam,
1044 2613 1128 2674 quae
1155 2592 1191 2655 in
1214 2591 1323 2654 altum
1345 2588 1458 2666 evehit,

344 2695 454 2759 animi
467 2694 705 2771 demissionem,
719 2705 752 2758 et
764 2696 947 2772 caritatem,
961 2717 1044 2778 quae
1069 2717 1126 2759 nos
1147 2695 1215 2759 Deo
1238 2693 1418 2776 conrnngit,
1431 2702 1461 2756 ct

348 2819 427 2881 erga
450 2798 569 2862 divina
599 2797 754 2880 mysteria
783 2799 945 2864 sinceram
966 2799 1083 2883 fidem.
1105 2799 1316 2864 Divisionenc
1336 2798 1460 2880 sugite,

349 2901 452 2966 vitate
465 2901 717 2979 discordiam...,
741 2913 859 2967 mutua
884 2925 942 2967 vos
965 2904 1105 2968 caritate
1121 2905 1260 2984 fovete,·
1289 2901 1459 2968 Chn'stum

349 3005 462 3070 audite
475 3005 649 3069 edicentene
660 3029 672 3070 .·
687 3007 729 3070 ln
745 3005 802 3070 hoc
814 3017 999 3090 cognoscent
1011 3028 1122 3071 omnes
1135 3005 1215 3089 quta
1229 3005 1384 3088 disct'pnli
1397 3003 1462 3067 mn

192 3129 260 3188 cujus
270 3131 325 3191 qut.
349 3109 435 3188 estis,
449 3109 482 3172 si
499 3109 701 3174 dilectionem
723 3111 905 3176 habueritis
926 3111 1154 3193 adinvicem(
1172 3113 1193 3194 ).
1207 3147 1251 3159 -—
1268 3109 1362 3174 Inter
1376 3108 1459 3171 mul·

172 3190 323 3298 ’ξζξζζξζ
350 3212 482 3296 tiplices
505 3225 618 3279 autern
646 3215 775 3280 fructus
805 3215 956 3280 eiusdem
987 3215 1270 3279 concordissimae
1300 3213 1460 3286 caritatis,

168 3310 323 3415 7¹22&
350 3318 528 3402 singularis
554 3319 692 3403 quidam
710 3319 797 3383 inest
813 3320 846 3382 in
864 3339 914 3399 eo,
929 3322 1020 3403 quod
1038 3320 1140 3384 vestri
1163 3320 1221 3403 qui
1238 3319 1282 3381 de
1297 3315 1459 3399 religione

173 3441 239 3474 aaa
256 3429 324 3500 aare
349 3423 516 3487 dissident
543 3424 640 3500 cives,
667 3421 726 3487 tali
753 3424 916 3505 exemplo
941 3423 1114 3498 commoti,
1136 3422 1335 3506 propensius
1355 3421 1458 3484 addu-

171 3501 324 3618 ctansaeffl
349 3538 469 3591 cantur
484 3535 521 3591 ut
537 3526 738 3592 catholicam
755 3525 929 3591 vobiscum
946 3528 1221 3592 communionem
1244 3532 1411 3607 expetant
1425 3532 1457 3586 et

172 3604 323 3712 {fflffissf'
351 3632 530 3715 requirant.
554 3630 658 3696 Cuius
683 3631 729 3694 rei
754 3640 913 3695 eventum
940 3651 1045 3715 quum
1071 3632 1191 3695 merito
1207 3649 1268 3693 vos
1284 3639 1458 3712 tantopere

350 3736 531 3818 exoptetis,
543 3737 700 3799 eumdem
717 3735 780 3817 ipsi
798 3735 945 3817 urgeatis
962 3733 1112 3812 velimus,
1122 3746 1156 3799 et
1171 3736 1262 3817 apud
1279 3754 1339 3796 eos
1352 3730 1457 3796 omni-

350 3840 412 3902 bus
434 3839 638 3903 christianae
659 3837 881 3903 humanitatis
903 3837 1033 3916 officiis,
1047 3851 1082 3903 et
1097 3839 1224 3902 sanctis
1238 3837 1331 3920 apud
1349 3837 1456 3900 Deum

351 3943 525 4022 precibus;
548 3941 582 4007 id
599 3941 690 4026 quod
708 3962 728 4005 a
745 3941 854 4007 Nobis
878 3941 929 4006 vel
954 3942 1111 4026 proxime
1131 3951 1183 4006 est
1198 3941 1374 4006 catholicis
1391 3939 1457 4004 uni-

350 4047 452 4108 versis
469 4045 651 4118 indictum„

213 4171 324 4231 natja..
396 4147 474 4212 Hoc
490 4148 564 4213 loco
579 4150 682 4213 sentit
696 4151 848 4214 maxime
862 4151 996 4215 animus
1008 4170 1047 4214 ac
1058 4152 1175 4215 testari
1183 4151 1288 4234 gestit
1297 4149 1458 4214 sollicitae

172 4231 324 4338 ζῇξζζᾜ
350 4251 500 4316 caritatis
516 4252 595 4328 vim,
610 4272 676 4334 qua
700 4274 769 4330 vos,
792 4262 961 4337 quotquot
985 4254 1121 4336 coptico
1135 4256 1218 4318 estis
1234 4256 1300 4319 ritu
1316 4274 1338 4318 a
1354 4251 1457 4318 Nobis

382 4402 402 4435 r.
420 4388 503 4440 Horra,
516 4387 540 4432 in
552 4388 677 4444 mysticam
689 4389 806 4440 Coenam.
818 4399 837 4434 x
846 4404 877 4435 cx
887 4389 997 4443 dimna
1009 4405 1029 4436 c.
1042 4392 1087 4437 un.
1100 4415 1127 4425 -
1145 4405 1166 4438 a.
1185 4391 1283 4444 loom.
1296 4400 1358 4443 xtra,
1369 4401 1406 4449 35
