3117 4859
340 340 412 427 276
504 352 687 404 nrrsronn
711 350 947 402 APosl'oblcn
976 338 992 369 ·‘
1016 351 1245 403 Pannonian.
1262 326 1278 356 ¹¹

161 522 301 571 manin·
337 505 428 590 quod
445 506 509 569 hoc
526 515 677 587 tempore
694 504 881 586 perspicere
899 505 929 565 in
942 504 1161 569 orientalibus
1172 504 1324 567 videmur
1337 504 1450 567 multo

178 586 313 701 ‘m‘bffs
338 610 504 673 mitiorem
517 627 597 690 erga
607 606 792 671 catholicos
803 608 963 681 animum,
975 607 1044 669 imo
1054 606 1312 687 propensionem
1326 625 1449 687 quarn·

184 718 313 832 dmm
337 714 415 777 dam
433 711 663 777 benevolentis
680 711 872 775 voluntatis.
892 710 929 773 ld
948 710 1148 775 nominatim
1162 730 1228 773 non
1243 710 1350 773 multo
1365 717 1451 771 ante

176 798 310 906 adm,
335 820 500 903 apparuit,
516 838 594 882 cunr
619 818 747 882 scilicet
774 819 907 894 nostris,
924 818 1060 899 pietatis
1076 822 1190 880 caussa
1211 820 1243 881 in
1262 815 1443 881 Orientem

160 914 309 1029 hfffjm·
334 924 494 999 advectis,
509 923 646 1007 egregia
662 922 884 987 humanitatis
901 922 1139 1005 amicitiaeque
1155 923 1316 1004 praestita
1331 920 1448 985 officia

175 1045 309 1122 ‹imprqe-
335 1030 488 1092 vidimus.
505 1064 549 1077 —
565 1027 687 1109 Itaque
701 1048 737 1089 os
750 1027 913 1091 Nostrum
920 1036 1012 1109 patet
1025 1026 1074 1091 ad
1087 1048 1151 1103 vos,
1166 1036 1336 1110 quotquot
1351 1028 1450 1101 estis,

158 1118 309 1225 {wlff
334 1153 455 1215 graeco
470 1132 578 1196 aliove
595 1131 748 1195 orientali
766 1132 842 1207 ritu,
859 1130 1032 1196 Ecclesiae
1048 1132 1236 1196 catholicae
1259 1132 1447 1197 discordes.

336 1237 545 1317 Magnopere
571 1234 723 1313 velimus,
750 1244 884 1318 reputet
911 1234 1143 1318 unusquisque
1168 1236 1260 1319 apud
1288 1256 1324 1299 se
1350 1234 1448 1297 illam

336 1325 544 1428 Bessq'rionis
560 1338 603 1401 ad
620 1348 732 1419 patres
748 1348 877 1401 vestros
893 1339 1029 1422 plenam
1053 1342 1177 1405 amoris
1201 1340 1451 1423 gravitatisque

334 1444 533 1507 orationem:
549 1442 640 1523 Quae
649 1442 740 1506 nobis
749 1444 1050 1525 relinqueturapud
1058 1444 1166 1507 Deum
1177 1444 1453 1526 responsi0,quare

333 1570 355 1611 α
359 1548 533 1628 fratribus
546 1548 653 1610 divisi
653 1548 835 1628 fuerimus,
846 1568 925 1629 quos
944 1559 981 1610 ut
1002 1549 1113 1613 uniret
1130 1548 1224 1612 etad
1237 1570 1338 1611 unum
1361 1548 1453 1609 ove'le

336 1652 502 1735 redigeret,
515 1653 580 1733 ipse
590 1651 755 1715 descendit
768 1650 807 1714 de
818 1651 911 1729 caelo,
929 1654 1122 1716 incarnatus
1132 1663 1166 1715 et
1178 1652 1351 1735 crucifixus
1366 1652 1452 1713 est?

335 1763 540 1839 quaenostra
555 1753 699 1833 defensio
709 1754 775 1817 erit
785 1754 878 1836 apud
884 1765 1027 1837 posteros
1037 1766 1162 1819 nostres
1172 1757 1193 1819 ?
1204 1776 1265 1817 nen
1268 1754 1454 1835 patiamur

336 1850 420 1934 ledee,
432 1858 553 1920 Patres
573 1858 710 1939 optimi:
726 1878 789 1920 non
805 1858 984 1922 habeamus
999 1859 1296 1935 leancsentente'am,
1316 1879 1377 1920 nen
1395 1858 1451 1919 ita

335 1966 421 2029 male
447 1962 539 2027 nobis
563 1964 771 2027 consulamus
790 1974 823 2027 et
845 1966 975 2029 nostris.
991 2004 1034 2015 -
1056 1966 1153 2049 Quae
1178 1968 1244 2029 sint
1272 1966 1449 2049 postulata

158 2047 311 2162 Am&
336 2065 471 2139 Nostra,
487 2064 590 2144 probe
606 2084 717 2145 perse
734 2065 805 2145 ipsa
833 2073 867 2127 et
884 2084 996 2129 coram
1014 2065 1090 2129 Deo
1115 2067 1320 2149 perpendite.
1339 2064 1447 2127 Nulla

158 2179 222 2226 vina
233 2195 310 2255 move·
335 2171 472 2252 quidem
490 2170 639 2233 humana
656 2190 700 2248 re,
716 2170 775 2233 sed
792 2172 932 2237 caritate
948 2171 1072 2248 divina,
1089 2174 1342 2255 communisque
1354 2170 1447 2234 salu-

157 2244 311 2369 }{ffl'ffij
336 2274 380 2337 tis
391 2272 505 2337 studio
516 2271 669 2355 permoti,
685 2272 992 2338 reconciliationem
1009 2276 1347 2357 coniunctionemque
1363 2294 1445 2339 curn

205 2374 312 2452 eandm
338 2376 490 2441 Ecclesia
520 2395 659 2439 romana
685 2377 891 2442 suademus:
922 2380 1194 2443 coniunctionem
1224 2378 1445 2459 intelligimus

161 2446 313 2570 203ᾚῇ
338 2481 472 2564 plenam
488 2499 527 2542 ac
544 2480 727 2561 perlectam
747 2480 846 2543 :talis
870 2482 960 2546 enim
986 2503 1058 2547 esse
1085 2483 1179 2546 nullo
1205 2484 1306 2546 modo
1331 2490 1447 2565 potest

155 2571 311 2703 plmffl‘m
338 2602 386 2659 ea,
402 2601 488 2664 quae
505 2582 587 2644 nihil
605 2582 751 2664 amplius
768 2583 917 2661 inducat,
931 2605 1033 2667 quam
1050 2596 1177 2649 certam
1195 2586 1343 2668 aliquam
1359 2586 1447 2665 dog.

160 2710 259 2769 opertet,
281 2702 311 2750 in
339 2696 468 2748 matum
504 2686 749 2750 credendorum
776 2689 993 2751 concordiam
1022 2688 1257 2772 fraternaeque
1293 2688 1447 2753 caritatis

180 2768 313 2898 ηζξζξζξζ
337 2790 649 2854 commutationem.
676 2789 767 2853 Vera
804 2794 997 2856 coniunctio
1034 2794 1122 2858 inter
1152 2795 1352 2859 christianos
1383 2806 1450 2872 est,

214 2899 313 2947 nauare
339 2913 440 2977 quam
455 2905 573 2957 auctor
590 2892 762 2957 Ecclesiae
778 2896 887 2961 IESUS
899 2897 1089 2963 CHRISTUS
1102 2899 1248 2963 instituit
1263 2898 1451 2979 voluitque,

173 2965 312 3014 ‘mmm'
340 3000 372 3061 in
391 2997 467 3062 fidei
484 3007 517 3061 et
533 2997 705 3080 regiminis
722 3000 852 3063 unitate
868 3002 1064 3065 consistens.
1082 3002 1196 3085 Neque
1211 3012 1260 3065 est
1273 3024 1332 3065 cur
1350 3000 1447 3064 dubi-

235 3128 315 3179 Nullo
339 3100 421 3177 tetes,
437 3101 620 3183 quidquam
639 3109 818 3183 propterea
833 3102 884 3167 vel
903 3102 975 3166 Nos
991 3104 1043 3169 vel
1070 3124 1277 3168 successores
1301 3102 1447 3167 Nostros

163 3196 223 3273 Μ’
231 3194 313 3271 chee·
339 3206 382 3268 de
393 3205 464 3268 iure
477 3216 598 3281 vestro,
611 3205 653 3267 de
664 3204 942 3285 patriarchalibus
955 3208 1146 3291 privilegiis,
1158 3209 1201 3272 de
1214 3207 1325 3270 rituali
1338 3206 1451 3269 cuius-

163 3276 313 3391 ”iiim
341 3328 406 3391 que
433 3308 605 3372 Ecclesiae
623 3308 867 3371 consuetudine
891 3310 1110 3377 detracturos.
1121 3310 1257 3395 Quippe
1266 3311 1330 3373 hoc
1342 3311 1444 3373 etiam

164 3393 316 3515 mezu-m
340 3414 414 3492 fuit,
424 3414 582 3496 idemque
599 3422 650 3477 est
664 3425 829 3495 perpetuo
839 3414 987 3479 futurum
999 3417 1034 3479 in
1045 3417 1187 3481 consilio
1196 3415 1444 3498 disciplinaque

223 3537 315 3583 magro
341 3515 561 3597 Apostolicae
577 3514 676 3580 Sedis
699 3517 857 3598 positum,
873 3519 1015 3601 propriis
1038 3520 1199 3602 cuiusque
1215 3519 1331 3602 populi
1347 3518 1448 3600 origi·

163 3594 317 3714 dffjzssd
342 3620 439 3683 nibus
456 3618 675 3701 moribusque
686 3640 731 3683 ex
747 3640 856 3702 aequo
872 3632 905 3685 et
921 3623 1013 3687 bono
1027 3642 1094 3687 non
1116 3643 1215 3706 parce
1232 3624 1386 3689 tribuere.
1404 3660 1448 3671 -

232 3768 317 3831 Ipsius
341 3723 390 3787 At
403 3742 481 3786 vero
491 3723 717 3804 redintegrata
728 3724 901 3789 nobiscum
914 3728 1284 3805 communione,rnirum
1296 3726 1450 3810 profecto

196 3833 317 3910 tieurgiqe
342 3836 469 3909 quanta
495 3825 655 3889 Ecclesiis
682 3828 800 3892 vestris
820 3828 980 3911 dignitas,
1006 3841 1171 3913 quantum
1195 3832 1307 3909 decus,
1331 3832 1450 3895 divino

179 3900 318 4027 xm
342 3948 488 4005 munere,
511 3929 657 3993 accedet.
675 3929 732 3994 Sic
759 3931 862 4012 igitur
888 3942 1033 3998 vestram
1050 3936 1200 4018 ipsorum
1228 3935 1451 4018 supplicatio-

218 4031 318 4077 ΝΜ
342 4052 420 4096 nem
437 4033 531 4096 Deus
547 4032 752 4115 perbenigne
770 4035 896 4112 audiat,
911 4036 981 4099 Fae
1000 4048 1121 4101 cessent
1142 4038 1319 4102 schemata
1344 4036 1452 4101 Eccle-

174 4092 318 4209 ffliffi
341 4136 471 4199 siarum
486 4135 539 4218 (¹),
563 4144 674 4218 atque,
693 4134 861 4219 congrega
887 4138 1047 4221 dispersos
1066 4151 1099 4203 et
1119 4141 1218 4203 reduc
1234 4150 1394 4215 errantes,
1419 4150 1455 4203 et

373 4382 392 4414 1.
408 4368 512 4417 Παῑσον
525 4361 558 4414 τὰ
571 4357 705 4431 σχίσματα
717 4366 772 4413 τῶν
785 4359 932 4427 ἐκκλησιῶν
946 4370 984 4429 (ln
993 4372 1071 4429 liturg.
1085 4373 1108 4419 S.
1116 4370 1211 4432 Basilii).
