3117 4859
195 388 246 437 ns
272 387 491 441 usserman
516 390 753 444 oroncusmx
780 390 824 441 1u
851 386 1038 441 anserum
1117 368 1166 458 65

76 538 170 603 lorma
178 540 210 603 in
222 539 287 603 illis
299 542 425 607 tradita
434 542 611 607 observata
621 543 735 607 inserti
746 542 866 619 lorent,
874 541 1000 606 eisdem
1012 559 1168 623 praesen·
1201 556 1336 645 Apffils

75 642 153 707 tibus
163 662 223 726 pro
238 644 338 727 plene
353 657 387 711 et
413 644 616 712 sufficienter
631 648 801 729 expressis
816 646 989 724 habentes,
1005 645 1070 711 illis
1084 646 1168 711 alias
1232 656 1307 720 1892.

76 747 103 811 in
115 767 172 812 suo
184 748 302 814 robore
314 752 552 835 permansuris,
563 752 727 816 latissime
742 760 776 816 et
788 751 982 832 plenissime
993 770 1033 815 ac
1041 751 1169 835 specie·
1247 743 1249 750 ’

76 848 138 915 liter
150 862 183 916 et
194 874 354 935 expresse
366 855 410 919 ad
428 853 586 920 effectum
603 854 830 936 praesentium
848 862 882 918 et
896 852 1082 918 validitatis
1097 873 1169 918 om·

77 954 155 1019 nium
171 966 203 1021 et
218 958 428 1042 singulorum
446 960 721 1042 praemissorum,
735 978 797 1041 pro
813 958 876 1023 hac
892 959 966 1023 vice
980 958 1173 1040 dumtaxat,

78 1056 170 1137 Motu,
180 1063 329 1141 scientia,
338 1073 373 1129 et
387 1065 567 1148 potestatis
577 1064 788 1147 plenitudine
803 1063 939 1147 paribus
955 1062 1073 1128 harum
1088 1084 1172 1147 quo·

77 1180 129 1242 que
150 1166 232 1229 serie
247 1168 461 1251 derogamus,
486 1169 674 1250 ceterisque
695 1168 871 1232 contrariis
897 1167 1174 1251 quibuscumque.
1201 1220 1206 1226 .

77 1264 227 1335 Volumus
253 1284 369 1339 autem
400 1275 492 1357 quod
518 1273 608 1338 idem
638 1273 868 1357 Hieronymus
890 1272 1174 1355 Archiepiscopus

77 1374 289 1441 authenticum
302 1377 479 1461 exemplar
488 1379 699 1444 decretorum
712 1386 746 1442 et
759 1386 910 1441 actorum
922 1377 1075 1441 omnium
1085 1395 1174 1459 quae

78 1477 105 1539 in
119 1477 199 1542 banc
214 1500 284 1543 rem
300 1481 393 1545 edita
408 1480 541 1559 suerint,
562 1480 605 1545 ad
627 1490 849 1545 memoratam
865 1480 1173 1563 Congregationem

79 1577 317 1647 Venerabilium
335 1584 492 1650 Fratrum
507 1584 709 1649 Nostrorum
725 1584 876 1649 eiusdem
892 1582 927 1649 S.
944 1583 986 1648 R.
1002 1583 1042 1649 E.
1057 1581 1174 1649 Cardi-

80 1684 192 1749 ualium
225 1688 325 1752 rebus
355 1688 653 1755 Consistorialibus
684 1688 912 1771 praepositam
945 1687 1175 1751 transmittere

80 1794 226 1865 teneatur,
238 1800 276 1855 ut
288 1812 329 1856 ea
345 1791 378 1855 in
390 1794 541 1856 eiusdem
555 1788 1030 1874 CongregationisTabulario
1041 1791 1084 1853 ad
1100 1808 1174 1871 per·

80 1900 202 1973 petuam
218 1896 264 1961 rei
290 1896 488 1961 memoriam
504 1896 746 1961 custodiantur.
769 1894 938 1961 Volumus
964 1892 1066 1957 etiam
1083 1892 1173 1976 quod

79 2003 288 2078 praesentium
303 2002 508 2067 Litterarum
526 2001 746 2084 transumptis
762 2001 864 2064 etiam
876 1998 1056 2082 impressis,
1071 2015 1174 2059 manu

79 2106 179 2167 tamen
191 2104 331 2169 alicuius
349 2103 482 2171 Notarii
499 2104 623 2188 publici
640 2102 839 2186 subscriptis
857 2110 891 2167 et
909 2101 1021 2184 sigillo
1035 2100 1175 2165 alicuius
1277 2118 1282 2123 “

79 2221 226 2285 personae
236 2208 270 2271 in
281 2208 507 2274 ecclesiastica
517 2207 683 2291 dignitate
692 2205 896 2271 constitutae
906 2203 1044 2268 munitis
1055 2204 1173 2267 eadem

78 2326 200 2389 prorsus
209 2310 291 2377 lides
302 2313 501 2378 adhibeatur
512 2314 546 2377 iu
558 2312 682 2376 iudicio
692 2320 727 2376 et
736 2322 834 2376 extra
846 2310 939 2387 illud,
951 2327 1038 2393 quae
1047 2309 1174 2373 eisdem

78 2416 295 2491 praesentibus
306 2415 529 2493 adhiberetur,
545 2415 573 2479 si
586 2414 795 2497 originaliter
808 2415 918 2478 forent
932 2411 1106 2477 exhibitae
1122 2408 1174 2474 vel

77 2527 226 2587 ostensae.
240 2522 333 2588 Nulli
349 2543 431 2608 ergo
446 2524 587 2589 omnino
603 2523 778 2587 hominurn
794 2521 894 2585 liceat
909 2519 998 2607 hanc
1013 2519 1173 2601 paginam

80 2619 212 2690 Nostrae
226 2627 458 2706 absolutionis,
473 2628 657 2705 divisionis
671 2626 933 2703 constitutionis,
949 2623 1174 2700 subiectionis,

78 2726 383 2811 dismembrationis,
397 2732 667 2809 adiudicationis,
688 2727 906 2805 fundationis,
926 2726 1113 2803 erectionis,
1124 2725 1173 2788 di·

79 2834 264 2911 stractionis,
280 2834 519 2911 attributionis,
536 2833 783 2910 declarationis,
798 2831 1053 2915 suppressionis,
1064 2829 1174 2892 extin-

78 2935 196 3015 ctionis,
210 2939 376 3016 elationis,
386 2936 600 3014 addictionis,
612 2935 855 3011 reservationis,
871 2932 1064 3010 sanctionis,
1072 2931 1175 2996 statui

79 3038 294 3123 derogationis
315 3051 351 3107 et
365 3043 550 3108 voluntatis
577 3042 768 3123 infringere,
782 3038 835 3103 vel
854 3040 884 3103 ei
900 3056 983 3103 ausu
999 3037 1177 3101 temerario

79 3148 232 3213 contraire
244 3172 253 3229 ;
267 3148 296 3211 si
316 3148 391 3231 quis
403 3158 520 3212 autem
545 3148 610 3211 hoc
625 3156 794 3212 attentare
804 3144 1077 3229 praesumpserit,
1092 3140 1177 3206 indi·

78 3252 261 3327 gnationem
291 3251 548 3335 Omnipotentis
565 3251 631 3315 Dei
658 3271 698 3314 ac
720 3250 901 3314 Beatorum
919 3246 1008 3311 Petri
1031 3255 1064 3309 et
1081 3245 1176 3309 Pauli

79 3348 310 3433 Apostolorum
327 3356 411 3421 Eius
421 3377 458 3421 se
475 3356 605 3421 noverit
621 3356 839 3419 incursurum.

115 3454 238 3523 Datum
251 3461 384 3525 Romae
399 3459 490 3545 apud
507 3460 670 3526 Sanctum
682 3460 818 3522 Petrum
830 3474 921 3519 anno
933 3452 1176 3517 incarnationis

79 3555 267 3629 Dominicae
282 3564 462 3630 millesimo
480 3564 761 3647 octingentesimo
777 3561 999 3643 nonagesimo
1019 3557 1177 3634 seeundo,

78 3666 184 3747 quinto
213 3670 372 3735 calendas
403 3669 499 3748 Maii,
528 3666 747 3733 Pontificatus
783 3664 899 3729 Nostri
933 3682 1023 3736 anno
1046 3661 1178 3727 decimo

78 3772 193 3851 quinto.
