3117 4859
365 368 385 437 3
391 366 435 438 52
718 366 839 417 INDEX
868 366 1121 421 Annut'rtctls

359 542 411 595 per
431 524 520 581 verba
534 524 660 593 Domini,
685 525 723 579 ab
736 523 877 592 Angelico
900 523 1028 593 doctore,
1040 525 1171 581 Concilio
1191 526 1281 593 Trid,
1301 535 1332 580 et
1353 524 1406 579 Pio
1426 524 1465 577 lx

359 612 509 679 illustrata,
531 612 654 681 indeque
667 620 745 682 patet
770 628 845 683 quae
858 611 916 667 sint
937 613 966 668 in
979 630 1064 669 sacra
1083 612 1298 684 praedicatione
1317 614 1465 669 tractanda

359 714 484 769 292-292,
506 730 540 740 -
564 700 728 755 Dolendum
742 702 848 755 multos
859 718 936 770 qnae
947 718 1000 757 sua
1012 712 1090 771 sunt,
1111 718 1169 757 non
1181 718 1255 772 quae
1266 702 1338 771 lesu
1351 700 1464 768 Christi,

358 788 472 859 saepius
485 802 623 859 quaerere
645 804 695 859 per
707 787 952 859 praedicationem
963 808 971 856 l
989 789 1038 861 qui
1051 789 1137 845 solita
1149 790 1364 861 praedicatione
1382 788 1464 842 omis·

358 894 399 947 sa,
412 876 604 933 conferentias
613 876 728 931 tradunt
738 892 814 945 quae
826 889 963 947 mentem,
971 893 1030 933 non
1039 879 1216 933 voluntatem
1228 887 1373 947 spectant,
1379 876 1463 946 phan-

357 964 518 1035 tasiamque
543 976 668 1031 movent,
681 974 710 1020 at
724 980 819 1019 mores
843 981 901 1019 non
926 966 1092 1037 corrigunt:
1115 968 1219 1037 quibus
1240 966 1360 1035 quidem
1384 966 1464 1033 longe

358 1052 486 1107 utiliores
506 1062 572 1107 sunt
592 1068 740 1107 sermones
765 1069 828 1107 rem
848 1054 989 1108 moralem
1012 1064 1179 1123 tractantes,
1200 1070 1290 1125 quum
1311 1051 1463 1109 Christiani

356 1140 471 1210 saepius
484 1140 571 1195 corde
584 1156 670 1211 quarn
684 1152 781 1195 mente
793 1141 927 1196 labantur
939 1156 999 1211 292.
1009 1172 1044 1181 -
1056 1144 1249 1213 Nequaquam
1261 1152 1361 1195 tamen
1372 1156 1462 1209 repro-

357 1230 440 1283 batur
452 1244 539 1283 omne
551 1226 795 1283 conferendarum
808 1245 917 1297 genus:
937 1239 1003 1284 sunt
1013 1230 1090 1284 enim
1104 1230 1193 1300 ipsae,
1205 1230 1230 1283 si
1242 1228 1360 1283 debitae
1371 1228 1462 1283 adsint

355 1316 518 1387 qualitates,
540 1315 624 1371 utiles
646 1332 680 1371 ac
693 1317 884 1385 necessariae,
904 1327 946 1373 tot
966 1318 1166 1387 grassantibus
1176 1318 1320 1373 erroribus
1344 1318 1382 1371 de
1393 1316 1461 1370 Fide

355 1418 415 1473 293.
436 1434 470 1443 —
495 1404 558 1459 Sint
572 1404 619 1473 qui
642 1404 835 1460 conferentias
855 1406 981 1475 tradunt,
1000 1405 1053 1460 viri
1073 1406 1178 1474 eximii,
1198 1406 1461 1476 Episcoporumqoe

352 1494 442 1548 ductu
455 1492 483 1547 ia
504 1492 647 1548 erroribus
661 1492 865 1563 impugnandis
884 1494 1042 1551 firmissimi
1064 1510 1123 1565 ²9}
1144 1526 1180 1535 -
1202 1496 1322 1549 Nullum
1346 1495 1460 1549 afferant

353 1580 548 1638 conserentiae
561 1580 764 1635 detrimentum
778 1582 960 1637 sermonibus
972 1583 1138 1650 moralibus,
1150 1583 1259 1653 quippe
1277 1584 1327 1653 qui
1339 1582 1459 1638 fidelium

354 1670 528 1727 multitudini
542 1668 635 1738 magis
648 1686 735 1739 quarn
748 1686 897 1725 sermones
909 1671 1046 1741 polemici
1056 1682 1185 1741 prosunt,
1198 1689 1252 1725 nec
1264 1671 1369 1725 minori
1381 1671 1459 1724 laude

352 1759 431 1829 digni
440 1754 567 1811 habendi
577 1765 652 1821 sunt,
663 1772 716 1809 nec
730 1756 852 1825 proinde
861 1758 906 1811 vel
916 1774 935 1811 a
946 1757 1115 1813 clarissimis
1130 1758 1294 1812 oratoribus
1303 1769 1370 1812 snnt
1381 1757 1458 1812 omit·

352 1846 431 1903 tendi
445 1859 571 1914 293-294.
593 1874 627 1884 -
639 1846 705 1914 Jam
725 1844 818 1899 forma
837 1847 1056 1916 reprehenditur
1067 1846 1096 1901 in
1109 1847 1304 1919 praedicando
1318 1856 1455 1917 ostnpata

351 1934 541 1991 Praedicandi
555 1948 686 1987 normam
700 1932 800 1987 delinit
814 1932 842 1988 S.
857 1935 986 1989 Thomas
1000 1949 1060 2003 29⁴·
1073 1963 1109 1974 -
1123 1936 1228 1989 Carent
1241 1935 1358 2004 saepius
1365 1943 1457 1987 nostra

353 2033 448 2079 aetate
459 2036 606 2077 sermones
615 2020 822 2091 perspicuitate
831 2032 860 2076 et
872 2022 1058 2091 simplicitate
1066 2024 1243 2092 evangelica,
1259 2039 1344 2077 neca
1357 2020 1456 2091 popolo

352 2110 550 2179 intelliguntur
565 2108 689 2179 ;pietate
701 2120 800 2163 carent
813 2120 842 2163 et
855 2110 884 2164 S.
899 2110 1022 2180 Spiritus
1034 2110 1181 2176 unctione;
1194 2112 1339 2164 humanae
1349 2109 1454 2179 sapien·

350 2198 408 2253 tiae
418 2196 512 2252 verbis
526 2194 621 2252 relerti
631 2206 705 2264 sunt,
717 2206 746 2251 at
755 2197 837 2253 vacui
852 2199 880 2253 S.
894 2198 1050 2270 Scriptura,
1060 2217 1134 2269 quae
1147 2200 1265 2270 quidem
1281 2193 1454 2267 eloquentiae

351 2302 450 2341 sacrae
475 2284 539 2339 lons
565 2283 735 2355 praecipuus
759 2284 857 2339 existit
869 2300 930 2352 294.
961 2315 995 2326 -
1018 2288 1083 2357 Qua
1094 2287 1131 2342 de
1152 2303 1183 2343 re
1208 2286 1333 2340 citantur
1357 2281 1452 2337 Leonis

352 2374 427 2429 Xlli
437 2374 524 2427 verba
538 2389 571 2427 ex
586 2371 701 2427 Litteris
712 2373 821 2441 encycl.
834 2372 872 2427 de
885 2372 988 2429 studiis
1003 2375 1169 2445 Scripturas
1182 2377 1291 2429 Sacrae
1299 2384 1452 2439 294299-

351 2460 505 2529 Scriptura,
520 2460 563 2514 Ss.
583 2460 723 2528 Patribus,
737 2460 933 2531 Conciliisque
946 2464 1093 2531 neglectis,
1104 2464 1278 2533 depromunt
1291 2461 1332 2515 illi
1349 2456 1451 2530 praedi·

348 2559 461 2605 catores
474 2566 509 2603 es
521 2547 648 2603 lontibus
661 2548 788 2617 profanis
801 2549 961 2605 sententias
973 2550 1107 2607 sinistrae
1123 2548 1352 2621 interpretationi
1371 2548 1450 2601 obno·

348 2636 409 2691 xias
424 2648 482 2704 295.
505 2666 540 2673 -
556 2636 658 2705 Arguit
681 2636 764 2691 Card.
791 2638 888 2692 Bausa
910 2638 1125 2707 praedicatores
1148 2656 1184 2693 ea
1195 2640 1362 2694 omittentes
1384 2648 1451 2705 quae

346 2722 436 2778 vitant
446 2724 577 2791 loturam,
603 2722 696 2779 ollicia
709 2733 817 2793 nostra,
831 2725 1032 2796 Redemptoris
1040 2727 1182 2797 justitiam
1196 2736 1331 2797 spectant
1343 2736 1401 2793 295.
1419 2751 1452 2759 -

347 2809 434 2865 Tales
454 2808 571 2880 quidem
585 2814 698 2879 placere
718 2810 905 2881 auditoribus,
917 2829 976 2867 non
997 2813 1135 2887 prodesse
1147 2812 1265 2883 cupiunt
1279 2830 1286 2865 ι
1299 2810 1348 2881 92ιί
1360 2812 1452 2865 iocosa

346 2898 510 2968 eloquentia
521 2907 636 2967 gustum
649 2898 808 2966 depravant
817 2900 895 2954 verbi
904 2900 1002 2970 divini,
1016 2900 1155 2972 bonisque
1167 2911 1234 2956 sunt
1243 2900 1393 2967 scandalo,
1402 2912 1451 2952 nec

346 2998 464 3057 prosunt
487 2986 650 3053 incredulis,
664 2984 712 3056 qui
735 2988 853 3056 quidem
865 2988 1004 3045 mirantur
1015 2992 1135 3059 pulchre
1157 2990 1244 3057 dicta,
1257 2990 1312 3044 sed
1330 2988 1451 3043 moribus

344 3090 402 3129 non
415 3075 606 3129 emendantur
616 3074 741 3143 ²95·²96·
753 3104 789 3113 -
802 3076 830 3129 S.
844 3076 1046 3147 congregatio,
1054 3077 1200 3133 Pontificis
1208 3078 1290 3147 jussa
1303 3089 1452 3146 exequens,

343 3162 402 3216 vult
415 3162 452 3217 ab
474 3162 627 3233 Episcopis
640 3172 667 3215 et
691 3162 892 3231 Superioribus
904 3165 969 3220 illos
990 3168 1097 3221 abusus
1109 3166 1193 3221 evelli
1213 3168 1266 3233 296
1290 3194 1329 3205 -
1341 3164 1452 3218 Praedi-

343 3249 428 3303 candi
453 3265 572 3304 munere
592 3259 751 3318 augeantur
776 3250 827 3305 viri
845 3250 952 3320 idonei,
978 3254 1161 3324 superiorum
1185 3254 1319 3309 examine
1343 3251 1452 3323 probati

342 3340 446 3407 296.-
465 3338 495 3393 Si
509 3356 543 3393 es
565 3339 660 3394 aliena
684 3339 741 3395 sint
761 3340 897 3409 dioecesi,
909 3342 1030 3397 afferant
1049 3344 1246 3399 testimonium
1267 3342 1452 3413 Superiorum

341 3428 505 3495 apo-297.—
514 3428 681 3496 Superiores
691 3428 848 3497 Regulares
861 3428 977 3484 nonnisi
990 3430 1110 3486 idoneos
1122 3432 1340 3502 praedicatores
1348 3428 1452 3486 consti·

340 3522 421 3569 tuant
434 3515 478 3569 vel
492 3514 645 3585 Episcopis
659 3517 864 3571 commendent
877 3534 884 3571 ε
902 3516 956 3572 hos
967 3518 1137 3574 Ordinarius
1146 3537 1164 3573 a
1175 3532 1255 3575 recta
1267 3518 1451 3591 praedicandi

340 3616 441 3656 norma
453 3602 620 3657 deficientes
640 3602 772 3673 corrigat,
792 3615 1067 3676 perseverantesque
1087 3606 1117 3661 in
1141 3624 1237 3662 errore
1256 3618 1392 3663 amoveat
1414 3606 1451 3661 ab

339 3688 434 3742 officio
446 3706 481 3743 ac
494 3690 593 3759 puniat
607 3704 667 3759 297.
681 3722 717 3731 -—
730 3692 857 3747 Confidit
871 3693 900 3747 S.
926 3694 1121 3764 congregatio
1133 3696 1298 3766 Episcopos
1319 3707 1348 3751 et
1361 3697 1448 3766 Supe-

337 3774 427 3831 riores
440 3778 599 3845 Regulares
621 3790 738 3835 strenue
750 3780 865 3835 uisuros
886 3792 916 3836 ut
930 3782 1008 3837 verbi
1022 3782 1110 3837 divini
1123 3784 1300 3853 praedicatio
1312 3785 1448 3856 pristinae

335 3864 502 3919 restituatur
514 3864 649 3933 dignitati
664 3880 725 3935 297.

372 3988 424 4039 73.
447 3989 694 4043 DECRETUM
719 3992 762 4042 ad
785 3993 977 4045 ordinarios
999 3996 1167 4056 Braslllae,
1191 3998 1232 4048 de
1252 4000 1377 4049 ratione

334 4076 503 4126 olerloum
517 4080 829 4130 auctoritateolvlll.
848 4108 884 4117 -
905 4084 942 4134 16
956 4084 1040 4146 Aug.
1057 4084 1148 4134 1894.
1258 4099 1323 4152 pag.
1395 4081 1444 4149 298

371 4174 466 4241 Quum
480 4192 570 4243 nuper
583 4176 611 4231 in
626 4179 750 4235 Brasilia
762 4180 809 4234 lex
821 4182 913 4237 ciuilis
926 4183 1056 4238 coetibus
1068 4186 1275 4241 ecclesiasticis
1296 4188 1441 4242 taculnres

335 4258 464 4313 tribuerit
486 4260 563 4315 haud
585 4280 729 4319 consonas
754 4267 844 4322 sacris
865 4270 1033 4338 canonibus,
1054 4273 1154 4327 statuit
1175 4275 1219 4328 Ss
1243 4274 1386 4329 Dominus
1404 4273 1440 4327 ad

333 4342 440 4399 abusus
454 4351 666 4413 praecavendos
683 4355 819 4409 nonnulla
832 4372 884 4425 per
905 4358 934 4412 S.
948 4358 1211 4428 congregationem
1224 4362 1354 4417 mandari
1369 4370 1394 4416 1⁰
1405 4361 1440 4416 de
