3117 4859
374 336 442 423 198
622 357 804 411 Errsroun
833 349 852 376 “
871 361 953 411 uon
981 362 1181 413 uaoroctu.
1201 340 1218 368 '¹

370 509 569 592 Collegium,
584 532 680 576 suum
699 512 859 577 Bohemis
889 513 922 577 in
941 514 1036 579 Urbe
1062 513 1277 596 aperuimus:
1295 512 1466 575 Maroniti-

368 634 445 678 cum
460 636 540 679 vero
556 627 593 680 ut
608 618 650 680 ad
668 618 843 700 pristinam
871 618 1072 701 dignitatern
1101 628 1322 693 revocaretur,
1345 617 1469 679 curavi·

371 739 454 783 mus.

263 834 344 895 Quae-
416 820 454 884 ln
470 819 533 885 hac
550 822 800 904 peregrinorum
816 826 1081 890 adolescentium
1098 826 1285 908 frequentia
1315 826 1347 888 id
1371 842 1474 905 aegre

226 898 349 1013 52⁹2„ssss
370 922 567 1001 serebamus,
583 927 674 1007 quod
691 927 820 991 alumni
834 950 901 993 non
918 930 967 993 ita
983 930 1081 993 multi
1098 940 1351 993 numerarentur
1362 948 1380 991 e
1393 928 1475 992 civi·

219 1029 346 1158 Hjffl
369 1028 432 1093 bus
448 1029 573 1093 vestris.
587 1028 816 1112 Quamobrem
832 1042 986 1115 speratae
996 1033 1152 1096 utilitatis
1166 1032 1382 1114 cogitatione,
1393 1050 1471 1093 cou-
1527 1085 1532 1095 .

220 1176 279 1209 rum
286 1166 345 1223 m.
369 1132 480 1197 silium
497 1135 647 1216 cepimus
663 1133 803 1212 efficere,
818 1148 855 1199 ut
871 1138 1035 1201 urbanum
1061 1137 1257 1201 clericorum
1282 1135 1473 1217 hispanien-

227 1225 347 1290 sutura,·
370 1237 456 1301 sium
474 1236 664 1319 collegium,
680 1239 770 1320 quod
789 1259 855 1302 non
872 1240 920 1304 ita
941 1242 1069 1323 pridem
1099 1242 1231 1323 piorum
1262 1240 1471 1303 sacerdotum

371 1340 504 1421 sapiens
521 1340 684 1405 industria
707 1342 871 1420 fundavit,
899 1364 966 1407 non
994 1345 1098 1407 modo
1123 1344 1245 1407 stabile
1273 1362 1476 1425 permanere,

371 1444 429 1508 sed
447 1445 489 1509 ad
507 1444 711 1509 incrementa
729 1466 906 1528 properare
922 1460 1033 1531 queat.
1050 1448 1167 1511 Placet
1182 1449 1285 1531 igitur
1307 1458 1356 1524 ut,
1378 1456 1478 1528 quot·

372 1558 454 1630 quot
469 1568 514 1612 ex
526 1548 704 1613 Peninsula
721 1549 852 1615 Iberica
867 1551 1074 1633 proximisve
1085 1550 1203 1615 insulis
1218 1550 1392 1614 inditione
1404 1549 1479 1611 sitis

374 1652 479 1735 Regis
494 1651 659 1729 catholici,
671 1654 704 1715 in
722 1652 804 1715 illud
821 1656 1047 1732 convenerint,
1062 1655 1130 1719 sint
1146 1656 1180 1718 in
1205 1656 1313 1719 tutela
1328 1652 1454 1717 Nostra
1470 1674 1477 1713 :

372 1757 610 1839 communique
635 1767 768 1820 utentes
785 1759 949 1836 convictu,
966 1758 1133 1822 lectorum
1162 1759 1411 1822 moderatorum
1430 1757 1481 1820 di·

374 1858 523 1941 sciplina,
545 1859 593 1923 eis
617 1860 736 1922 studiis
766 1870 955 1940 operentur,
981 1881 1067 1943 quae
1098 1861 1299 1944 exquisitius
1330 1861 1478 1924 animum

211 2010 275 2045 nova
287 1994 351 2043 sedes
375 1963 613 2046 ingeniumque
630 1961 815 2044 perficiunt.
831 1960 1069 2045 Opportunam
1086 1966 1179 2048 operi
1196 1966 1310 2029 sedem
1326 1964 1479 2029 domum-

219 2061 350 2175 Wfflff]
375 2089 440 2150 que
471 2068 679 2149 praebituras
710 2069 914 2132 arbitramur
946 2070 1047 2133 aedes
1086 2069 1241 2144 urbanas,
1278 2086 1299 2130 a
1329 2066 1479 2130 Ducibus

211 2168 226 2215 ’ἵ
339 2161 349 2183 '
375 2172 534 2253 Altemps,
549 2171 714 2253 prioribus
731 2172 888 2247 dominis,
904 2183 1125 2254 nuncupatas,
1140 2172 1276 2255 proprio
1302 2190 1389 2234 nunc
1413 2172 1485 2233 iure

378 2276 519 2339 Nostras
535 2284 569 2338 et
584 2274 803 2355 Apostolicae
820 2274 938 2341 Sedis:
955 2298 995 2339 eo
1019 2278 1069 2338 vel
1098 2277 1206 2357 magis
1230 2276 1321 2357 quod
1351 2275 1430 2337 illae
1458 2292 1477 2335 a

378 2378 523 2442 sacrario
539 2376 674 2439 Aniceti
684 2375 855 2442 Pontificis
872 2380 1041 2462 Martyris,
1055 2380 1151 2444 cuius
1168 2380 1293 2443 ibidem
1320 2378 1407 2441 sacri
1431 2397 1486 2439 ce·

379 2502 474 2545 neres
491 2480 676 2563 quiescunt,
692 2480 841 2563 itemque
857 2503 876 2545 a
894 2484 1056 2546 memoria
1082 2484 1356 2547 commorationis
1374 2479 1485 2547 Caroli

378 2586 550 2651 Borromei
565 2586 793 2652 nobilitantur.
811 2586 937 2650 Earum
964 2587 1066 2667 igitur
1095 2587 1230 2651 aedium
1258 2606 1354 2650 usum
1378 2594 1486 2666 atque

380 2689 622 2755 usumfructum
648 2690 865 2754 concedimus
891 2702 925 2751 et
948 2690 1164 2753 attribuimus
1180 2689 1331 2772 Collegio
1346 2688 1483 2771 Episco-

380 2815 499 2876 porum
519 2794 714 2875 Hispaniae,
729 2794 792 2857 hac
820 2794 893 2875 lege
921 2802 958 2856 ut
982 2793 1020 2855 iis
1046 2804 1183 2856 utantur
1210 2794 1254 2857 ad
1271 2793 1487 2874 accipiendos

382 2900 592 2979 tuendosque
608 2917 743 2961 suarum
760 2877 971 2960 Dioecesebn
989 2897 1137 2973 clericos,
1153 2898 1179 2959 si
1197 2918 1282 2979 quos
1298 2897 1485 2960 studiorum

382 3023 508 3078 caussa,
525 3003 571 3064 uti
588 3002 748 3076 diximus,
775 3002 840 3065 huc
868 3000 1051 3063 mittendos
1080 3001 1295 3064 decreverint.
1315 2999 1391 3082 Quo
1408 3019 1490 3062 vero

382 3108 529 3189 cogitata
560 3105 656 3169 citius
685 3104 881 3180 efficiantur,
906 3105 1095 3186 pariterque
1122 3114 1256 3187 tempus
1283 3106 1486 3169 instruendis

381 3213 520 3276 aedibus
535 3212 719 3291 ceterisque
736 3210 834 3273 rebus
850 3208 1055 3289 apparandis
1072 3212 1294 3274 necessarium
1321 3217 1487 3291 suppetat,

381 3332 501 3385 coeant
516 3322 642 3383 interea
659 3319 767 3382 clerici
785 3320 957 3382 incertam
975 3318 1198 3398 idoneamque
1212 3326 1340 3397 partem
1352 3314 1483 3378 aedium

231 3448 302 3509 eique
319 3463 355 3494 rc.
382 3426 517 3490 illustris
542 3424 687 3487 familiae
703 3423 874 3485 Altr'eriae.
889 3460 933 3470 -
949 3422 1231 3503 Archiepiscopos
1258 3430 1371 3482 autem
1387 3417 1485 3481 Tole-

201 3512 354 3627 {fflff
382 3540 498 3593 tanum
510 3540 543 3593 et
561 3529 800 3609 Hispalensem
818 3528 1044 3608 designamus,
1060 3524 1114 3608 qui
1133 3524 1319 3587 Nobiscum
1349 3531 1382 3585 et
1409 3539 1487 3583 cum

383 3632 628 3695 successoribus
645 3632 778 3694 Nostris
789 3631 832 3693 de
842 3630 985 3711 negotiis
996 3628 1138 3708 Collegii
1151 3626 1360 3708 gravioribus
1371 3634 1484 3705 agant;

384 3736 428 3799 ob
444 3756 585 3816 eamque
602 3754 752 3798 caussam
772 3734 1005 3815 praecipimus,
1022 3745 1057 3794 ut
1074 3733 1101 3792 is
1113 3731 1170 3813 qui
1184 3726 1336 3809 Collegio
1347 3736 1488 3807 praeest,

384 3840 426 3902 de
443 3858 477 3901 re
493 3838 656 3915 familiari,
672 3840 713 3901 de
731 3838 908 3917 disciplina
924 3836 1139 3915 moribusque
1155 3834 1367 3895 alumnorum
1391 3837 1485 3911 quot-

384 3944 482 4006 annis
499 3962 574 4003 cum
592 3944 633 4004 ad
651 3961 778 4004 sacrum
796 3940 983 4005 Consilium
1001 3938 1163 4001 Nostrum
1185 3936 1304 4000 studiis
1321 3932 1488 4015 regundis,

385 4058 457 4109 tum
475 4046 516 4107 ad
534 4045 816 4125 Archiepiscopos
833 4064 933 4123 supra
956 4042 1063 4105 dictos
1089 4042 1214 4123 scripto
1241 4038 1372 4112 reserat,
1398 4037 1488 4117 iique

250 4195 359 4259 Potuiſs-
386 4147 590 4229 adCollegas
601 4148 878 4228 su05,Hispaniae
890 4142 1482 4228 Episcopus,reserendumcurabunt.

206 4263 241 4310 cis
261 4262 359 4323 incepta
386 4290 428 4301 -
457 4254 561 4315 Modo
588 4264 736 4315 vestrum
765 4263 825 4328 est,
848 4251 1067 4314 Venerabiles
1096 4250 1238 4323 Fratres,
1263 4246 1388 4310 Nostra
1404 4242 1485 4305 haec

226 4326 358 4455 Zmfft
386 4360 520 4439 incepta
532 4358 827 4439 adiuvare,exequi
840 4350 959 4439 :idque
975 4353 1147 4416 alacritate
1159 4364 1193 4414 et
1204 4347 1367 4415 industria
1376 4356 1485 4421 tanta,
