3117 4859
256 382 308 432 DE
324 381 545 433 DISCIPLINA
562 380 832 433 ORIENTALIUM
851 382 1141 435 CONSERVANDA.
1190 386 1262 455 309

157 534 257 596 ritum
286 551 394 610 suum,
424 532 540 598 statim
561 544 599 595 ut
624 533 1005 611 sacerdotisorientalis
1033 534 1131 598 fuerit
1157 536 1263 617 copia.
1344 562 1379 607 50

202 638 571 703 X11.Matrimoniales
596 648 630 703 et
656 638 913 717 ecclesiasticae,
940 662 1172 725 quaecumque
1196 644 1263 708 sint
1330 608 1402 722 fix.

157 764 305 822 caussae,
319 747 364 809 de
387 746 510 829 quibus
533 746 576 809 ad
594 745 829 827 Apostolicam
847 746 970 811 Sedem
996 749 1179 831 appellatio
1196 748 1264 827 fiat,
1347 762 1389 835 (τ’
1404 760 1441 808 οι

158 870 372 933 nequaquam
394 850 570 934 Delegatis
592 850 800 932 Apostolicis
820 850 1042 931 definiendae,
1058 856 1121 918 nisi
1147 865 1263 937 aperte
1289 840 1435 939 mm

158 977 199 1020 ea
221 957 362 1033 iusserit,
377 959 644 1033 committantur,
658 958 718 1019 sed
744 959 788 1020 ad
817 978 949 1023 sacrum
967 958 1153 1024 Consilium
1177 963 1263 1025 chri·
1289 956 1355 1069 1²2⁸?
1365 962 1432 1033 “ft

157 1066 269 1129 stiano
284 1066 413 1128 nomini
430 1064 651 1147 propagando
666 1064 806 1128 omnino
822 1062 1022 1130 deserantur.
1287 1028 1445 1151 inimic

203 1170 535 1235 X111.Patriarchae
558 1168 689 1233 Graeco
713 1170 897 1234 Melchitae
918 1173 1182 1239 iurisdictionem
1207 1177 1262 1239 tri·
1284 1153 1444 1281 suffic&

158 1277 292 1339 buimus
306 1275 341 1338 in
357 1296 416 1338 eos
431 1295 567 1359 quoque
583 1273 699 1338 fideles
716 1275 868 1340 eiusdem
897 1277 979 1341 ritus
996 1279 1052 1361 qui
1078 1280 1166 1342 intra
1182 1278 1265 1342 fines
1291 1298 1336 1331 me
1348 1284 1432 1331 Patri·

158 1383 290 1447 Turcici
310 1382 447 1464 Imperii
464 1390 648 1446 versantur.
1252 1368 1255 1375 ¹
1289 1346 1443 1478 gfflpm.

205 1489 342 1552 Praeter
365 1489 450 1551 istas
477 1487 664 1571 peculiares
691 1488 866 1580 cautiones
892 1500 994 1571 atque
1020 1510 1064 1552 ex
1085 1491 1156 1553 iure
1172 1514 1265 1575 prae·
1292 1479 1446 1607 ‘lugam‘

157 1595 294 1677 scripta,
319 1593 471 1657 maxime
496 1592 570 1657 Nos
592 1601 685 1656 tenet
700 1612 789 1670 cura,
805 1595 896 1676 quod
914 1615 1013 1676 supra
1030 1598 1214 1679 attigimus,
1230 1610 1267 1663 ut
1295 1608 1413 1673 Pontifex

157 1700 349 1764 condantur
372 1698 669 1782 opportunioribus
685 1698 718 1761 in
735 1699 879 1764 Oriente
896 1700 977 1764 locis
995 1702 1182 1780 seminaria,
1199 1707 1266 1768 col·
1294 1676 1446 1790 &zm

158 1807 257 1889 legia,
285 1805 442 1869 instituta
471 1824 573 1871 omne
601 1824 718 1887 genus,
749 1825 856 1888 eaque
888 1826 1022 1889 prorsus
1052 1808 1097 1870 ad
1129 1810 1267 1874 iuvenes
1293 1806 1379 1883 ‘'trs’‘
1422 1871 1427 1883 ,

157 1911 286 1976 incolas
312 1912 387 1995 ipso
410 1912 475 1975 ritu
492 1912 602 1993 patrio
617 1910 814 1975 formandos
832 1914 864 1974 in
881 1932 1016 1975 suorum
1035 1914 1170 1979 auxilia.
1189 1914 1266 1979 Hoc
1293 1872 1444 2001 mem?

156 2020 379 2103 propositum,
394 2019 429 2081 in
441 2039 509 2101 quo
521 2018 588 2082 dici
600 2018 659 2081 vix
670 2000 781 2100 potest
792 2029 919 2100 quanta
930 2018 1082 2101 religioni
1096 2020 1267 2085 inhaereat
1292 2012 1419 2133 {W

155 2146 247 2209 spes,
269 2126 420 2189 studiose
435 2126 510 2190 Nos
524 2126 673 2208 aggredi,
686 2122 894 2207 prolixisque
905 2126 1062 2189 subsidiis
1076 2126 1268 2207 provehere,
1294 2140 1397 2183 mentor
1411 2135 1445 2181 n·-
1463 2136 1468 2143 ·

157 2230 330 2309 affluente,
354 2243 391 2298 ut
422 2231 633 2307 confidimus,
664 2231 908 2296 catholicorum
939 2253 1013 2315 ope,
1043 2233 1264 2296 deliberatum
1292 2207 1428 2314 §timu

154 2333 331 2403 habemus.
353 2338 575 2403 Sacerdotum
592 2338 828 2419 indigenarum
845 2358 993 2420 operam,
1009 2338 1266 2421 quippeetcon-
1293 2332 1364 2407 “W
1372 2346 1426 2433 [οἲ

153 2445 346 2509 venientius
368 2446 558 2526 impensam
574 2452 608 2507 et
624 2443 779 2525 cupidius
795 2454 980 2524 acceptam,
997 2444 1104 2508 multo
1120 2444 1266 2508 suturam
1292 2395 1436 2518 iiim

153 2567 258 2632 quam
284 2547 490 2610 advenarum
518 2545 783 2622 fructuosiorem,
811 2545 912 2628 paulo
935 2544 1040 2609 fusius
1055 2555 1107 2610 est
1122 2567 1142 2611 a
1159 2546 1267 2610 Nobis
1289 2528 1445 2642 mm:

155 2662 382 2718 monstratum
410 2652 445 2716 in
472 2652 652 2734 encyclicis
676 2651 796 2716 litteris
820 2672 905 2734 quas
928 2652 1083 2716 dedimus
1099 2652 1268 2734 superiore
1294 2660 1442 2709 emotum-

154 2778 250 2825 anno
272 2760 316 2823 de
338 2759 489 2842 collegiis
505 2758 702 2822 clericorum
719 2758 752 2820 in
773 2757 880 2822 indiis
897 2757 1128 2824 Orientalibus
1144 2758 1268 2821 consti·
1295 2731 1327 2775 ‘⁰'

154 2865 300 2931 tuendis.
323 2902 367 2913 -
392 2864 446 2929 Ita
473 2884 573 2946 porro
599 2884 713 2927 sacrae
739 2863 929 2927 iuventutis*
946 2863 1148 2928 institutioni
1164 2862 1266 2925 semel
1331 2890 1446 2939 Multum

154 2972 324 3060 consulto,
350 2970 502 3053 prolecto
526 2970 649 3035 studiis
673 2971 719 3033 rei
744 2968 954 3053 theologicae
970 2980 1003 3035 et
1019 2966 1161 3033 biblicae
1177 2966 1267 3051 apud
1293 2958 1432 3087 {ama

156 3076 353 3143 Orientales
383 3086 552 3141 accrescet
582 3076 718 3152 honos;
744 3074 873 3157 vigebit
898 3074 1089 3159 linguarum
1117 3083 1268 3139 veterum
1293 3088 1427 3137 adstudio-

154 3184 305 3249 eruditio
320 3203 427 3266 aeque
442 3203 482 3247 a:
497 3182 531 3246 in
548 3183 740 3246 recentibus
755 3182 904 3245 sollertia
919 3203 926 3260 ;
943 3181 1115 3244 doctrinae
1131 3190 1165 3242 et
1181 3179 1268 3241 litte·
1294 3169 1353 3267 222¹}
1365 3168 1443 3267 m

154 3310 270 3357 rarum
296 3309 426 3369 census,
449 3310 517 3375 quo
546 3290 662 3355 Patres
690 3308 805 3352 eorum
823 3290 1070 3372 scriptoresque
1085 3287 1270 3360 abundant,
1296 3290 1387 3343 menta,

155 3405 192 3466 in
209 3418 389 3465 commune
404 3399 542 3476 bonum,
557 3397 682 3479 largius
699 3394 872 3478 proficiet:
888 3417 929 3460 co
939 3397 1075 3460 demum
1090 3403 1269 3477 peroptato

154 3508 264 3584 exitu,
280 3516 316 3569 ut
332 3504 511 3569 sacerdotii
527 3503 683 3567 catholici
701 3513 895 3585 emergente
911 3503 1064 3567 doctrina
1080 3502 1267 3583 integrique

153 3611 309 3693 exempli
325 3609 425 3673 laude
441 3608 664 3693 praelucente,
676 3609 875 3691 propensius
885 3608 1034 3672 eiusdem
1048 3606 1164 3671 matris
1176 3628 1266 3671 com·

154 3719 299 3804 plexum
327 3715 446 3779 fratres
472 3714 674 3779 dissidentes
691 3715 871 3797 requirant.
886 3712 975 3777 Tum
992 3734 1072 3779 vero
1089 3714 1116 3778 si
1131 3714 1266 3778 ordines
1351 3754 1444 3787 necnon

153 3824 238 3890 cleri
262 3824 404 3900 animos,
427 3823 548 3898 studia,
571 3823 738 3885 actionem
755 3822 895 3885 caritate
911 3840 988 3885 vere
1005 3820 1150 3886 fraterna
1162 3822 1266 3884 socia·
1293 3804 1417 3921 ziam

154 3931 276 4010 verint,
306 3938 407 4006 certe,
433 3926 566 3992 favente
598 3936 632 3991 et
662 3929 807 3992 ducente
835 3927 920 4003 Deo,
946 3928 1018 3992 dies
1046 3927 1267 3992 maturabitur
1420 3908 1425 3919 ¹

154 4034 437 4120 auspicatissimo,
452 4054 530 4116 qua,
544 4033 794 4097 occurrentibus
804 4035 962 4097 omnibus
976 4032 1010 4097 in
1021 4034 1181 4097 unitatem
1182 4032 1272 4115 fidei

152 4153 190 4209 et
203 4140 384 4225 agnitionis
397 4140 486 4203 Filii
498 4139 572 4218 Dii,
588 4140 687 4222 piene
700 4160 746 4203 ex
762 4159 803 4203 eo
820 4140 1034 4223 perfecteque
1043 4150 1146 4205 totum
1156 4150 1268 4221 corpus

151 4257 366 4331 compactum,
390 4255 422 4310 et
445 4266 620 4309 connexum
627 4257 825 4328 peromnem
837 4246 1025 4310 iuncturam
1036 4244 1267 4311 subministra-

152 4355 268 4432 tionis,
292 4352 467 4417 secundum
493 4352 706 4434 operationem
734 4353 769 4415 in
797 4373 985 4417 mensuram
1016 4352 1269 4435 uniuscuiusque
