3117 4859
394 341 461 427 176
577 360 755 409 sersrocn
785 346 807 374 ‘⁴
825 359 977 409 oneras
1004 358 1278 408 vsnsnsnu'su.
1300 337 1316 359 ”

237 518 362 567 Ecclesiae
386 521 518 593 arroget
554 511 711 593 loquendi
743 512 814 574 eius
842 512 979 575 nomioe
1017 513 1178 574 adversus
1216 511 1417 573 documenta
1452 520 1481 571 et

211 598 361 631 curannarr-

210 650 269 707 sali,
285 650 361 696 illum

280 714 361 777 impu·

218 786 302 843 guanl
313 779 362 843 qui

388 614 591 696 praescripta
609 615 696 677 illius
711 616 767 697 qui
788 614 958 677 Ecclesiae
974 615 1124 677 eiusdem
1142 624 1234 678 tutor
1250 626 1284 677 et
1308 614 1416 695 Caput
1431 622 1482 675 est.

390 718 551 783 Putamus
568 719 723 802 equidem
741 719 933 783 huiusmodi
961 718 1124 793 homines,
1149 720 1207 801 qui
1237 728 1306 783 tam
1334 719 1482 783 audacter

242 846 363 893 gumfa,
389 820 593 903 indigneque
608 843 643 885 se
659 831 790 905 gerunt,
805 822 975 885 neminem
999 822 1032 885 In
1059 822 1177 887 Galliis
1195 834 1383 904 reperturos
1399 842 1483 884 veros

211 911 362 959 tutor-etcer-

208 982 257 1039 put
268 982 310 1024 est.

389 938 475 989 rnter
502 926 673 990 Ecclesiae
700 926 794 1001 filios,
822 927 878 1009 qui
904 947 1020 991 eorum
1051 930 1254 992 sententiam
1286 931 1404 1011 probet
1433 936 1483 989 aut

390 1030 538 1093 imitetur
553 1032 721 1114 exempla.
750 1030 921 1095 Ecclesiae
949 1033 1038 1094 enim
1064 1033 1134 1095 veri
1162 1033 1309 1095 nominis
1336 1032 1420 1095 filios
1434 1051 1483 1093 eos

389 1136 458 1199 iure
483 1156 667 1214 censemus,
693 1138 751 1219 qui
776 1138 963 1218 praenobili
992 1139 1082 1202 bono
1107 1138 1278 1219 religionis
1305 1150 1339 1199 et
1366 1136 1482 1218 patriae

389 1241 536 1321 privatas
567 1242 751 1304 sententias
782 1241 1011 1323 utilitatesque
1042 1242 1236 1323 posthaberi
1274 1240 1366 1304 baud
1395 1258 1483 1321 aegre

389 1346 570 1426 patiuntur.
590 1344 734 1408 Istorum
753 1347 892 1410 minime
908 1347 1112 1427 ambigimus
1123 1346 1204 1429 quin
1221 1345 1349 1409 dociles
1365 1345 1483 1407 anImos

389 1446 601 1530 solidamque
616 1450 774 1513 virtutem
792 1459 825 1513 et
843 1451 936 1513 Deus
961 1450 1082 1531 amplis
1110 1458 1262 1513 muneret
1280 1448 1442 1531 praemiis,
1456 1454 1483 1508 et

390 1551 468 1615 boni
485 1570 603 1613 omnes
620 1550 763 1633 probent
777 1552 963 1634 meritaque
975 1550 1116 1616 efferant
1126 1550 1235 1615 laude.

434 1656 559 1739 Pignus
575 1659 701 1722 interea
718 1658 920 1740 praecipuae
946 1657 1199 1721 benevolentiae
1225 1655 1378 1734 Nostrae,
1404 1654 1486 1736 Apo·

389 1760 542 1825 stolicam
568 1761 838 1826 benedictionem
867 1761 937 1838 tibi,
962 1760 1085 1825 dilecte
1110 1759 1155 1823 fili
1184 1760 1318 1836 Noster,
1345 1760 1432 1824 clero
1459 1769 1486 1819 et

391 1864 543 1929 fidelibus
559 1877 638 1932 tuae
654 1866 818 1930 curationi
834 1866 1032 1942 commissis,
1054 1885 1100 1929 ex
1127 1866 1195 1928 imo
1223 1865 1325 1928 corde
1350 1860 1485 1945 imperti-

391 1990 475 2035 mus.

435 2076 562 2140 Datum
612 2076 742 2153 Romae
791 2076 882 2157 apud
921 2074 955 2140 S.
995 2076 1131 2138 Petrum
1169 2075 1226 2136 die
1264 2086 1307 2136 111
1350 2066 1484 2151 Augusti

391 2192 621 2253 Mncccxcm,
638 2179 858 2243 Pontificatus
872 2177 988 2242 Nostri
1004 2198 1095 2242 anno
1110 2176 1242 2242 decimo
1258 2185 1370 2239 sexto.

1098 2355 1192 2421 LEO
1217 2355 1281 2420 ΡΡ.
1305 2353 1408 2419 XIII.
