3117 4859
277 374 327 425 us
356 374 404 423 mc
430 372 647 423 caruocrca
675 370 716 421 ru
745 370 960 421 nunciam.
1105 350 1171 441 185

75 544 129 606 pro
144 524 303 605 religione
315 532 452 587 strenue
466 521 754 598 adlaborantibus‚
770 523 878 587 aderit
895 522 1060 605 propitius
1071 520 1175 595 Deus,
1274 544 1289 576 2

76 616 278 709 maximeque
305 623 435 688 felicem
452 625 581 707 coeptis
596 624 717 689 vestris
734 625 892 690 virtutem
910 625 1087 707 impertiet.
1101 623 1173 687 Nec
1237 589 1323 706 {gg

75 730 173 795 deerit
187 728 340 812 proiecto
356 728 389 791 In
407 746 530 791 caussa
546 728 759 793 sanctissima
783 728 1034 811 iustissimaque
1049 724 1173 790 summi
1204 758 1336 807 mm,

76 835 228 918 Principis
259 832 460 899 benevolum
490 853 528 897 ac
559 854 765 917 propensum
792 834 954 912 studium,
980 831 1173 916 Apostolici
1202 824 1343 939 Wr-

76 937 234 1021 inquimus
253 926 356 1019 Regis
372 936 483 1011 vestri,
499 937 594 999 cuius
624 936 674 999 vel
691 937 736 1002 ab
763 937 868 1001 initiis
885 936 1094 1019 principatus
1122 932 1173 997 sui
1215 906 1242 938 ἀ
1279 904 1336 955 ‘⁸⁷¹⁸'

76 1044 135 1107 late
149 1051 324 1127 perspecta
337 1051 416 1108 sunt
432 1042 467 1107 id
484 1051 622 1126 gentem
640 1052 787 1109 vestram
805 1044 1000 1126 promerita.

115 1147 189 1231 Quo
214 1158 329 1212 autem
354 1148 469 1212 omnia
496 1148 682 1211 secundum
708 1158 790 1211 vota
805 1168 844 1212 ac
860 1167 1020 1231 prospere
1043 1146 1174 1221 cedant,
1272 1157 1355 1207 Oran-

79 1270 208 1333 magnas
220 1252 263 1315 ad
277 1250 389 1313 Deum
406 1270 520 1332 preces
534 1259 567 1315 et
583 1251 646 1333 Ipsi
676 1250 863 1315 Nobiscum
879 1249 1047 1327 adhibete,
1062 1250 1173 1313 Vene-
1203 1224 1335 1337 {eumf-

77 1354 185 1417 rabiles
198 1354 332 1418 Fratres
347 1377 354 1416 ε
371 1354 545 1435 potissime
555 1354 779 1435 patrocinium
791 1355 996 1437 interponite
1011 1363 1174 1435 augustae
1203 1355 1269 1418 tifex

79 1458 135 1521 Dei
150 1458 328 1525 Genitricis
344 1480 352 1537 ;
367 1468 438 1523 tum
456 1458 558 1523 etiam
576 1459 753 1541 implorate
767 1458 867 1523 iidem
884 1461 992 1524 sancti
1009 1458 1174 1543 Stephani

79 1564 226 1645 Apostoii
242 1564 353 1641 vestri,
369 1563 538 1627 utecaelo
553 1562 765 1647 Hungariam
782 1583 878 1627 suam
889 1564 1056 1647 benignus
1073 1563 1174 1645 respi-

80 1666 146 1745 ciat,
160 1669 193 1732 in
209 1686 317 1751 eaque
332 1667 467 1750 divinae
482 1666 647 1731 beneficia
663 1667 833 1751 religionis
858 1675 974 1732 sancte
1001 1666 1174 1731 inviolate·

79 1792 136 1854 que
149 1782 383 1838 conservet.—
407 1772 611 1838 Caelestium
640 1793 720 1837 vero
745 1791 921 1836 munerum
946 1771 1116 1853 auspicem
1141 1780 1175 1834 et
1204 1831 1228 1874 a
1239 1822 1334 1874 teneda·-

80 1884 227 1956 paternae
244 1876 387 1941 Nostrae
397 1876 652 1941 benevolentiae
668 1874 1049 1959 testem,ApostoIicam
1076 1875 1176 1939 bene·
1204 1891 1245 1940 cu.

81 1978 250 2043 dictionem
267 1979 372 2057 vobis,
388 1977 609 2045 Venerabiles
627 1976 769 2054 Fratres,
785 1976 875 2040 clero
901 1975 1096 2058 popuioque
1122 1994 1176 2037 ve·

83 2093 143 2147 stro
157 2086 322 2161 universo,
346 2094 560 2167 peramanter
582 2080 803 2163 impertimus.

119 2188 243 2253 Datum
285 2190 418 2253 Romae
448 2188 538 2270 apud
568 2186 602 2253 S.
635 2186 771 2249 Petrum
810 2184 866 2249 die
900 2201 935 2247 11
967 2181 1177 2267 Septembris

82 2302 300 2369 Mucccxcln,
316 2290 536 2357 Pontificatus
554 2290 671 2355 Nostri
687 2307 778 2353 anno
794 2288 1047 2385 decimosexto.

729 2449 827 2516 LEO
846 2448 909 2514 PP.
934 2448 1037 2514 XIII.
