3117 4859
346 392 416 461 342
699 394 822 443 tunsx
850 394 1102 445 auanxrrcus

343 540 494 609 Evangelii
507 541 659 596 informata
670 561 679 607 ς
692 544 720 597 iu
734 544 890 613 perniciem
903 559 971 598 veto
983 542 1048 610 ruit,
1062 551 1193 597 recusato
1204 544 1352 600 Ecclesiae
1361 544 1438 598 ductu

342 628 402 688 246.
415 658 449 667 -
464 629 645 684 Concludens
660 630 789 685 Pontifex
800 648 851 685 sua
860 631 897 685 de
907 632 1045 686 societate
1053 628 1127 684 civili
1139 630 1257 697 monita,
1269 630 1442 685 commendat
1539 630 1540 705 ξ

342 715 467 771 nefarios
480 718 610 773 homines
622 719 765 787 vitandos,
778 721 918 774 bonorum
928 720 1032 774 civium
1042 719 1137 778 officia
1147 718 1300 789 implenda,
1306 729 1443 787 praestan·

341 805 467 875 damque
480 806 566 859 Iidem
579 806 755 877 principibus
768 808 807 862 ob
821 808 906 863 fidem
922 810 985 864 Deo
998 808 1124 863 debitam
1140 806 1199 874 246.
1214 835 1249 845 —
1262 813 1290 860 2ο
1306 808 1348 860 De
1362 806 1442 859 socie·
1540 883 1541 886 Ἴ

342 900 402 947 tate
413 893 573 948 domestIca
584 896 644 964 jam
656 906 792 964 tractans,
804 898 920 964 exponit
934 913 1016 951 sacra
1028 897 1181 966 conjugum
1195 895 1297 960 officia,
1310 906 1338 947 et
1352 909 1442 948 curam
1540 933 1541 960 3

342 998 429 1051 quam
442 994 576 1051 parentes
588 983 743 1037 liberorum
765 985 936 1040 institutioni
957 985 1123 1053 impendere
1142 984 1249 1038 debent
1268 984 1393 1049 246·247.
1413 1009 1444 1020 -

345 1069 486 1125 Caveatur
497 1088 515 1125 a
527 1072 635 1126 scholis
646 1072 777 1139 religioni
791 1072 963 1127 christianae
976 1072 1202 1138 adversantibus,
1215 1082 1264 1126 aut
1277 1070 1370 1141 ipsam
1381 1071 1445 1124 nihil
1539 1122 1540 1127 ,

342 1158 507 1212 curantibus
516 1171 576 1224 247.
587 1160 676 1213 -Ad
689 1160 831 1214 humanas
844 1160 954 1215 litteras
964 1161 1125 1231 pariterque
1135 1161 1172 1215 ad
1186 1158 1348 1215 divinarum
1362 1174 1446 1214 rerum
1540 1165 1541 1228 J

342 1244 535 1311 cognitionem
561 1246 732 1299 informandi
757 1257 824 1301 sunt
849 1248 928 1317 pueri
950 1257 979 1301 et
998 1247 1117 1315 juvenes
1137 1262 1196 1315 247.
1213 1276 1246 1287 -
1260 1248 1378 1317 Optimo
1392 1248 1448 1317 jure
1540 1265 1541 1282 i

342 1332 475 1386 Ecclesia
488 1334 636 1387 cautiones
648 1333 703 1387 sibi
718 1334 844 1388 viudicat
856 1338 893 1389 de
905 1352 987 1389 sacra
1001 1334 1214 1389 institutioneiu
1226 1336 1332 1390 scholis
1341 1334 1445 1389 traden·
1540 1389 1541 1392 ,

342 1417 381 1471 da
393 1432 454 1482 247.
473 1448 509 1457 —
522 1420 662 1474 Doctrina
675 1437 757 1474 sacra
770 1422 849 1489 pueri
864 1421 891 1474 in
910 1422 1040 1477 ecclesiis
1050 1421 1375 1491 praecipueImbuantur
1387 1436 1444 1489 ²47·

342 1534 378 1543 -
390 1513 419 1572 3⁰
434 1508 479 1560 De
488 1506 588 1561 ordine
601 1507 734 1563 clericali.
745 1509 786 1563 Ut
796 1509 905 1563 muneri
917 1526 968 1563 suo
979 1526 1030 1578 par
1040 1511 1076 1565 sit
1085 1511 1184 1576 clerus,
1194 1510 1315 1565 excellat
1323 1508 1446 1564 doctrina

342 1601 371 1644 et
382 1593 535 1647 sanctitate
548 1595 674 1660 247-248.
687 1624 722 1633 -
736 1596 837 1648 Clerus
850 1596 1019 1650 adolescens
1032 1595 1097 1650 ideo
1110 1596 1139 1649 in
1153 1594 1329 1661 SemInariis‚
1350 1605 1443 1648 nostro

341 1681 508 1746 praesertim
527 1692 664 1749 tempore,
678 1693 790 1749 oportet
804 1682 927 1735 maxima
940 1700 1006 1737 cura
1020 1682 1186 1739 informetur
1205 1683 1242 1737 ad
1256 1682 1407 1737 scientiam
1420 1688 1445 1732 et
1540 1695 1541 1704 ¹

340 1767 474 1823 virtutem
488 1772 548 1835 248.
562 1801 597 1809 -
611 1772 746 1839 Maglstri
765 1771 907 1825 rationem
920 1756 1078 1826 studidrum
1088 1782 1202 1826 teneant
1213 1789 1230 1825 a
1240 1772 1269 1825 S.
1284 1771 1360 1825 Sede
1373 1785 1450 1839 prae·
1539 1826 1540 1853 ἲ

341 1857 477 1925 scriptam
492 1860 551 1925 248.
564 1889 598 1899 -—
612 1862 790 1928 DiscipIInae
803 1862 998 1916 moderatores
1009 1872 1141 1931 satagant
1154 1862 1286 1915 alumnos
1299 1860 1446 1915 vittutibns
1540 1889 1541 1898 κ

342 1945 469 2001 imbuere
482 1965 556 2017 quae
578 1950 757 2004 sacerdotem
776 1951 880 2004 decent
894 1971 900 2015 ;
922 1966 1029 2021 eosque
1043 1950 1166 2005 doceant
1180 1948 1362 2019 prudentiam
1376 1950 1407 2001 iu
1417 1946 1448 1999 iis

341 2032 515 2101 attingendis
529 2053 603 2105 quae
624 2038 715 2091 ciuilis
736 2038 793 2090 siut
807 2036 957 2105 potestatis
972 2037 1031 2103 248.
1048 2066 1081 2076 -
1095 2036 1179 2090 Clero
1201 2044 1297 2089 autem
1318 2034 1367 2105 qui
1389 2033 1448 2102 jam

339 2122 499 2177 ministerio
512 2140 593 2178 sacro
605 2125 740 2193 fungitur,
753 2127 924 2195 praebeatur
936 2142 993 2195 quo
1006 2142 1109 2179 vacare
1127 2123 1218 2194 possit
1232 2122 1327 2178 studio
1348 2117 1449 2176 doctri·

341 2219 437 2266 nae'et
454 2212 586 2281 propriae
606 2216 789 2283 perfectionis
812 2218 940 2281 248·249.
955 2245 989 2255 -
1002 2221 1031 2281 4ο
1045 2216 1091 2269 De
1111 2214 1233 2269 caritate
1256 2212 1329 2266 Inter
1352 2224 1451 2265 omnes

341 2302 456 2356 ordines
469 2305 619 2359 servanda.
635 2306 733 2360 Solum
749 2306 877 2361 caritatis
899 2306 1042 2359 vinculum
1062 2304 1156 2357 firmat
1168 2302 1292 2357 familias
1310 2316 1347 2355 ac
1360 2298 1453 2354 civita·
1539 2312 1540 2365 j

342 2397 394 2452 tes,
407 2391 565 2460 meritaque
577 2392 685 2446 confert
700 2392 873 2447 christianae
885 2391 1033 2461 dignitatis
1047 2404 1108 2457 249.
1120 2419 1155 2429 -
1170 2390 1312 2443 Memorat
1324 2386 1451 2441 Pontifex

343 2491 495 2550 praecepta
508 2483 635 2537 caritatis
652 2485 739 2553 jama
752 2502 784 2539 se
801 2484 908 2539 tradita
921 2484 949 2537 in
962 2482 1064 2537 litteris
1077 2482 1114 2535 de
1127 2481 1291 2535 conditione
1310 2480 1451 2548 opiticum,
1539 2488 1540 2497 ¹

343 2565 501 2637 iterumque
514 2573 697 2627 commendat
709 2573 905 2640 promovenda
918 2570 1048 2625 instituta
1058 2569 1209 2635 catholica,
1223 2567 1359 2622 sodalitia
1373 2566 1454 2621 artili-
1539 2606 1540 2615 ,

342 2671 408 2708 cum
421 2664 448 2710 et
468 2668 567 2711 mutuo
580 2660 780 2723 opitulantium
794 2660 1023 2715 consociationes
1049 2671 1108 2724 249.
1131 2684 1167 2695 —
1191 2658 1218 2709 ll
1247 2656 1318 2709 Pars
1340 2656 1381 2710 ad
1402 2655 1453 2709 sin·
1539 2664 1540 2731 j

342 2745 424 2813 gulas
446 2756 541 2815 partes
566 2748 702 2803 Poloniae
724 2750 887 2819 respiciens.
915 2755 941 2801 ιο
966 2748 1091 2801 Polonos
1122 2746 1169 2816 qui
1194 2746 1316 2800 Russico
1336 2744 1454 2815 imperio

342 2843 453 2901 parent,
462 2834 560 2889 laudat
571 2837 701 2891 Pontifex
711 2839 750 2892 ob
762 2838 954 2891 constantiam
968 2835 996 2888 in
1011 2834 1076 2899 fide,
1085 2845 1113 2888 et
1127 2832 1297 2888 adhortatur
1309 2834 1348 2887 ad
1363 2849 1453 2905 perse·

342 2921 501 2975 vetantiam
520 2936 647 2993 249250.
660 2954 697 2964 -
717 2926 806 2980 Suam
828 2923 1052 2979 sollicitudinem
1076 2922 1144 2991 ipsis
1165 2938 1312 2991 nunquam
1333 2920 1455 2975 defuisse
1539 2918 1540 2927 ’

341 3022 395 3061 nec
411 3008 573 3065 defuturam
585 3022 779 3077 testatur25o.
796 3042 829 3051 -
851 3011 964 3067 Recolit
987 3020 1073 3079 pacta
1086 3025 1151 3065 cum
1166 3009 1296 3063 Consilio
1312 3006 1453 3077 Imperiali
1539 3004 1540 3015 ¹

341 3094 421 3163 inita,
431 3107 517 3167 atque
530 3100 567 3153 ad
581 3099 675 3168 ipsum
690 3102 897 3168 Imperatorem
912 3110 1013 3167 postea
1025 3099 1122 3153 delata
1135 3112 1150 3151 2
1154 3110 1216 3167 50·2
1220 3110 1299 3166 51.—
1317 3094 1452 3167 Episcopi

341 3195 461 3251 pergant
485 3186 634 3242 Ecclesiae
652 3188 718 3257 jura
741 3188 961 3257 libertatemque
987 3192 1083 3250 tuerl;
1110 3194 1212 3239 curent
1236 3201 1274 3237 ne
1295 3184 1355 3238 ulla
1377 3183 1455 3237 detur

341 3286 358 3321 a
381 3270 538 3328 Catholicis
562 3276 683 3331 offensio
704 3276 841 3345 potestati
864 3274 951 3340 civili,
967 3290 1022 3329 nec
1039 3273 1181 3330 desistant
1206 3270 1342 3327 omnibus
1366 3268 1457 3325 modis

341 3374 509 3426 promovere
522 3361 645 3417 salutem
658 3363 800 3417 Fidelium
820 3370 847 3416 et
861 3363 969 3416 cultum
984 3361 1113 3414 divinum
1133 3372 1196 3427 251.
1210 3386 1246 3396 -
1266 3358 1296 3413 SI
1316 3358 1455 3429 quaedam

340 3444 507 3502 discrimina
532 3450 640 3505 instare
664 3451 823 3511 rideantur.
849 3449 1038 3519 appellandae
1064 3458 1130 3501 sunt
1156 3444 1366 3500 conventiones
1391 3460 1453 3499 cum

342 3533 370 3587 S.
382 3536 457 3591 Sede
466 3537 554 3592 initae
564 3550 691 3607 ²5¹·252·
700 3544 772 3591 -20
784 3538 853 3591 Illos
864 3538 911 3607 qui
923 3538 958 3591 ad
971 3537 1153 3591 Austriacam
1164 3533 1305 3587 ditionem
1313 3531 1453 3603 pertinent

339 3624 507 3680 hortaturut
522 3625 692 3694 Imperatori
707 3635 853 3694 praestent
868 3626 966 3679 debita
980 3622 1128 3692 obsequia,
1139 3630 1168 3675 et
1189 3622 1337 3689 religionis
1350 3616 1455 3673 Incolu-

338 3712 469 3767 mitatem
482 3724 693 3783 prosequantur
707 3727 766 3781 252.
781 3742 817 3753 -
834 3712 1015 3768 Universitas
1029 3708 1231 3766 Cracoviensis
1242 3718 1386 3762 vetustam
1400 3706 1456 3757 lau·

339 3800 406 3854 dem
426 3810 539 3854 tueatur
561 3812 621 3866 252.
636 3800 808 3855 -Ordines
832 3800 1038 3867 religiosorum,
1060 3795 1169 3852 civitati
1183 3813 1241 3849 non
1256 3795 1350 3848 minus
1369 3806 1453 3863 quam

340 3888 490 3941 Ecclesiae
506 3887 815 3953 utiles,etnominatim
830 3886 1009 3943 Basilianum
1019 3884 1160 3951 ordinem,
1172 3882 1303 3937 Pontifex
1312 3894 1454 3935 commen·

338 3972 388 4027 dat
397 3985 497 4041 252-25
502 3988 526 4040 3.
539 3975 661 4028 -Cum
673 3976 813 4029 Ruthenis
830 3974 956 4029 fraterna
969 3970 1126 4027 concordia
1137 3968 1269 4035 fovenda,
1282 3966 1367 4021 unius
1381 3965 1454 4021 enim

340 4060 489 4116 Ecclesiae
498 4061 547 4115 tilii
561 4071 636 4131 sunt,
647 4080 700 4117 nec
714 4064 906 4133 minusquam
921 4060 1009 4117 ceteri
1024 4062 1061 4115 ab
1074 4076 1110 4114 ea
1124 4058 1222 4112 dilecti
1235 4069 1267 4125 25
1273 4071 1295 4122 3.
1306 4084 1341 4095 -
1354 4060 1385 4122 3⁰
1399 4053 1456 4107 Illis

339 4148 388 4220 qui
402 4150 575 4205 Germaniae
588 4150 709 4221 imperio
722 4153 856 4217 subsunt,
869 4151 1030 4221 gratulatur
1043 4146 1175 4203 Pontifex
1194 4148 1232 4200 de
1252 4142 1417 4199 obedientia
1429 4147 1456 4193 et

340 4252 437 4291 amore
450 4255 526 4291 novo
539 4238 660 4294 antistiti
678 4240 841 4295 Gnesnensi
853 4240 997 4311 praestitis
1009 4252 1069 4307 253.
1085 4266 1120 4276 -
1136 4238 1341 4305 Imperatorem
1358 4230 1456 4283 laudat

339 4324 370 4378 in
397 4325 520 4381 Polonos
547 4326 851 4382 benevolentissimum
877 4340 939 4396 253:
958 4356 993 4366 —-
1016 4327 1098 4380 Haec
1123 4324 1268 4378 monitaa
1290 4316 1456 4373 Pastoribus
