3117 4859
297 408 302 417 ,
375 361 441 428 19²
472 361 664 415 cirreaiie
678 364 918 419 ENcchlcitE
938 358 959 385 ⁴⁶
977 367 1182 419 meamne
1200 366 1380 420 seueris.
1395 343 1413 369 '¹

370 508 544 573 derantem
562 510 711 575 animum
728 510 930 576 inflammari
947 532 1082 576 necesse
1101 523 1280 595 restatque
1305 523 1376 575 tum
1394 512 1475 576 illud

259 636 341 686 Terra
368 611 487 675 iterare
512 612 585 675 Viri
610 614 834 681 sanctissimi:
859 616 968 695 Quam
994 616 1102 681 sordet
1124 616 1228 691 tellus,
1249 614 1331 679 dum
1354 616 1477 680 caelum

188 701 278 761 W»
368 714 487 797 aspicio
498 719 513 779 i
528 728 601 780 ium
619 718 724 782 couti
744 719 876 798 solati0,
891 723 982 805 quod
1009 730 1268 784 momentaneum
1289 729 1321 783 et
1335 718 1403 783 leue
1417 721 1476 782 ιη’-

184 824 267 931 lew
280 818 342 931 m
368 819 545 885 balatronis
562 833 690 886 nostrae
704 832 872 893 aeternum
879 826 1008 907 glorier
1016 824 1148 907 pondus
1161 834 1316 906 operatur
1326 822 1362 887 in
1379 824 1476 888 nobis.

200 918 341 1025 mrim..
369 923 552 989 Enimvero
584 946 651 991 una
677 928 760 991 haec
788 939 840 992 est
866 929 952 992 ratio
978 928 1168 1011 praesentis
1206 928 1368 1011 temporis
1399 950 1475 993 cum

218 1020 342 1127 ima
367 1038 514 1106 aeterno,
536 1030 702 1094 terrestris
728 1032 874 1097 civitatis
898 1052 975 1096 cum
1003 1033 1141 1097 caelesti
1157 1042 1236 1114 apte
1264 1032 1476 1113 iungendae;

205 1144 305 1203 civitas,
318 1147 343 1192 si
367 1133 429 1197 liac
446 1154 512 1198 una
538 1136 726 1199 educuntur
741 1136 844 1201 fortes
868 1139 972 1203 animi
989 1150 1023 1201 et
1048 1137 1184 1201 excelsi.
1201 1135 1268 1218 Qui
1285 1136 1434 1217 quidem,
1449 1136 1477 1198 si

189 1209 340 1257 coeloi'nim·
948 1242 955 1255 .
1008 1241 1016 1255 .
1255 1239 1263 1253 .
1454 1241 1461 1253 .

200 1275 287 1323 ΗΜ
298 1275 340 1325 ho·
368 1259 494 1322 magno
523 1260 664 1303 numero
686 1253 896 1317 censeantur,
921 1244 1071 1322 dignitas
1097 1249 1131 1302 et
1160 1238 1350 1322 amplitudo
1371 1240 1475 1303 stabit

189 1340 277 1389 mines.
365 1344 510 1408 civitatis
524 1366 531 1421 ;
544 1343 712 1408 florebunt
723 1365 810 1427 quae
826 1365 913 1423 vera,
925 1364 1011 1427 quae
1023 1347 1123 1421 bona,
1135 1362 1223 1426 quae
1234 1344 1377 1424 pulchra
1389 1354 1475 1418 sunt,

366 1450 409 1515 ad
426 1469 579 1513 normam
596 1449 689 1513 illam
706 1470 868 1533 expressa
888 1470 974 1533 quae
994 1450 1106 1513 omnis
1125 1448 1287 1523 veritatis,
1302 1448 1475 1524 bonitatis,

366 1554 599 1635 pulcritudinis
615 1573 786 1617 summum
803 1566 855 1618 est
867 1554 1069 1636 principium
1085 1564 1120 1618 et
1136 1552 1211 1616 lons
1228 1552 1395 1634 perennis.

268 1691 338 1739 cm,
412 1658 484 1721 lam
500 1658 636 1722 videant
662 1677 790 1737 omnes,
812 1661 905 1743 quod
933 1661 1100 1743 principio
1125 1657 1309 1741 posuimus,
1333 1675 1474 1738 quarum

205 1756 338 1869 afim
366 1762 409 1824 sit
440 1760 623 1825 utilitatum
649 1758 793 1837 fecunda
825 1762 972 1854 marialis
1001 1762 1132 1827 Rosarii
1163 1762 1279 1835 virtus,
1308 1770 1343 1823 et
1371 1779 1474 1841 quam

188 1886 227 1934 ni·
248 1886 338 1934 sodan-
366 1864 502 1929 mirifice
518 1866 624 1947 possit
640 1866 683 1929 ad
700 1877 892 1949 temporum
916 1869 1068 1931 sananda
1094 1865 1192 1940 mala,
1208 1865 1251 1927 ad
1276 1863 1474 1946 gravissima

187 1952 338 2015 ria,inqui-
364 1970 509 2033 civitatis
534 1972 659 2035 damna
685 1971 905 2052 prohibenda.
932 2008 976 2020 -
1004 1970 1109 2036 Istam
1134 1988 1214 2032 vero
1240 1968 1412 2042 virtutem,
1437 1975 1473 2029 ut

187 2016 339 2133 mxlii
365 2072 460 2137 facile
477 2076 613 2156 cognitu
630 2086 691 2152 est,
708 2074 755 2137 illi
767 2075 948 2158 praecipue
961 2075 1163 2156 uberiusque
1175 2070 1364 2153 percepturi
1377 2080 1475 2132 erunt

205 2155 338 2211 prrrrpcr·
413 2179 420 2191 .
580 2178 613 2192 ..
880 2180 899 2193 ..
1030 2178 1066 2193 ..
1214 2178 1220 2191 .
1262 2176 1271 2189 .
1338 2178 1346 2190 .

203 2214 340 2275 amm,
364 2198 422 2259 qui
438 2188 587 2260 cooptati
604 2198 637 2241 in
655 2198 748 2241 sacra
766 2180 900 2243 Rosarii
922 2178 1097 2255 Sodalitia,
1113 2177 1271 2261 peculiari
1288 2185 1321 2239 et
1337 2186 1426 2239 inter
1440 2196 1475 2237 se

187 2278 319 2329 uberiores.
365 2282 510 2345 fraterna
526 2283 764 2347 coniunctione
789 2296 823 2347 et
847 2304 927 2368 erga
952 2284 1200 2348 sanctissimam
1221 2281 1400 2364 Virginem
1417 2280 1473 2344 ob·

365 2386 482 2467 sequio
497 2405 577 2467 prae
600 2387 718 2451 ceteris
742 2390 1033 2456 commendantur.
1060 2388 1156 2452 Haec
1182 2386 1272 2450 enim
1298 2382 1473 2459 Sodalitia,

364 2491 564 2554 auctoritate
580 2511 796 2557 romanorum
814 2492 1016 2557 Pontificum
1042 2492 1273 2574 comprobata,
1287 2488 1332 2553 ab
1356 2488 1473 2571 eisque

363 2595 490 2658 donata
514 2595 697 2679 privilegiis
722 2606 755 2659 et
784 2597 980 2661 muneribus
1003 2594 1244 2678 indulgentiae,
1268 2612 1330 2655 suo
1356 2591 1470 2671 palam

363 2698 480 2761 ordine
510 2718 548 2761 ac
578 2701 771 2780 magisterio
799 2709 970 2781 reguntur,
1000 2709 1185 2762 conventus
1217 2696 1314 2760 statis
1344 2694 1473 2757 habent

363 2802 581 2882 temporibus,
608 2802 785 2884 praesidiis
808 2804 947 2885 optimis
972 2803 1183 2865 instruuntur
1208 2799 1331 2881 quibus
1357 2806 1472 2860 sancte

363 2904 500 2987 vigeant
517 2915 550 2969 et
567 2906 610 2967 ad
637 2908 817 2970 commoda
842 2904 947 2969 etiam
963 2906 1136 2968 societatis
1160 2905 1329 2968 humanae
1345 2905 1471 2967 condu-

363 3019 449 3073 cant.
468 3006 563 3072 Haec
579 3020 657 3073 sunt
673 3009 777 3073 veluti
805 3010 941 3092 agmina
957 3020 990 3072 et
1016 3009 1112 3086 acies,
1129 3009 1255 3091 praelia
1271 3007 1397 3073 Christi
1415 3027 1471 3089 per

362 3114 586 3177 sacratissima
602 3115 673 3177 eius
691 3113 851 3196 mysteria
876 3123 1076 3196 pugnantes,
1096 3112 1234 3195 auspice
1250 3124 1285 3175 et
1301 3113 1387 3174 duce
1406 3111 1471 3173 Re·

360 3221 440 3303 gina
456 3219 612 3285 caelesti:
634 3237 776 3302 quorum
794 3217 851 3279 illa
867 3216 1181 3299 supplicationibus,
1197 3216 1326 3292 ritibus,
1337 3213 1471 3297 pompis

360 3344 462 3406 quam
479 3323 567 3388 adsit
584 3322 740 3405 propitia,
753 3320 923 3403 praeclare
935 3322 1027 3385 omni
1044 3331 1197 3402 tempore
1209 3322 1330 3404 patuit,
1342 3319 1470 3402 magni·

361 3426 421 3491 fiee
436 3427 480 3491 ad
499 3427 704 3491 Echinadas.
719 3460 763 3472 —-
780 3424 910 3505 Magno
927 3424 1041 3487 studio
1057 3424 1159 3505 igitur
1171 3425 1204 3487 in
1221 3424 1345 3489 talibus
1362 3422 1469 3489 Soda-

360 3531 439 3595 litiis
466 3530 662 3606 condendis,
678 3525 936 3609 amplificandis,
954 3528 1169 3591 moderandis
1190 3548 1250 3609 par
1266 3538 1318 3591 est
1333 3537 1469 3591 couten-

359 3636 438 3699 dere
453 3646 487 3698 et
503 3634 595 3711 eniti,
612 3653 679 3698 non
697 3654 781 3697 unos
798 3634 969 3715 inquimus
990 3633 1147 3697 alumnos
1164 3631 1336 3696 Dominici
1354 3632 1468 3709 Patris,

360 3756 566 3820 quamquam
584 3735 631 3799 illi
651 3758 696 3815 eir
721 3737 900 3818 disciplina
924 3757 985 3800 sua
1009 3737 1135 3801 deberit
1163 3755 1387 3818 summopere,
1409 3735 1467 3797 sed

360 3849 527 3925 quotquot
557 3850 729 3921 praeterea
759 3850 840 3904 sunt
870 3840 1059 3904 animarum
1091 3849 1271 3917 curatores,
1301 3840 1335 3902 in
1367 3838 1466 3901 sacris

362 3942 556 4029 praesertim
573 3943 713 4007 aedibus
730 3944 787 4008 ubi
804 3944 862 4007 illa
878 3944 945 4007 iam
962 3944 1131 4008 habentur
1142 3943 1292 4026 legitime
1305 3944 1466 4006 instituta

361 4050 478 4131 Atque
494 4047 595 4111 etiam
615 4046 723 4110 Nobis
745 4049 896 4111 maxime
911 4048 944 4110 in
962 4048 1049 4111 votis
1066 4056 1126 4124 est,
1143 4057 1180 4110 ut
1204 4045 1261 4128 qui
1281 4065 1393 4109 sacras
1408 4064 1466 4108 ex-

360 4152 549 4238 peditiones
565 4151 609 4215 ad
627 4150 751 4215 Christi
776 4151 977 4228 doctrinam,
992 4151 1045 4214 vel
1071 4152 1157 4215 inter
1172 4150 1333 4214 barbaras
1349 4159 1465 4231 gentes

360 4255 584 4321 invehendam
601 4253 652 4318 vel
675 4256 764 4338 apud
783 4254 936 4319 excultas
962 4253 1228 4319 confirmandam
1254 4255 1389 4331 obeunt,
1404 4252 1465 4315 bac

360 4359 441 4423 item
459 4359 491 4422 in
508 4379 542 4423 re
555 4358 739 4425 elaborent.
753 4398 797 4408 -
811 4360 898 4441 Ipsis
910 4359 1068 4423 omnibus
1080 4359 1318 4437 hortatoribus,
1330 4358 1465 4422 minime
