3117 4859
330 454 332 459 Ι
431 384 553 433 INDEX
582 377 835 433 ANALYTICUS.
1115 380 1186 451 353

82 533 196 588 licentia
210 532 355 587 Ordinarii
369 532 505 603 requisita
519 532 555 587 ad
567 530 777 601 assequendam
791 545 943 599 personam
949 527 1102 599 juridicam
1110 530 1164 599 298
1182 551 1190 596 ς

86 628 114 674 2⁰
122 621 158 676 de
168 620 267 691 poenis
278 620 439 676 statuendis
447 620 477 675 in
491 636 556 674 eum
566 618 614 690 qui
626 620 681 674 hac
703 618 733 672 in
750 633 780 671 re
799 618 876 672 mala
885 616 942 673 fide
954 632 986 673 se
994 616 1115 688 gesserit
1125 619 1189 687 298·

84 723 134 778 299
146 729 153 775 ;
174 740 209 749 -
231 716 260 778 3⁰
272 709 308 763 de
321 709 433 764 cautela
446 708 611 763 adhibenda
624 708 673 761 ubi
687 706 726 761 ab
743 703 895 761 Ordinatio
907 706 976 761 data
988 704 1072 761 fuerit
1096 705 1189 761 coetui

79 795 273 853 ecclesiastico
287 797 370 852 venia
384 812 526 867 personae
537 786 678 865 J‘uridicae
690 794 888 864 assequendae
907 808 968 862 299.

115 930 166 981 74.
189 931 453 983 INSTRUCTIO
479 932 521 981 ad
548 932 736 995 delegatum
753 930 970 991 apostolieum
996 932 1031 978 in
1048 930 1118 979 foe-

76 1020 198 1071 deratis
211 1020 384 1069 Amerieae
404 1020 607 1080 civitatibus,
623 1020 663 1069 de
683 1017 888 1081 quibusdam
906 1018 1120 1068 societatibus

78 1106 550 1169 vitandis,--20Aug.1894.
999 1119 1064 1172 pag.
1137 1118 1190 1171 300

110 1232 495 1303 ArcbiepiscopiAmericae
521 1248 608 1303 quum
628 1230 737 1301 judicio
760 1230 844 1285 Sedis
867 1230 1052 1300 Apostolicae
1073 1248 1190 1287 causam

76 1319 230 1375 detulerint
254 1320 443 1391 quarumdam
457 1318 636 1388 societatum,
660 1319 688 1375 S.
714 1318 906 1387 Congregatio
920 1318 1118 1389 Inquisitionis
1136 1321 1190 1375 has

82 1408 235 1463 societates
249 1408 376 1464 decrevit
388 1425 453 1463 esse
462 1408 598 1463 vitandas
611 1407 665 1461 sub
677 1422 771 1477 poena
786 1406 954 1475 privationis
965 1418 1184 1464 sacramento·

81 1510 143 1550 rum
158 1496 343 1567 perceptione
356 1512 416 1565 300.
430 1527 465 1535 -
479 1496 563 1565 Quod
577 1495 724 1549 decretum
739 1493 870 1549 Pontifex
883 1494 1062 1550 confirmavit
1077 1511 1137 1563 30⁰·

113 1636 164 1688 75.
187 1638 434 1689 DECRETUM
460 1638 500 1686 de
526 1635 731 1686 moderanda
744 1636 839 1685 certis
864 1635 983 1686 diebus
1006 1638 1121 1687 certis-

77 1736 141 1785 que
155 1724 196 1775 de
209 1726 319 1776 causis
331 1726 552 1775 abstinentiae
571 1727 605 1782 et¹
612 1723 733 1785 jejunit
746 1724 826 1785 iege.
850 1749 886 1757 -
902 1724 1008 1774 5Deo.
1025 1724 1117 1775 1894.

999 1824 1062 1877 pag·
1138 1823 1187 1877 301

112 1904 311 1974 Complurium
335 1902 546 1974 Episcoporum
560 1901 693 1973 precibus
706 1919 837 1958 annuens
851 1904 880 1957 S.
895 1904 1091 1974 congregatio
1110 1922 1192 1975 roga·
1210 1967 1213 1971 ,

77 1992 117 2048 vit
145 1992 364 2049 Sanctissimuni
391 1992 549 2050 Dominum
573 1993 740 2049 facultatem
764 2010 817 2064 pro
844 1992 997 2065 Episcopis
1021 1996 1191 2052 moderandi

76 2080 166 2136 certis
180 2080 280 2137 diebus
294 2081 436 2151 certisque
450 2081 487 2136 de
499 2080 594 2135 causis
607 2082 701 2150 legem
714 2081 905 2137 abstinentiae
918 2090 947 2135 et
956 2080 1056 2151 jejunii
1072 2096 1131 2149 301.
1155 2116 1191 2124 -

80 2168 167 2239 Quod
180 2168 295 2239 quidem
310 2169 454 2224 concessit
469 2168 600 2223 Pontifex
613 2182 739 2237 301·302.

113 2302 165 2353 76.
189 2303 435 2355 DECRETUM
447 2304 487 2353 de
498 2304 758 2353 commoratione
770 2305 803 2351 in
818 2304 906 2354 Urbe
925 2307 1119 2356 elericorum

77 2390 484 2441 alienandioeoesls.-22
496 2389 677 2440 Deo.1894.
1000 2404 1065 2457 pag.
1138 2402 1190 2457 303

114 2498 195 2554 Licet
208 2516 259 2569 per
272 2514 370 2553 sacros
384 2494 510 2554 canones
523 2497 670 2569 provisum
681 2499 740 2569 jam
754 2500 839 2565 sitne
853 2499 947 2555 clerici
961 2518 1042 2555 suam
1057 2502 1190 2557 deserant

76 2586 245 2643 Dioecesim
267 2585 355 2640 invito
370 2586 524 2655 Episcopo,
550 2585 681 2641 Pontifex
702 2596 810 2656 tamen,
824 2588 1033 2659 Episcoporum
1058 2589 1191 2660 precibus

74 2690 216 2742 annuens,
230 2682 260 2729 ut
274 2673 323 2728 illa
336 2674 504 2728 clericorum
518 2673 635 2728 licentia
647 2674 793 2731 efficacius
805 2686 979 2744 coerceatur,
991 2678 1129 2731 nonnulla
1141 2691 1193 2748 per

76 2762 103 2815 S.
120 2760 384 2831 Congregationem
396 2760 495 2817 statuit
516 2776 656 2829 303-304:
732 2803 733 2807 ,

113 2872 143 2921 1⁰
161 2864 197 2921 de
211 2865 245 2919 iis
258 2864 346 2937 quiin
360 2876 507 2937 posterum
520 2866 621 2921 volunt
634 2867 744 2922 Romae
758 2877 885 2924 statuere
894 2869 1070 2924 domicilium
1083 2885 1143 2938 304.

111 2960 141 3007 2⁰
160 2952 196 3007 de
210 2952 244 3009 iis
257 2954 305 3024 qui
317 2952 346 3009 in
356 2969 493 3024 praesens
509 2954 621 3008 Rornae
631 2954 737 3023 degunt
757 2970 817 3022 304

73 3094 75 3097 .
113 3048 143 3108 3⁰
162 3039 199 3094 de
212 3040 395 3095 conferendis
405 3038 507 3095 officiis
520 3055 593 3109 quae
608 3040 794 3095 residentiam
808 3042 838 3095 in
852 3042 933 3097 Urbe
948 3040 1093 3112 requirant
1112 3057 1173 3110 304.

113 3134 144 3194 4⁰
163 3128 199 3183 de
220 3128 313 3183 reditu
340 3128 368 3183 in
400 3127 548 3197 propriam
576 3128 742 3183 Dioecesim
773 3129 812 3183 ob
842 3129 1012 3185 exstinctam
1042 3131 1191 3186 absentiae

74 3230 195 3271 causam
210 3229 338 3285 304·3o5.

112 3310 140 3373 5ο
159 3303 196 3357 de
209 3303 243 3359 iis
256 3303 304 3374 qui
318 3302 363 3357 bis
374 3303 489 3359 statutis
502 3320 559 3359 non
574 3302 734 3359 obedierint
751 3316 811 3373 305.
832 3334 868 3343 —
881 3306 1025 3361 Suadetur
1037 3307 1192 3378 Episcopis

74 3391 206 3447 omnium
219 3408 335 3445 suorum
349 3391 517 3447 clericorum
530 3407 622 3461 aequa
636 3390 799 3446 sollicitudo
812 3405 872 3461 305.

112 3544 164 3593 77.
190 3542 438 3615 Decumum
463 3553 529 3604 quo
554 3543 1121 3611 pseudocommunitasLolgniensis

75 3633 215 3691 eiusque
234 3632 373 3680 annales
395 3632 515 3679 iterum
531 3631 737 3681 damnantur
758 3636 790 3682 et
802 3634 1062 3694 proscribuntur.
1086 3664 1121 3673 -

76 3718 116 3769 15
137 3719 260 3779 Aprilis
285 3716 373 3768 1896.
1000 3736 1065 3789 pag.
1139 3724 1192 3791 306

116 3842 313 3895 Memorantur
333 3842 659 3911 pseudocommunitatis
683 3844 866 3915 Loigniensis
887 3848 1013 3916 fraudes,
1028 3865 1193 3922 novumque

74 3928 229 3999 exponitur
242 3928 353 3985 facinus
367 3930 561 4000 ephemeridis
575 3930 629 3985 Les
641 3932 776 3987 Annales
788 3934 941 4006 deLor'gny
954 3952 1036 3991 suam
1049 3936 1139 4008 ipsius
1151 3951 1193 3996 at-

76 4030 136 4085 que
146 4017 471 4083 pseudocommunitatis
482 4019 720 4087 approbationem
731 4022 915 4077 ementientis
928 4024 988 4092 306.
1001 4054 1036 4064 —
1047 4026 1127 4082 Licet
1135 4028 1191 4096 jam

76 4110 164 4157 antea
177 4104 322 4173 provisum
335 4104 373 4160 sit
391 4122 427 4160 ne
439 4122 490 4175 per
503 4106 575 4160 haec
587 4106 739 4163 mendacia
752 4108 932 4179 decipiantur
944 4111 1054 4181 fideles,
1073 4113 1101 4169 S.
1118 4115 1193 4171 Con·

75 4190 209 4259 gregatio
221 4190 329 4247 fraudis
350 4192 453 4247 iterum
467 4194 559 4261 arguit
583 4194 667 4249 istam
681 4194 905 4266 ephemeridem,
916 4199 1056 4269 firmaque
1076 4218 1193 4258 manere

77 4276 206 4334 declarat
237 4296 434 4351 quaecumque
469 4280 498 4334 in
538 4299 588 4351 re,
604 4282 767 4352 Loigniensi
800 4286 955 4342 auctoritas
995 4290 1193 4346 ecclesiastica

78 4364 179 4421 statuit
194 4368 320 4437 306-307.

132 4511 200 4552 Aera
216 4512 311 4553 Lnouts.
324 4535 341 4545 -
363 4512 402 4554 Vl.
1118 4541 1143 4578 ²³
