3117 4859
85 359 136 409 DE
155 357 271 409 REGNi
293 359 508 410 HUNGARlCI
528 359 814 410 SAECULARIBUS
835 359 1090 412 SOLEMNIBUS.
1127 362 1194 430 143

84 499 233 565 hostium
249 503 398 584 oportuit
415 503 559 566 refutari.
577 501 654 584 Qua
669 504 703 565 in
720 511 817 584 parte
833 523 934 567 nemo
956 505 1092 585 quidem
1111 525 1197 568 unus
1291 534 1308 565 r

85 591 152 669 non
170 605 386 684 consenserit,
402 605 514 670 clades
530 607 727 684 teterrimas,
743 627 832 688 quae
847 606 947 670 simul
964 608 1134 691 plerisque
1153 629 1197 673 ex
1262 581 1341 693 w·

85 709 261 773 occidente
295 709 428 792 populis
466 711 698 788 imminebant,
730 711 971 794 Hungarorum
1005 714 1199 777 constantia

85 811 210 877 invicta
235 834 308 876 esse
333 814 490 895 depulsas
499 835 508 893 ;
532 813 615 877 nulli
640 824 754 878 tamen
778 816 958 878 obscurum
986 825 1047 894 est,
1062 817 1105 880 ad
1123 838 1197 882 eam

85 926 267 980 eventuum
280 917 475 981 felicitatem
486 918 677 982 decessores
690 919 836 982 Nostros
847 919 1032 982 contulisse
1045 920 1199 999 multum,

84 1022 303 1103 suppeditata
328 1022 479 1104 pecunia,
494 1022 605 1085 missis
621 1021 766 1100 auxiliis,
781 1022 969 1087 conciliatis
996 1023 1199 1101 foederibus,

84 1125 253 1207 praesidio
270 1125 404 1189 caelesti
420 1135 570 1190 exorato.
590 1126 629 1190 ld
654 1127 871 1208 potissimum
898 1129 1067 1210 praestitit
1096 1128 1197 1192 lnno-
1225 1148 1353 1209 inprimis

84 1230 215 1293 centius
231 1229 282 1293 XI
298 1252 305 1306 ;
321 1231 415 1294 cuius
431 1239 593 1312 perennat
609 1250 742 1310 nornen,
758 1232 802 1294 ab
819 1240 961 1315 utroque
976 1233 1104 1296 clarum
1120 1235 1197 1297 insi·
1225 1209 1348 1316 ssj'ffi

84 1334 143 1414 gni
168 1333 267 1410 facto,
293 1334 435 1397 liberata
459 1353 582 1414 nempe
604 1334 928 1399 circumsedentibus
952 1335 1073 1401 infeste
1097 1339 1199 1401 armis

84 1437 303 1515 Vindobona,
326 1447 359 1501 et
383 1438 489 1516 Buda,
511 1438 593 1502 urbe
618 1439 776 1520 primaria
802 1451 923 1516 vestra,
938 1451 1016 1522 post
1032 1441 1198 1504 diutinam

20 1549 23 1556 ’
85 1543 337 1624 oppressionem
363 1541 540 1624 magnifice
564 1544 743 1608 vindicata.
758 1580 803 1592 —
820 1543 907 1608 Item
924 1543 1089 1627 Gregorio
1105 1545 1197 1609 ΧΙΙΙ
1225 1615 1241 1645 a
1253 1541 1381 1645 §imi

85 1645 278 1709 immortale
294 1648 327 1708 in
343 1656 479 1728 gentem
496 1654 641 1709 vestram
658 1655 726 1710 stat
744 1647 910 1712 meritum.
928 1647 1043 1730 Quum
1059 1649 1149 1712 enim
1166 1659 1199 1712 et
1225 1613 1359 1728 &illiqu-

85 1750 171 1826 istic,
188 1750 233 1812 ob
248 1750 360 1812 studia
377 1770 540 1814 novarum
557 1771 666 1814 rerum
684 1771 729 1813 ex
746 1749 898 1814 finitimis
920 1750 1031 1816 infusa
1057 1753 1200 1835 populis,
1225 1719 1368 1824 mdiu

85 1852 204 1938 religio
215 1854 360 1935 graviter
373 1853 549 1932 laboraret,
559 1853 816 1919 saluberrimum
833 1855 889 1918 ille
904 1855 1092 1934 consilium,
1107 1860 1198 1939 quod
1221 1839 1362 1956 ῧζζζὲζζζ,

84 1958 152 2021 iam
176 1958 249 2021 aliis
270 1978 331 2040 pro
348 1958 542 2022 nationibus
557 1959 727 2041 sapienter
742 1959 991 2043 liberaliterque
1007 1960 1200 2042 perfecerat,

83 2064 175 2126 idem
204 2082 265 2144 pro
294 2061 480 2144 Hungaria,
503 2071 678 2145 tamquam
696 2062 825 2145 insigni
847 2073 880 2126 et
901 2063 1203 2147 amploclrristiani

83 2165 172 2230 orbis
197 2165 346 2244 membro,
371 2167 528 2249 suscepit.
553 2165 690 2232 Scilicet
716 2167 895 2249 collegium
923 2169 1019 2233 vobis
1043 2169 1076 2231 in
1104 2169 1199 2234 Urbe

84 2271 247 2347 condidit,
263 2272 354 2353 quod
379 2271 501 2334 deinde
518 2271 720 2334 Germanico
737 2270 990 2354 adiungendum
1007 2275 1148 2351 censuit,
1164 2275 1197 2336 in

83 2395 153 2458 quo
183 2374 304 2438 delecti
335 2376 462 2438 alumni
493 2375 535 2438 ad
567 2375 739 2438 doctrinas
771 2377 979 2459 virtutesque
1009 2378 1199 2441 sacerdotio

84 2480 207 2562 dignas
222 2480 423 2562 exquisitius
440 2480 595 2555 instituti,
611 2499 747 2560 operam
761 2479 910 2542 ecclesiis
922 2482 1040 2545 vestris
1050 2481 1199 2546 fructuo-

83 2586 205 2648 siorem
217 2583 400 2666 aliquando
414 2593 590 2647 navarent:
608 2583 640 2646 id
654 2585 745 2664 quod
759 2605 827 2647 non
841 2585 1033 2648 intermissa
1046 2587 1199 2650 ubertate

84 2688 207 2762 evenit,
224 2689 338 2751 multis
354 2689 456 2750 etiam
469 2687 598 2750 eductis
609 2689 665 2771 qui
680 2688 906 2771 episcopalem
920 2690 1063 2771 gradum
1075 2710 1200 2772 magna

83 2793 185 2856 laude
201 2794 340 2874 parique
357 2792 529 2855 Ecclesiae
546 2804 579 2855 et
595 2792 740 2856 civitatis
756 2796 877 2856 decore
893 2804 1083 2860 tenuerunt.

132 2896 264 2960 Isthaec
282 2897 354 2959 Nos
371 2895 560 2977 similiaque
575 2895 738 2960 beneficia
754 2917 840 2980 quae
851 2897 1014 2961 continua
1026 2899 1199 2962 Ecclesiae
1301 2913 1378 2983 terra

83 3001 194 3081 gratia
209 3011 287 3064 sunt
302 3002 334 3062 in
352 3019 459 3081 genus
474 3009 622 3063 vestrum
639 3000 799 3082 profecta,
826 3000 970 3064 libentes
997 2989 1198 3083 agnovimus
1223 2974 1366 3085 fimitis

84 3123 154 3168 non
182 3114 250 3167 tam
277 3124 349 3167 esse
373 3105 491 3186 patriis
522 3104 722 3184 consignata
752 3103 857 3182 fastiS,
882 3124 985 3187 quam
1017 3106 1051 3167 in
1077 3107 1199 3169 animis
1225 3091 1354 3150 “q'‘“fi'

1224 3153 1284 3196 stola
1295 3149 1361 3194 ordi-

84 3209 208 3271 civium
225 3208 293 3271 alte
310 3228 445 3272 manere
460 3207 634 3289 insculpta.
651 3209 762 3270 Instar
774 3209 925 3271 omniurn
940 3209 1091 3289 locuples
1103 3211 1199 3274 testis
1224 3209 1365 3314 affin

86 3323 147 3390 est,
162 3311 242 3375 inde
258 3332 277 3375 a
292 3313 428 3376 saeculo
455 3313 574 3394 quinto
599 3312 741 3386 decimo,
764 3312 910 3375 Ioannes
926 3312 982 3374 ille
1001 3311 1200 3395 Hunyades,
1225 3331 1295 3373 raum
1313 3327 1340 3378 ν.

87 3417 182 3479 cuius
206 3416 383 3479 consilium
409 3428 442 3479 et
466 3415 696 3478 fortitudinem
725 3435 896 3496 nunquam
927 3415 1104 3497 Hungaris
1132 3438 1198 3480 non
1225 3392 1361 3494 miz,

89 3519 205 3583 efferet
222 3540 371 3584 memor:
390 3525 418 3582 is
445 3520 546 3602 igitur
562 3529 657 3601 grate
673 3519 862 3601 diserteque
886 3517 1084 3584 affirmavit:
1111 3521 1204 3584 Haec
1226 3507 1371 3623 {2523}
1477 3609 1480 3616 Ι

83 3623 210 3706 patria,
226 3625 295 3686 nisi
307 3625 449 3688 stetisset
464 3623 545 3707 fide,
567 3623 686 3705 opibus,
711 3644 790 3700 reor,
817 3643 880 3684 non
898 3623 1025 3702 suisset
1049 3635 1204 3688 statura:
1229 3626 1349 3672 wim-

91 3728 279 3811 eodemque
304 3731 397 3811 regni
422 3729 642 3803 moderatore,
668 3728 803 3790 ordines
827 3729 949 3806 cuncti,
971 3731 1143 3792 communi
1160 3731 1203 3792 ad

94 3831 271 3896 Nicolaum
289 3832 323 3896 V
338 3833 491 3916 epistola,
507 3829 648 3914 professi
665 3842 762 3895 sunt:
785 3830 963 3912 Utcumque
986 3852 1102 3895 sumus
1115 3833 1204 3916 Apo·

90 3935 203 3998 stolica
218 3937 362 4000 niaxime
370 3936 488 4020 gratia
504 3935 646 3998 enutriti
666 3935 883 4000 consistimus.
900 3933 1032 4016 Quibus
1047 3938 1204 4002 testifica·

92 4039 240 4102 tionibus
271 4050 402 4105 tantum
431 4039 527 4102 abest
559 4049 596 4101 ut
628 4049 829 4102 consecutae
859 4048 988 4101 aetates
1019 4041 1204 4126 quidquam

94 4143 282 4208 ademerint
314 4144 480 4227 ponderiS,
513 4155 550 4206 ut
577 4163 642 4206 non
672 4144 849 4207 minimum
882 4141 994 4224 potius
1025 4145 1206 4227 addidisse,

95 4245 264 4310 beneficiis
294 4250 411 4325 auctis,
441 4248 926 4328 videantur.-Emergitque
956 4246 990 4310 in
1023 4247 1196 4332 Hungaris
1250 4241 1381 4344 Happe-

1198 4304 1206 4331 t
1324 4323 1333 4332 .

97 4354 382 4430 quemadmodum
409 4353 442 4416 id
468 4371 600 4433 semper
624 4373 748 4434 magno
764 4371 865 4434 opere
885 4350 969 4414 enisi
986 4352 1063 4429 sint,
1079 4357 1203 4436 praeci·
1226 4315 1305 4419 2me
