3117 4859
419 347 488 414 262
574 369 672 420 urar.
700 369 830 422 mosa.
862 357 943 422 “ru
973 373 1082 425 surm
1109 373 1331 424 caraunus.
1352 349 1369 376 ''

416 531 548 579 menses
573 519 734 602 exempla
763 521 957 585 authentica
991 530 1141 587 actorum
1174 521 1342 598 omnium,
1367 540 1445 602 quae
1464 517 1494 581 ad

415 623 617 686 erectionem
645 624 861 688 commissam
890 645 949 706 per
973 625 1056 690 haec
1082 625 1284 708 Apostolica
1313 625 1431 708 scripta
1452 623 1496 685 erit

416 727 607 806 emissurus,
633 727 756 810 quibus
783 729 917 812 plenam
943 729 1189 795 observantiam
1214 729 1452 794 demandamus
1472 735 1495 786 et

416 832 532 896 stricte
546 833 780 915 praecipimus.

269 943 391 1012 ’Μνα-
461 937 658 1002 Praesentes
682 958 762 1002 vero
786 937 914 1002 litteras
930 947 962 1003 et
979 939 1012 1002 in
1028 937 1076 1000 eis
1091 947 1251 1002 contenta
1279 951 1494 1019 quaecumque,

252 1005 392 1107 mma
416 1038 518 1102 etiam
542 1059 589 1103 ex
612 1061 653 1102 eo
679 1041 769 1122 quod
798 1041 938 1122 quilibet
960 1041 1120 1105 interesse
1134 1040 1312 1116 habentes,
1328 1059 1386 1104 seu
1400 1039 1493 1102 habere

225 1125 286 1226 {27
305 1121 390 1166 '‘¹⁸⁸‘'
417 1143 810 1225 praetendentes,vocati
837 1153 870 1208 et
895 1145 1000 1208 auditi
1028 1165 1095 1208 non
1123 1143 1312 1221 fuerintne
1335 1141 1493 1225 praemissis

416 1265 484 1309 non
510 1247 898 1323 consenserint,etiamsi
925 1268 1086 1330 expressa
1109 1247 1264 1328 specifica
1290 1258 1327 1311 et
1352 1245 1494 1310 individua

417 1350 589 1414 mentione
604 1351 698 1433 digni
714 1351 792 1428 sint,
803 1350 897 1414 nullo
909 1370 1057 1434 unquam
1070 1361 1223 1434 tempore
1239 1351 1284 1414 de
1301 1349 1493 1430 subreptionis

415 1453 468 1516 vel
484 1455 692 1535 obreptionis
707 1465 767 1519 aut
783 1455 946 1518 nullitatis
963 1454 1054 1530 vitio,
1070 1474 1126 1518 seu
1145 1455 1348 1519 intentionis
1374 1453 1493 1522 Nostrae,
1537 1447 1538 1454 ’

414 1555 466 1619 vel
490 1558 643 1639 quolibet
669 1559 744 1636 alio,
769 1559 846 1623 licet
873 1558 1086 1624 substantiali
1111 1557 1244 1622 delectu
1273 1557 1392 1636 notari,
1413 1557 1493 1635 impu·

413 1659 519 1742 gnari,
533 1660 585 1726 uel
602 1664 635 1725 in
652 1663 914 1728 controversiam
936 1663 1057 1740 vocari,
1073 1663 1133 1725 sed
1149 1681 1206 1726 eas
1222 1682 1359 1745 semper
1373 1681 1414 1723 ex
1427 1669 1493 1721 cena

413 1765 554 1828 scientia
580 1785 657 1830 cum
685 1767 863 1848 potestatis
891 1765 1100 1849 plenitudine
1128 1765 1234 1830 lactas
1275 1776 1311 1830 et
1343 1771 1492 1829 emanatas

413 1879 577 1950 perpetuo
611 1870 741 1934 validas
775 1880 811 1934 et
847 1868 1001 1934 efficaces
1033 1870 1179 1934 existere
1204 1879 1240 1933 et
1271 1870 1354 1948 l'ore,
1380 1881 1492 1946 suosque
1538 1857 1539 1860 ¹

415 1971 582 2054 plenarios
598 1985 631 2037 et
648 1975 798 2057 integros
822 1972 961 2039 effectus
985 1973 1096 2038 sortiri
1121 1984 1155 2039 et
1181 1973 1348 2050 obtinere,
1363 1983 1451 2055 atque
1462 1969 1491 2030 ab

414 2077 572 2141 omnibus
596 2079 639 2142 ad
674 2099 759 2161 quos
792 2088 932 2160 spectat,
959 2088 992 2142 et
1017 2078 1276 2161 quomodolibet
1302 2074 1451 2161 spectabit
1470 2073 1490 2132 iu

416 2180 575 2260 futurum,
590 2182 829 2248 inviolabiliter
853 2183 1022 2246 observari
1049 2183 1179 2260 debere,
1194 2191 1230 2246 et
1258 2184 1287 2245 si
1314 2201 1406 2247 secus
1420 2191 1490 2256 super

416 2284 468 2347 his
483 2306 504 2347 a
519 2305 690 2369 quoquam
717 2287 835 2368 quavis
862 2286 1070 2362 auctoritate,
1093 2287 1235 2350 scienter
1259 2287 1313 2351 vel
1338 2287 1491 2370 ignoranter

416 2387 595 2471 contigerit
611 2391 781 2465 attentari,
798 2389 925 2454 nullum
953 2409 1088 2473 prorsus
1113 2399 1147 2454 et
1174 2391 1277 2454 inane
1305 2411 1376 2454 esse
1394 2397 1423 2450 et
1441 2383 1503 2476 forr

361 2489 365 2497 '
417 2492 636 2558 decernimus.

462 2596 541 2659 Non
557 2597 770 2662 obstantibus
786 2599 828 2663 de
846 2598 915 2662 iure
930 2597 1084 2680 quaesito
1108 2617 1175 2661 non
1201 2597 1364 2674 tollendo,
1378 2597 1416 2660 de
1434 2606 1487 2666 sun

418 2700 646 2784 pressionibus
661 2702 913 2766 committendis
929 2702 971 2764 ad
988 2711 1109 2784 partes,
1124 2702 1252 2765 vocatis
1268 2719 1405 2784 quorum
1419 2696 1488 2758 inter·

418 2814 480 2883 est,
494 2807 637 2889 aliisque
654 2807 786 2871 Nostris
797 2817 831 2871 et
841 2805 1069 2871 Cancellariae
1084 2805 1308 2886 Apostolicae
1324 2801 1439 2887 regulis,
1447 2811 1487 2858 nec

419 2930 486 2973 non
503 2931 604 2992 supra
626 2911 737 2975 dictae
763 2909 935 2974 Ecclesiae
961 2909 1195 2986 Bonearensis,
1209 2909 1315 2974 etiam
1332 2909 1488 2973 iuramento

418 3011 673 3078 confirmatione
690 3013 898 3096 Apostolica,
911 3013 963 3076 vel
975 3011 1094 3096 quavis
1107 3010 1266 3077 firmitate
1283 3015 1349 3076 alia
1364 3000 1488 3074 roboralis

418 3119 554 3182 statutis
580 3129 615 3182 et
640 3119 951 3192 consuetudinibus,
976 3116 1161 3198 privilegiis
1184 3125 1219 3180 et
1247 3107 1488 3182 concessionibus,

418 3222 644 3303 omnibusque
658 3231 693 3284 et
705 3219 846 3302 singulis
862 3219 1138 3284 ordinationibus
1154 3219 1364 3300 Apostolicis
1378 3218 1407 3280 in
1420 3226 1489 3294 syro

418 3325 562 3402 dalibus,
577 3324 837 3407 provincialibus
863 3333 897 3386 et
914 3322 1162 3387 universalibus
1178 3321 1339 3388 Conciliis
1353 3318 1444 3391 editis,
1456 3306 1488 3371 vel

419 3430 631 3512 generalibus
655 3425 971 3494 Constitutionibus.
998 3424 1131 3508 Quibus
1158 3427 1317 3490 omnibus
1333 3435 1364 3490 et
1377 3412 1489 3500 singulis

420 3533 552 3597 etiamsi
575 3532 729 3614 specialis
758 3531 885 3594 mentio
910 3529 1068 3594 habenda
1096 3529 1192 3608 toret,
1219 3531 1367 3612 ipsarum
1391 3531 1489 3588 tenores

421 3637 652 3718 praesentibus
690 3655 751 3718 pro
784 3633 952 3716 expressis
984 3632 1156 3711 habentes,
1190 3634 1233 3698 ad
1268 3631 1487 3717 praemissorum

420 3738 577 3805 effectum
601 3739 765 3804 latissime
780 3746 814 3802 et
830 3737 1023 3820 plenissime
1047 3757 1087 3800 ac
1114 3737 1304 3820 specialiter
1319 3745 1351 3801 et
1366 3736 1488 3813 expreSSe

418 3844 629 3926 derogamus,
644 3843 830 3924 ceterisque
845 3840 1021 3904 contrariis
1037 3839 1313 3924 quibuscumque.

463 3949 638 4012 Praeterea
673 3946 839 4022 volumus,
864 3954 902 4008 ut
929 3944 1047 4009 harum
1078 3943 1265 4010 litterarum
1301 3929 1489 4014 transumptis,

419 4051 521 4115 etiam
538 4050 718 4135 impressis,
735 4069 836 4113 manu
862 4058 977 4113 tamen
1003 4049 1126 4112 notarii
1143 4048 1340 4131 subscriptis
1362 4057 1391 4109 et
1408 4031 1487 4118 sigill⁰

420 4173 583 4233 personae
599 4157 632 4218 in
649 4155 874 4222 ecclesiastica
897 4159 1066 4242 dignitate
1088 4161 1296 4225 constitutae
1313 4153 1440 4224 munitis,
1451 4161 1486 4205 εἰ·

420 4257 498 4319 dem
515 4277 650 4338 prorsus
663 4257 746 4322 fides
761 4261 973 4342 adhibeatur,
982 4283 1070 4347 quae
1082 4263 1295 4347 presentibus
1307 4259 1486 4328 adhiberetur.

421 4359 450 4419 si
468 4356 575 4423 forent
591 4361 765 4425 exhibitae
781 4363 833 4427 vel
849 4373 1015 4433 ostensae.
