<?xml version="1.0" encoding="UTF-8"?>
<!DOCTYPE html PUBLIC "-//W3C//DTD XHTML 1.0 Transitional//EN"
    "http://www.w3.org/TR/xhtml1/DTD/xhtml1-transitional.dtd">
<html xmlns="http://www.w3.org/1999/xhtml" xml:lang="en" lang="en">
 <head>
  <title>
</title>
<meta http-equiv="Content-Type" content="text/html;charset=utf-8" />
  <meta name='ocr-system' content='tesseract 3.04.00' />
  <meta name='ocr-capabilities' content='ocr_page ocr_carea ocr_par ocr_line ocrx_word'/>
</head>
<body>
  <div class='ocr_page' id='page_1' title='image "./sanctissimidomi04xiiigoog_0695.png"; bbox 0 0 3117 4859; ppageno 0'>
   <div class='ocr_carea' id='block_1_1' title="bbox 430 379 1189 455">
    <p class='ocr_par' dir='ltr' id='par_1_1' title="bbox 430 379 1189 455">
     <span class='ocr_line' id='line_1_1' title="bbox 430 379 1189 455; baseline 0.003 -24"><span class='ocrx_word' id='word_1_1' title='bbox 430 380 553 433; x_wconf 81' lang='lat' dir='ltr'>INDEX</span> <span class='ocrx_word' id='word_1_2' title='bbox 580 380 833 443; x_wconf 75' lang='lat' dir='ltr'>nunnv&#39;ncus.</span> <span class='ocrx_word' id='word_1_3' title='bbox 1116 379 1189 455; x_wconf 76' lang='lat'>327</span> 
     </span>
    </p>
   </div>
   <div class='ocr_carea' id='block_1_2' title="bbox 73 533 1195 2187">
    <p class='ocr_par' dir='ltr' id='par_1_2' title="bbox 73 533 1195 2187">
     <span class='ocr_line' id='line_1_2' title="bbox 77 533 1191 608; baseline 0.002 -19"><span class='ocrx_word' id='word_1_4' title='bbox 77 535 106 589; x_wconf 91' lang='lat' dir='ltr'>in</span> <span class='ocrx_word' id='word_1_5' title='bbox 119 534 182 589; x_wconf 89' lang='lat' dir='ltr'>dies</span> <span class='ocrx_word' id='word_1_6' title='bbox 191 533 377 588; x_wconf 80' lang='lat' dir='ltr'>incrementis</span> <span class='ocrx_word' id='word_1_7' title='bbox 398 542 565 603; x_wconf 76' lang='lat' dir='ltr'><strong>augeantur,</strong></span> <span class='ocrx_word' id='word_1_8' title='bbox 578 542 692 603; x_wconf 83' lang='lat' dir='ltr'>oportet</span> <span class='ocrx_word' id='word_1_9' title='bbox 711 544 742 590; x_wconf 90' lang='lat' dir='ltr'>ut</span> <span class='ocrx_word' id='word_1_10' title='bbox 756 534 893 590; x_wconf 85' lang='lat' dir='ltr'>Ecclesia</span> <span class='ocrx_word' id='word_1_11' title='bbox 905 537 968 607; x_wconf 85' lang='lat' dir='ltr'>pari</span> <span class='ocrx_word' id='word_1_12' title='bbox 990 536 1191 608; x_wconf 76' lang='lat' dir='ltr'>progrediatur</span> 
     </span>
     <span class='ocr_line' id='line_1_3' title="bbox 76 619 1192 695; baseline 0.001 -18"><span class='ocrx_word' id='word_1_13' title='bbox 76 638 186 691; x_wconf 84' lang='lat' dir='ltr'>gressu,</span> <span class='ocrx_word' id='word_1_14' title='bbox 207 620 355 691; x_wconf 82' lang='lat' dir='ltr'>prositque</span> <span class='ocrx_word' id='word_1_15' title='bbox 375 619 523 676; x_wconf 88' lang='lat' dir='ltr'>civitatum</span> <span class='ocrx_word' id='word_1_16' title='bbox 548 620 760 677; x_wconf 86' lang='lat' dir='ltr'>incrementis:</span> <span class='ocrx_word' id='word_1_17' title='bbox 778 623 856 677; x_wconf 88' lang='lat' dir='ltr'>hunc</span> <span class='ocrx_word' id='word_1_18' title='bbox 878 639 948 678; x_wconf 87' lang='lat' dir='ltr'>vero</span> <span class='ocrx_word' id='word_1_19' title='bbox 968 622 1056 678; x_wconf 87' lang='lat' dir='ltr'>finem</span> <span class='ocrx_word' id='word_1_20' title='bbox 1081 632 1192 695; x_wconf 89' lang='lat' dir='ltr'>spectat</span> 
     </span>
     <span class='ocr_line' id='line_1_4' title="bbox 77 704 1191 781; baseline 0.003 -18"><span class='ocrx_word' id='word_1_21' title='bbox 77 708 237 779; x_wconf 90' lang='lat' dir='ltr'>apostolica</span> <span class='ocrx_word' id='word_1_22' title='bbox 248 708 356 777; x_wconf 86' lang='lat' dir='ltr'>legatio</span> <span class='ocrx_word' id='word_1_23' title='bbox 371 722 461 776; x_wconf 87' lang='lat' dir='ltr'>19·2o.</span> <span class='ocrx_word' id='word_1_24' title='bbox 472 737 506 747; x_wconf 95' lang='lat'>—</span> <span class='ocrx_word' id='word_1_25' title='bbox 518 704 651 763; x_wconf 84' lang='lat' dir='ltr'>Pontifex</span> <span class='ocrx_word' id='word_1_26' title='bbox 664 708 702 763; x_wconf 90' lang='lat' dir='ltr'>ad</span> <span class='ocrx_word' id='word_1_27' title='bbox 716 709 869 765; x_wconf 84' lang='lat' dir='ltr'>Ecclesiae</span> <span class='ocrx_word' id='word_1_28' title='bbox 881 710 1054 781; x_wconf 88' lang='lat' dir='ltr'>obsequium</span> <span class='ocrx_word' id='word_1_29' title='bbox 1076 710 1191 767; x_wconf 86' lang='lat' dir='ltr'>Fideles</span> 
     </span>
     <span class='ocr_line' id='line_1_5' title="bbox 77 795 1191 869; baseline 0.002 -18"><span class='ocrx_word' id='word_1_30' title='bbox 77 796 254 864; x_wconf 87' lang='lat' dir='ltr'>adhortatur,</span> <span class='ocrx_word' id='word_1_31' title='bbox 265 795 508 867; x_wconf 80' lang='lat' dir='ltr'>commendatque</span> <span class='ocrx_word' id='word_1_32' title='bbox 526 796 634 865; x_wconf 82' lang='lat' dir='ltr'>dogma</span> <span class='ocrx_word' id='word_1_33' title='bbox 646 796 683 852; x_wconf 88' lang='lat' dir='ltr'>de</span> <span class='ocrx_word' id='word_1_34' title='bbox 697 796 807 851; x_wconf 90' lang='lat' dir='ltr'>unitate</span> <span class='ocrx_word' id='word_1_35' title='bbox 819 807 848 853; x_wconf 88' lang='lat' dir='ltr'>et</span> <span class='ocrx_word' id='word_1_36' title='bbox 861 798 1056 869; x_wconf 84' lang='lat' dir='ltr'>perpetuitate</span> <span class='ocrx_word' id='word_1_37' title='bbox 1065 798 1191 869; x_wconf 87' lang='lat' dir='ltr'>conjugii</span> 
     </span>
     <span class='ocr_line' id='line_1_6' title="bbox 78 882 1191 957; baseline 0.003 -18"><span class='ocrx_word' id='word_1_38' title='bbox 78 896 193 939; x_wconf 88' lang='lat' dir='ltr'>strenue</span> <span class='ocrx_word' id='word_1_39' title='bbox 205 884 353 949; x_wconf 89' lang='lat' dir='ltr'>tuendum,</span> <span class='ocrx_word' id='word_1_40' title='bbox 365 882 472 954; x_wconf 88' lang='lat' dir='ltr'>quippe</span> <span class='ocrx_word' id='word_1_41' title='bbox 485 882 563 953; x_wconf 90' lang='lat' dir='ltr'>qnod</span> <span class='ocrx_word' id='word_1_42' title='bbox 576 900 633 938; x_wconf 90' lang='lat' dir='ltr'>non</span> <span class='ocrx_word' id='word_1_43' title='bbox 647 885 742 939; x_wconf 90' lang='lat' dir='ltr'>minus</span> <span class='ocrx_word' id='word_1_44' title='bbox 754 884 889 941; x_wconf 84' lang='lat' dir='ltr'>societati</span> <span class='ocrx_word' id='word_1_45' title='bbox 912 885 988 940; x_wconf 80' lang='lat' dir='ltr'>civili</span> <span class='ocrx_word' id='word_1_46' title='bbox 1002 886 1091 955; x_wconf 90' lang='lat' dir='ltr'>prosit</span> <span class='ocrx_word' id='word_1_47' title='bbox 1104 902 1191 957; x_wconf 86' lang='lat' dir='ltr'>quam</span> 
     </span>
     <span class='ocr_line' id='line_1_7' title="bbox 77 970 1192 1043; baseline 0.002 -18"><span class='ocrx_word' id='word_1_48' title='bbox 77 971 262 1027; x_wconf 86' lang='lat' dir='ltr'>domesticae.</span> <span class='ocrx_word' id='word_1_49' title='bbox 288 972 405 1041; x_wconf 81' lang='lat' dir='ltr'>Quanta</span> <span class='ocrx_word' id='word_1_50' title='bbox 418 971 454 1026; x_wconf 90' lang='lat' dir='ltr'>sit</span> <span class='ocrx_word' id='word_1_51' title='bbox 467 970 581 1027; x_wconf 86' lang='lat' dir='ltr'>divortii</span> <span class='ocrx_word' id='word_1_52' title='bbox 603 971 694 1043; x_wconf 89' lang='lat' dir='ltr'>pestis</span> <span class='ocrx_word' id='word_1_53' title='bbox 706 971 824 1042; x_wconf 87' lang='lat' dir='ltr'>exponit</span> <span class='ocrx_word' id='word_1_54' title='bbox 836 987 879 1027; x_wconf 89' lang='grc' dir='ltr'>2ο.</span> <span class='ocrx_word' id='word_1_55' title='bbox 894 1002 930 1013; x_wconf 94' lang='grc'>-</span> <span class='ocrx_word' id='word_1_56' title='bbox 953 974 1023 1028; x_wconf 87' lang='lat' dir='ltr'>Vult</span> <span class='ocrx_word' id='word_1_57' title='bbox 1034 973 1192 1031; x_wconf 89' lang='lat' dir='ltr'>catholicos</span> 
     </span>
     <span class='ocr_line' id='line_1_8' title="bbox 77 1059 1193 1131; baseline 0.003 -18"><span class='ocrx_word' id='word_1_58' title='bbox 77 1060 184 1129; x_wconf 89' lang='lat' dir='ltr'>probos</span> <span class='ocrx_word' id='word_1_59' title='bbox 196 1060 328 1129; x_wconf 89' lang='lat' dir='ltr'>beneque</span> <span class='ocrx_word' id='word_1_60' title='bbox 347 1068 473 1114; x_wconf 87' lang='lat' dir='ltr'>moratos</span> <span class='ocrx_word' id='word_1_61' title='bbox 495 1059 574 1115; x_wconf 80' lang='lat' dir='ltr'>cives</span> <span class='ocrx_word' id='word_1_62' title='bbox 600 1076 664 1115; x_wconf 88' lang='lat' dir='ltr'>sese</span> <span class='ocrx_word' id='word_1_63' title='bbox 684 1076 793 1129; x_wconf 86' lang='lat' dir='ltr'>gerere,</span> <span class='ocrx_word' id='word_1_64' title='bbox 815 1061 917 1131; x_wconf 88' lang='lat' dir='ltr'>eisque</span> <span class='ocrx_word' id='word_1_65' title='bbox 934 1061 1040 1117; x_wconf 87' lang='lat' dir='ltr'>civium</span> <span class='ocrx_word' id='word_1_66' title='bbox 1061 1061 1155 1117; x_wconf 85' lang='lat' dir='ltr'>officia</span> <span class='ocrx_word' id='word_1_67' title='bbox 1175 1079 1193 1116; x_wconf 92' lang='lat' dir='ltr'>a</span> 
     </span>
     <span class='ocr_line' id='line_1_9' title="bbox 78 1147 1194 1223; baseline 0.004 -22"><span class='ocrx_word' id='word_1_68' title='bbox 78 1148 164 1203; x_wconf 89' lang='lat' dir='ltr'>Clero</span> <span class='ocrx_word' id='word_1_69' title='bbox 188 1149 293 1218; x_wconf 89' lang='lat' dir='ltr'>exponi</span> <span class='ocrx_word' id='word_1_70' title='bbox 318 1147 489 1217; x_wconf 89' lang='lat' dir='ltr'>deprompta</span> <span class='ocrx_word' id='word_1_71' title='bbox 506 1156 567 1202; x_wconf 91' lang='lat' dir='ltr'>tum</span> <span class='ocrx_word' id='word_1_72' title='bbox 580 1164 615 1201; x_wconf 92' lang='lat' dir='ltr'>ex</span> <span class='ocrx_word' id='word_1_73' title='bbox 637 1147 754 1202; x_wconf 89' lang='lat' dir='ltr'>Litteris</span> <span class='ocrx_word' id='word_1_74' title='bbox 778 1148 936 1219; x_wconf 82' lang='lat' dir='ltr'>encyclicis</span> <span class='ocrx_word' id='word_1_75' title='bbox 958 1158 1044 1205; x_wconf 84' lang='lat' dir='ltr'>antea</span> <span class='ocrx_word' id='word_1_76' title='bbox 1069 1149 1194 1223; x_wconf 89' lang='lat' dir='ltr'>scriptis,</span> 
     </span>
     <span class='ocr_line' id='line_1_10' title="bbox 77 1233 1193 1309; baseline 0.004 -20"><span class='ocrx_word' id='word_1_77' title='bbox 77 1244 138 1289; x_wconf 91' lang='lat' dir='ltr'>tum</span> <span class='ocrx_word' id='word_1_78' title='bbox 150 1250 185 1289; x_wconf 89' lang='lat' dir='ltr'>ex</span> <span class='ocrx_word' id='word_1_79' title='bbox 206 1234 320 1291; x_wconf 87' lang='lat' dir='ltr'>statutis</span> <span class='ocrx_word' id='word_1_80' title='bbox 334 1233 457 1293; x_wconf 89' lang='lat' dir='ltr'>Concilii</span> <span class='ocrx_word' id='word_1_81' title='bbox 472 1234 691 1290; x_wconf 89' lang='lat' dir='ltr'>Baltimorensis</span> <span class='ocrx_word' id='word_1_82' title='bbox 707 1237 751 1289; x_wconf 95' lang='lat' dir='ltr'>Ill</span> <span class='ocrx_word' id='word_1_83' title='bbox 765 1251 807 1291; x_wconf 88' lang='lat'>21.</span> <span class='ocrx_word' id='word_1_84' title='bbox 829 1265 863 1275; x_wconf 95' lang='lat'>—</span> <span class='ocrx_word' id='word_1_85' title='bbox 876 1238 1012 1293; x_wconf 88' lang='lat' dir='ltr'>Deterret</span> <span class='ocrx_word' id='word_1_86' title='bbox 1025 1237 1144 1309; x_wconf 87' lang='lat' dir='ltr'>opifices</span> <span class='ocrx_word' id='word_1_87' title='bbox 1156 1237 1193 1293; x_wconf 93' lang='lat' dir='ltr'>ab</span> 
     </span>
     <span class='ocr_line' id='line_1_11' title="bbox 75 1322 1193 1393; baseline 0.004 -17"><span class='ocrx_word' id='word_1_88' title='bbox 75 1322 133 1377; x_wconf 89' lang='lat' dir='ltr'>illis</span> <span class='ocrx_word' id='word_1_89' title='bbox 145 1323 329 1378; x_wconf 88' lang='lat' dir='ltr'>societatibus</span> <span class='ocrx_word' id='word_1_90' title='bbox 343 1340 414 1393; x_wconf 89' lang='lat' dir='ltr'>quas</span> <span class='ocrx_word' id='word_1_91' title='bbox 427 1322 585 1378; x_wconf 85' lang='lat' dir='ltr'>auctoritas</span> <span class='ocrx_word' id='word_1_92' title='bbox 598 1323 798 1379; x_wconf 88' lang='lat' dir='ltr'>ecclesiastica</span> <span class='ocrx_word' id='word_1_93' title='bbox 810 1324 959 1380; x_wconf 88' lang='lat' dir='ltr'>damnavit</span> <span class='ocrx_word' id='word_1_94' title='bbox 972 1325 1018 1381; x_wconf 90' lang='lat' dir='ltr'>vel</span> <span class='ocrx_word' id='word_1_95' title='bbox 1030 1326 1119 1381; x_wconf 90' lang='lat' dir='ltr'>habet</span> <span class='ocrx_word' id='word_1_96' title='bbox 1132 1342 1193 1382; x_wconf 92' lang='lat' dir='ltr'>sus·</span> 
     </span>
     <span class='ocr_line' id='line_1_12' title="bbox 76 1410 1193 1482; baseline 0.003 -17"><span class='ocrx_word' id='word_1_97' title='bbox 76 1420 184 1479; x_wconf 88' lang='lat' dir='ltr'>pectas,</span> <span class='ocrx_word' id='word_1_98' title='bbox 198 1428 251 1465; x_wconf 88' lang='lat' dir='ltr'>uec</span> <span class='ocrx_word' id='word_1_99' title='bbox 260 1412 319 1466; x_wconf 86' lang='lat' dir='ltr'>vult</span> <span class='ocrx_word' id='word_1_100' title='bbox 332 1410 396 1465; x_wconf 88' lang='lat' dir='ltr'>illos</span> <span class='ocrx_word' id='word_1_101' title='bbox 404 1427 472 1465; x_wconf 88' lang='lat' dir='ltr'>cum</span> <span class='ocrx_word' id='word_1_102' title='bbox 481 1410 651 1465; x_wconf 89' lang='lat' dir='ltr'>acatholicis</span> <span class='ocrx_word' id='word_1_103' title='bbox 665 1412 749 1467; x_wconf 87' lang='lat' dir='ltr'>facile</span> <span class='ocrx_word' id='word_1_104' title='bbox 759 1412 930 1482; x_wconf 87' lang='lat' dir='ltr'>congregari</span> <span class='ocrx_word' id='word_1_105' title='bbox 941 1428 1077 1467; x_wconf 88' lang='lat'><strong>21-22.-</strong></span> <span class='ocrx_word' id='word_1_106' title='bbox 1088 1413 1193 1469; x_wconf 87' lang='lat' dir='ltr'>Catho-</span> 
     </span>
     <span class='ocr_line' id='line_1_13' title="bbox 75 1496 1195 1571; baseline 0.003 -18"><span class='ocrx_word' id='word_1_107' title='bbox 75 1500 197 1553; x_wconf 90' lang='lat' dir='ltr'>licorum</span> <span class='ocrx_word' id='word_1_108' title='bbox 211 1496 364 1554; x_wconf 88' lang='lat' dir='ltr'>societates</span> <span class='ocrx_word' id='word_1_109' title='bbox 377 1498 525 1569; x_wconf 89' lang='lat' dir='ltr'>quomodo</span> <span class='ocrx_word' id='word_1_110' title='bbox 538 1515 570 1553; x_wconf 92' lang='lat' dir='ltr'>se</span> <span class='ocrx_word' id='word_1_111' title='bbox 582 1515 684 1569; x_wconf 89' lang='lat' dir='ltr'>gerere</span> <span class='ocrx_word' id='word_1_112' title='bbox 696 1500 823 1555; x_wconf 86' lang='lat' dir='ltr'>debeant</span> <span class='ocrx_word' id='word_1_113' title='bbox 831 1500 950 1569; x_wconf 84' lang='lat' dir='ltr'>exponit</span> <span class='ocrx_word' id='word_1_114' title='bbox 963 1516 1006 1556; x_wconf 86' lang='lat'>22.</span> <span class='ocrx_word' id='word_1_115' title='bbox 1019 1529 1055 1541; x_wconf 90' lang='lat'>-</span> <span class='ocrx_word' id='word_1_116' title='bbox 1068 1502 1195 1571; x_wconf 89' lang='lat' dir='ltr'>Exoptat</span> 
     </span>
     <span class='ocr_line' id='line_1_14' title="bbox 75 1585 1194 1660; baseline 0.003 -17"><span class='ocrx_word' id='word_1_117' title='bbox 75 1598 107 1643; x_wconf 91' lang='lat' dir='ltr'>ut</span> <span class='ocrx_word' id='word_1_118' title='bbox 120 1589 278 1657; x_wconf 88' lang='lat' dir='ltr'>scriptores</span> <span class='ocrx_word' id='word_1_119' title='bbox 288 1585 423 1642; x_wconf 88' lang='lat' dir='ltr'>catholici</span> <span class='ocrx_word' id='word_1_120' title='bbox 434 1603 554 1643; x_wconf 88' lang='lat' dir='ltr'>numero</span> <span class='ocrx_word' id='word_1_121' title='bbox 564 1596 705 1657; x_wconf 85' lang='lat' dir='ltr'>crescant,</span> <span class='ocrx_word' id='word_1_122' title='bbox 718 1588 901 1659; x_wconf 89' lang='lat' dir='ltr'>doceantque</span> <span class='ocrx_word' id='word_1_123' title='bbox 912 1590 957 1645; x_wconf 82' lang='lat' dir='ltr'>vel</span> <span class='ocrx_word' id='word_1_124' title='bbox 971 1588 1026 1660; x_wconf 91' lang='lat' dir='ltr'>ipsi</span> <span class='ocrx_word' id='word_1_125' title='bbox 1036 1589 1194 1646; x_wconf 89' lang='lat' dir='ltr'>catholicos</span> 
     </span>
     <span class='ocr_line' id='line_1_15' title="bbox 74 1675 1193 1745; baseline 0.001 -14"><span class='ocrx_word' id='word_1_126' title='bbox 74 1677 264 1731; x_wconf 84' lang='lat' dir='ltr'>Americanos</span> <span class='ocrx_word' id='word_1_127' title='bbox 277 1675 373 1731; x_wconf 87' lang='lat' dir='ltr'>officia</span> <span class='ocrx_word' id='word_1_128' title='bbox 388 1692 441 1730; x_wconf 88' lang='lat' dir='ltr'>sua</span> <span class='ocrx_word' id='word_1_129' title='bbox 454 1689 545 1743; x_wconf 87' lang='lat'><strong>22·23.</strong></span> <span class='ocrx_word' id='word_1_130' title='bbox 562 1703 594 1714; x_wconf 89' lang='lat'>—-</span> <span class='ocrx_word' id='word_1_131' title='bbox 607 1675 769 1745; x_wconf 89' lang='lat' dir='ltr'>Scriptores</span> <span class='ocrx_word' id='word_1_132' title='bbox 789 1677 850 1731; x_wconf 86' lang='lat' dir='ltr'>vult</span> <span class='ocrx_word' id='word_1_133' title='bbox 862 1676 1050 1732; x_wconf 86' lang='lat' dir='ltr'>concordiam</span> <span class='ocrx_word' id='word_1_134' title='bbox 1072 1678 1193 1733; x_wconf 81' lang='lat' dir='ltr'>interae</span> 
     </span>
     <span class='ocr_line' id='line_1_16' title="bbox 74 1763 1191 1836; baseline -0.001 -16"><span class='ocrx_word' id='word_1_135' title='bbox 74 1774 105 1820; x_wconf 94' lang='lat' dir='ltr'>et</span> <span class='ocrx_word' id='word_1_136' title='bbox 119 1764 329 1835; x_wconf 89' lang='lat' dir='ltr'>Episcoporum</span> <span class='ocrx_word' id='word_1_137' title='bbox 338 1763 527 1818; x_wconf 89' lang='lat' dir='ltr'>reverentiam</span> <span class='ocrx_word' id='word_1_138' title='bbox 538 1763 700 1833; x_wconf 85' lang='lat' dir='ltr'>observare,</span> <span class='ocrx_word' id='word_1_139' title='bbox 709 1775 739 1819; x_wconf 91' lang='lat' dir='ltr'>ut</span> <span class='ocrx_word' id='word_1_140' title='bbox 749 1765 790 1819; x_wconf 88' lang='lat' dir='ltr'>rei</span> <span class='ocrx_word' id='word_1_141' title='bbox 803 1765 966 1821; x_wconf 90' lang='lat' dir='ltr'>catholicae</span> <span class='ocrx_word' id='word_1_142' title='bbox 977 1764 1089 1836; x_wconf 85' lang='lat' dir='ltr'>prosint</span> <span class='ocrx_word' id='word_1_143' title='bbox 1100 1779 1191 1833; x_wconf 83' lang='lat'><strong>23·24.</strong></span> 
     </span>
     <span class='ocr_line' id='line_1_17' title="bbox 74 1850 1192 1921; baseline -0.003 -15"><span class='ocrx_word' id='word_1_144' title='bbox 74 1883 112 1891; x_wconf 91' lang='lat'>-</span> <span class='ocrx_word' id='word_1_145' title='bbox 122 1851 326 1907; x_wconf 81' lang='lat' dir='ltr'>conversionis</span> <span class='ocrx_word' id='word_1_146' title='bbox 341 1850 543 1907; x_wconf 87' lang='lat' dir='ltr'>dissidentium</span> <span class='ocrx_word' id='word_1_147' title='bbox 556 1850 799 1921; x_wconf 87' lang='lat' dir='ltr'>studiosissimus,</span> <span class='ocrx_word' id='word_1_148' title='bbox 817 1852 937 1907; x_wconf 89' lang='lat' dir='ltr'>conlidit</span> <span class='ocrx_word' id='word_1_149' title='bbox 951 1852 1072 1908; x_wconf 82' lang='lat' dir='ltr'>caritate</span> <span class='ocrx_word' id='word_1_150' title='bbox 1083 1868 1118 1907; x_wconf 91' lang='lat' dir='ltr'>ac</span> <span class='ocrx_word' id='word_1_151' title='bbox 1130 1866 1192 1921; x_wconf 89' lang='lat' dir='ltr'>per·</span> 
     </span>
     <span class='ocr_line' id='line_1_18' title="bbox 74 1938 1192 2011; baseline -0.002 -16"><span class='ocrx_word' id='word_1_152' title='bbox 74 1940 211 1995; x_wconf 86' lang='lat' dir='ltr'>suasione</span> <span class='ocrx_word' id='word_1_153' title='bbox 226 1939 437 2010; x_wconf 86' lang='lat' dir='ltr'>Episcoporum</span> <span class='ocrx_word' id='word_1_154' title='bbox 456 1950 485 1995; x_wconf 91' lang='lat' dir='ltr'>et</span> <span class='ocrx_word' id='word_1_155' title='bbox 500 1938 585 2005; x_wconf 88' lang='lat' dir='ltr'>Cleri,</span> <span class='ocrx_word' id='word_1_156' title='bbox 607 1955 721 1994; x_wconf 89' lang='lat' dir='ltr'>necnon</span> <span class='ocrx_word' id='word_1_157' title='bbox 742 1940 884 1995; x_wconf 87' lang='lat' dir='ltr'>laicorum</span> <span class='ocrx_word' id='word_1_158' title='bbox 905 1940 1044 2011; x_wconf 84' lang='lat' dir='ltr'>exemplis</span> <span class='ocrx_word' id='word_1_159' title='bbox 1060 1948 1192 1995; x_wconf 86' lang='lat' dir='ltr'>errantes</span> 
     </span>
     <span class='ocr_line' id='line_1_19' title="bbox 74 2025 1191 2098; baseline -0.001 -16"><span class='ocrx_word' id='word_1_160' title='bbox 74 2045 144 2084; x_wconf 87' lang='lat' dir='ltr'>oves</span> <span class='ocrx_word' id='word_1_161' title='bbox 158 2028 186 2082; x_wconf 88' lang='lat' dir='ltr'>in</span> <span class='ocrx_word' id='word_1_162' title='bbox 202 2026 353 2083; x_wconf 89' lang='lat' dir='ltr'>Ecclesiae</span> <span class='ocrx_word' id='word_1_163' title='bbox 374 2026 554 2098; x_wconf 90' lang='lat' dir='ltr'>complexum</span> <span class='ocrx_word' id='word_1_164' title='bbox 577 2026 738 2083; x_wconf 89' lang='lat' dir='ltr'>restitutum</span> <span class='ocrx_word' id='word_1_165' title='bbox 752 2027 806 2094; x_wconf 87' lang='lat' dir='ltr'>iri;</span> <span class='ocrx_word' id='word_1_166' title='bbox 827 2028 892 2082; x_wconf 91' lang='lat' dir='ltr'>Indi</span> <span class='ocrx_word' id='word_1_167' title='bbox 905 2028 994 2083; x_wconf 88' lang='lat' dir='ltr'>etiarn</span> <span class='ocrx_word' id='word_1_168' title='bbox 1012 2035 1041 2084; x_wconf 87' lang='lat' dir='ltr'>et</span> <span class='ocrx_word' id='word_1_169' title='bbox 1058 2025 1191 2097; x_wconf 85' lang='lat' dir='ltr'>Nigritae</span> 
     </span>
     <span class='ocr_line' id='line_1_20' title="bbox 73 2114 804 2187; baseline -0.003 -16"><span class='ocrx_word' id='word_1_170' title='bbox 73 2125 191 2187; x_wconf 90' lang='lat' dir='ltr'>exoptat</span> <span class='ocrx_word' id='word_1_171' title='bbox 206 2125 235 2169; x_wconf 89' lang='lat' dir='ltr'>ut</span> <span class='ocrx_word' id='word_1_172' title='bbox 249 2132 314 2169; x_wconf 90' lang='lat' dir='ltr'>mox</span> <span class='ocrx_word' id='word_1_173' title='bbox 327 2114 389 2176; x_wconf 81' lang='lat' dir='ltr'>luce</span> <span class='ocrx_word' id='word_1_174' title='bbox 403 2114 555 2185; x_wconf 89' lang='lat' dir='ltr'>Evangelii</span> <span class='ocrx_word' id='word_1_175' title='bbox 568 2115 747 2171; x_wconf 90' lang='lat' dir='ltr'>illustrentur</span> <span class='ocrx_word' id='word_1_176' title='bbox 760 2130 804 2182; x_wconf 83' lang='lat'>24</span> 
     </span>
    </p>
   </div>
   <div class='ocr_carea' id='block_1_3' title="bbox 73 2239 1191 2394">
    <p class='ocr_par' dir='ltr' id='par_1_3' title="bbox 73 2239 1191 2394">
     <span class='ocr_line' id='line_1_21' title="bbox 110 2239 1121 2302; baseline 0 -12"><span class='ocrx_word' id='word_1_177' title='bbox 110 2240 139 2290; x_wconf 89' lang='grc'>7.</span> <span class='ocrx_word' id='word_1_178' title='bbox 165 2239 376 2290; x_wconf 78' lang='lat' dir='ltr'>EPISTOLA</span> <span class='ocrx_word' id='word_1_179' title='bbox 389 2240 433 2290; x_wconf 86' lang='lat' dir='ltr'>ad</span> <span class='ocrx_word' id='word_1_180' title='bbox 447 2240 626 2302; x_wconf 84' lang='lat' dir='ltr'>Eplscopos</span> <span class='ocrx_word' id='word_1_181' title='bbox 638 2241 841 2300; x_wconf 81' lang='lat' dir='ltr'>Lusitaniae,</span> <span class='ocrx_word' id='word_1_182' title='bbox 854 2241 895 2291; x_wconf 88' lang='lat' dir='ltr'>de</span> <span class='ocrx_word' id='word_1_183' title='bbox 908 2253 942 2290; x_wconf 89' lang='lat' dir='ltr'>re</span> <span class='ocrx_word' id='word_1_184' title='bbox 955 2239 1121 2291; x_wconf 81' lang='lat' dir='ltr'>catholiea</span> 
     </span>
     <span class='ocr_line' id='line_1_22' title="bbox 73 2323 1191 2394; baseline -0.002 -16"><span class='ocrx_word' id='word_1_185' title='bbox 73 2328 238 2391; x_wconf 85' lang='lat' dir='ltr'>augenda.</span> <span class='ocrx_word' id='word_1_186' title='bbox 262 2326 548 2379; x_wconf 73' lang='lat' dir='ltr'>-7Febn1tsss</span> <span class='ocrx_word' id='word_1_187' title='bbox 1018 2340 1081 2394; x_wconf 88' lang='lat' dir='ltr'>pag.</span> <span class='ocrx_word' id='word_1_188' title='bbox 1155 2323 1191 2377; x_wconf 88' lang='grc'>26</span> 
     </span>
    </p>
   </div>
   <div class='ocr_carea' id='block_1_4' title="bbox 69 2436 1190 2858">
    <p class='ocr_par' dir='ltr' id='par_1_4' title="bbox 69 2436 1190 2858">
     <span class='ocr_line' id='line_1_23' title="bbox 110 2436 1190 2508; baseline -0.001 -18"><span class='ocrx_word' id='word_1_189' title='bbox 110 2437 319 2506; x_wconf 88' lang='lat' dir='ltr'>Episcoporum</span> <span class='ocrx_word' id='word_1_190' title='bbox 340 2447 439 2492; x_wconf 89' lang='lat' dir='ltr'>coetus</span> <span class='ocrx_word' id='word_1_191' title='bbox 451 2436 537 2491; x_wconf 87' lang='lat' dir='ltr'>valde</span> <span class='ocrx_word' id='word_1_192' title='bbox 556 2437 659 2508; x_wconf 89' lang='lat' dir='ltr'>probat</span> <span class='ocrx_word' id='word_1_193' title='bbox 680 2436 820 2507; x_wconf 82' lang='lat' dir='ltr'>Pontifex,</span> <span class='ocrx_word' id='word_1_194' title='bbox 835 2436 915 2492; x_wconf 87' lang='lat' dir='ltr'>illum</span> <span class='ocrx_word' id='word_1_195' title='bbox 927 2436 1083 2507; x_wconf 90' lang='lat' dir='ltr'>praecipue</span> <span class='ocrx_word' id='word_1_196' title='bbox 1104 2451 1190 2505; x_wconf 90' lang='lat' dir='ltr'>quem</span> 
     </span>
     <span class='ocr_line' id='line_1_24' title="bbox 71 2523 1190 2595; baseline -0.001 -16"><span class='ocrx_word' id='word_1_197' title='bbox 71 2542 164 2595; x_wconf 90' lang='lat' dir='ltr'>nuper</span> <span class='ocrx_word' id='word_1_198' title='bbox 177 2525 354 2595; x_wconf 87' lang='lat' dir='ltr'>Olyssipone</span> <span class='ocrx_word' id='word_1_199' title='bbox 367 2525 559 2593; x_wconf 90' lang='lat' dir='ltr'>celebrarunt,</span> <span class='ocrx_word' id='word_1_200' title='bbox 572 2524 748 2595; x_wconf 90' lang='lat' dir='ltr'>quiquidem</span> <span class='ocrx_word' id='word_1_201' title='bbox 760 2526 870 2580; x_wconf 90' lang='lat' dir='ltr'>fructus</span> <span class='ocrx_word' id='word_1_202' title='bbox 883 2525 946 2580; x_wconf 90' lang='lat' dir='ltr'>tulit</span> <span class='ocrx_word' id='word_1_203' title='bbox 957 2523 1133 2579; x_wconf 91' lang='lat' dir='ltr'>laetissimos</span> <span class='ocrx_word' id='word_1_204' title='bbox 1146 2523 1190 2578; x_wconf 87' lang='grc'>26.</span> 
     </span>
     <span class='ocr_line' id='line_1_25' title="bbox 70 2611 1190 2682; baseline -0.001 -14"><span class='ocrx_word' id='word_1_205' title='bbox 70 2613 281 2668; x_wconf 88' lang='lat' dir='ltr'>-Ecclesiam</span> <span class='ocrx_word' id='word_1_206' title='bbox 303 2612 378 2668; x_wconf 89' lang='lat' dir='ltr'>inter</span> <span class='ocrx_word' id='word_1_207' title='bbox 389 2621 418 2667; x_wconf 94' lang='lat' dir='ltr'>et</span> <span class='ocrx_word' id='word_1_208' title='bbox 432 2611 577 2667; x_wconf 87' lang='lat' dir='ltr'>civitatem</span> <span class='ocrx_word' id='word_1_209' title='bbox 597 2613 781 2669; x_wconf 87' lang='lat' dir='ltr'>concordiam</span> <span class='ocrx_word' id='word_1_210' title='bbox 795 2613 880 2669; x_wconf 88' lang='lat' dir='ltr'>enixe</span> <span class='ocrx_word' id='word_1_211' title='bbox 892 2613 1090 2681; x_wconf 89' lang='lat' dir='ltr'>commendat,</span> <span class='ocrx_word' id='word_1_212' title='bbox 1103 2620 1190 2682; x_wconf 86' lang='lat' dir='ltr'>atque</span> 
     </span>
     <span class='ocr_line' id='line_1_26' title="bbox 69 2698 1189 2771; baseline 0 -16"><span class='ocrx_word' id='word_1_213' title='bbox 69 2700 242 2771; x_wconf 89' lang='lat' dir='ltr'>obsequium</span> <span class='ocrx_word' id='word_1_214' title='bbox 261 2710 289 2755; x_wconf 93' lang='lat' dir='ltr'>et</span> <span class='ocrx_word' id='word_1_215' title='bbox 311 2698 502 2755; x_wconf 90' lang='lat' dir='ltr'>reverentiam</span> <span class='ocrx_word' id='word_1_216' title='bbox 527 2700 683 2771; x_wconf 88' lang='lat' dir='ltr'>Episcopis</span> <span class='ocrx_word' id='word_1_217' title='bbox 702 2701 831 2757; x_wconf 88' lang='lat' dir='ltr'>debitam</span> <span class='ocrx_word' id='word_1_218' title='bbox 855 2700 992 2770; x_wconf 89' lang='lat' dir='ltr'>inculcat,</span> <span class='ocrx_word' id='word_1_219' title='bbox 1015 2699 1189 2756; x_wconf 88' lang='lat' dir='ltr'>nominatim</span> 
     </span>
     <span class='ocr_line' id='line_1_27' title="bbox 71 2787 554 2858; baseline 0 -15"><span class='ocrx_word' id='word_1_220' title='bbox 71 2788 299 2858; x_wconf 89' lang='lat' dir='ltr'>Ephemeridum</span> <span class='ocrx_word' id='word_1_221' title='bbox 309 2787 497 2857; x_wconf 89' lang='lat' dir='ltr'>scriptoribus</span> <span class='ocrx_word' id='word_1_222' title='bbox 511 2788 554 2843; x_wconf 83' lang='lat'>26.</span> 
     </span>
    </p>
   </div>
   <div class='ocr_carea' id='block_1_5' title="bbox 69 2914 1186 3068">
    <p class='ocr_par' dir='ltr' id='par_1_5' title="bbox 69 2914 1186 3068">
     <span class='ocr_line' id='line_1_28' title="bbox 106 2914 1116 2976; baseline -0.001 -10"><span class='ocrx_word' id='word_1_223' title='bbox 106 2916 134 2966; x_wconf 86' lang='lat'>8.</span> <span class='ocrx_word' id='word_1_224' title='bbox 156 2914 399 2967; x_wconf 82' lang='lat' dir='ltr'>ALLOGUTIO</span> <span class='ocrx_word' id='word_1_225' title='bbox 412 2915 456 2965; x_wconf 84' lang='lat' dir='ltr'>ad</span> <span class='ocrx_word' id='word_1_226' title='bbox 469 2914 499 2964; x_wconf 92' lang='lat' dir='ltr'>S.</span> <span class='ocrx_word' id='word_1_227' title='bbox 518 2917 558 2965; x_wconf 81' lang='lat' dir='ltr'>R.</span> <span class='ocrx_word' id='word_1_228' title='bbox 571 2916 607 2965; x_wconf 83' lang='lat' dir='ltr'>E.</span> <span class='ocrx_word' id='word_1_229' title='bbox 624 2916 826 2976; x_wconf 83' lang='lat' dir='ltr'>cardinales,</span> <span class='ocrx_word' id='word_1_230' title='bbox 841 2916 882 2966; x_wconf 91' lang='lat' dir='ltr'>de</span> <span class='ocrx_word' id='word_1_231' title='bbox 896 2916 1116 2966; x_wconf 79' lang='lat' dir='ltr'>Matrimonlo</span> 
     </span>
     <span class='ocr_line' id='line_1_29' title="bbox 69 2998 1186 3068; baseline 0 -15"><span class='ocrx_word' id='word_1_232' title='bbox 69 3004 609 3066; x_wconf 80' lang='lat' dir='ltr'>clvlllthungarla.—18Mar.</span> <span class='ocrx_word' id='word_1_233' title='bbox 625 3004 715 3054; x_wconf 81' lang='lat'><strong>1895.</strong></span> <span class='ocrx_word' id='word_1_234' title='bbox 1012 3014 1078 3068; x_wconf 88' lang='lat' dir='ltr'>pag.</span> <span class='ocrx_word' id='word_1_235' title='bbox 1150 2998 1186 3053; x_wconf 78' lang='lat'>28</span> 
     </span>
    </p>
   </div>
   <div class='ocr_carea' id='block_1_6' title="bbox 68 3116 1187 4330">
    <p class='ocr_par' dir='ltr' id='par_1_6' title="bbox 68 3116 1187 4330">
     <span class='ocr_line' id='line_1_30' title="bbox 109 3116 1186 3188; baseline -0.001 -12"><span class='ocrx_word' id='word_1_236' title='bbox 109 3122 196 3176; x_wconf 91' lang='lat' dir='ltr'>Dolet</span> <span class='ocrx_word' id='word_1_237' title='bbox 210 3118 342 3175; x_wconf 85' lang='lat' dir='ltr'>Pontifex</span> <span class='ocrx_word' id='word_1_238' title='bbox 367 3119 510 3174; x_wconf 88' lang='lat' dir='ltr'>sancitum</span> <span class='ocrx_word' id='word_1_239' title='bbox 526 3116 591 3188; x_wconf 85' lang='lat' dir='ltr'>lege&#39;</span> <span class='ocrx_word' id='word_1_240' title='bbox 615 3118 703 3173; x_wconf 88' lang='lat' dir='ltr'>fuisse</span> <span class='ocrx_word' id='word_1_241' title='bbox 719 3118 936 3174; x_wconf 88' lang='lat' dir='ltr'>matrimonium</span> <span class='ocrx_word' id='word_1_242' title='bbox 954 3118 1040 3175; x_wconf 87' lang='lat' dir='ltr'>civile</span> <span class='ocrx_word' id='word_1_243' title='bbox 1054 3118 1083 3173; x_wconf 90' lang='lat' dir='ltr'>in</span> <span class='ocrx_word' id='word_1_244' title='bbox 1104 3120 1186 3175; x_wconf 89' lang='lat' dir='ltr'>Hun-</span> 
     </span>
     <span class='ocr_line' id='line_1_31' title="bbox 68 3205 1187 3281; baseline -0.003 -16"><span class='ocrx_word' id='word_1_245' title='bbox 68 3210 151 3281; x_wconf 87' lang='lat' dir='ltr'>garia</span> <span class='ocrx_word' id='word_1_246' title='bbox 170 3208 289 3263; x_wconf 91' lang='lat' dir='ltr'>Renixis</span> <span class='ocrx_word' id='word_1_247' title='bbox 309 3207 415 3262; x_wconf 89' lang='lat' dir='ltr'>frustra</span> <span class='ocrx_word' id='word_1_248' title='bbox 434 3206 598 3277; x_wconf 90' lang='lat' dir='ltr'>Episcopis‚</span> <span class='ocrx_word' id='word_1_249' title='bbox 622 3206 715 3275; x_wconf 87' lang='lat' dir='ltr'>Clero,</span> <span class='ocrx_word' id='word_1_250' title='bbox 735 3206 943 3278; x_wconf 90' lang='lat' dir='ltr'>nonnullisque</span> <span class='ocrx_word' id='word_1_251' title='bbox 964 3205 1187 3276; x_wconf 88' lang='lat' dir='ltr'>legislatoribus,</span> 
     </span>
     <span class='ocr_line' id='line_1_32' title="bbox 68 3293 1186 3369; baseline -0.004 -17"><span class='ocrx_word' id='word_1_252' title='bbox 68 3298 257 3369; x_wconf 81' lang='lat' dir='ltr'>praevaluere</span> <span class='ocrx_word' id='word_1_253' title='bbox 278 3297 378 3350; x_wconf 88' lang='lat' dir='ltr'>hostes</span> <span class='ocrx_word' id='word_1_254' title='bbox 400 3293 548 3365; x_wconf 90' lang='lat' dir='ltr'>religionis</span> <span class='ocrx_word' id='word_1_255' title='bbox 570 3310 626 3364; x_wconf 90' lang='lat' dir='ltr'>qua</span> <span class='ocrx_word' id='word_1_256' title='bbox 639 3294 758 3364; x_wconf 88' lang='lat' dir='ltr'>quidem</span> <span class='ocrx_word' id='word_1_257' title='bbox 779 3294 910 3349; x_wconf 88' lang='lat' dir='ltr'>innititur</span> <span class='ocrx_word' id='word_1_258' title='bbox 932 3293 1082 3365; x_wconf 87' lang='lat' dir='ltr'>hungarici</span> <span class='ocrx_word' id='word_1_259' title='bbox 1103 3294 1186 3363; x_wconf 89' lang='lat' dir='ltr'>regni</span> 
     </span>
     <span class='ocr_line' id='line_1_33' title="bbox 69 3381 1187 3455; baseline -0.002 -16"><span class='ocrx_word' id='word_1_260' title='bbox 69 3386 163 3455; x_wconf 86' lang='lat' dir='ltr'>gloria</span> <span class='ocrx_word' id='word_1_261' title='bbox 176 3385 218 3439; x_wconf 89' lang='lat'>28.</span> <span class='ocrx_word' id='word_1_262' title='bbox 233 3414 267 3423; x_wconf 92' lang='lat'>-</span> <span class='ocrx_word' id='word_1_263' title='bbox 281 3383 430 3438; x_wconf 85' lang='lat' dir='ltr'>Pessimae</span> <span class='ocrx_word' id='word_1_264' title='bbox 449 3382 516 3437; x_wconf 89' lang='lat' dir='ltr'>illae</span> <span class='ocrx_word' id='word_1_265' title='bbox 530 3382 567 3438; x_wconf 90' lang='lat' dir='ltr'>de</span> <span class='ocrx_word' id='word_1_266' title='bbox 579 3381 763 3437; x_wconf 89' lang='lat' dir='ltr'>matrimonio</span> <span class='ocrx_word' id='word_1_267' title='bbox 776 3384 856 3451; x_wconf 87' lang='lat' dir='ltr'>leges</span> <span class='ocrx_word' id='word_1_268' title='bbox 868 3384 979 3438; x_wconf 90' lang='lat' dir='ltr'>centies</span> <span class='ocrx_word' id='word_1_269' title='bbox 992 3383 1030 3437; x_wconf 90' lang='lat' dir='ltr'>ab</span> <span class='ocrx_word' id='word_1_270' title='bbox 1052 3382 1187 3438; x_wconf 85' lang='lat' dir='ltr'>Ecclesia</span> 
     </span>
     <span class='ocr_line' id='line_1_34' title="bbox 69 3468 1185 3541; baseline -0.005 -13"><span class='ocrx_word' id='word_1_271' title='bbox 69 3485 137 3529; x_wconf 92' lang='lat' dir='ltr'>sunt</span> <span class='ocrx_word' id='word_1_272' title='bbox 150 3473 303 3528; x_wconf 89' lang='lat' dir='ltr'>damnatae</span> <span class='ocrx_word' id='word_1_273' title='bbox 317 3470 444 3539; x_wconf 86' lang='grc'><strong>28-29.-</strong></span> <span class='ocrx_word' id='word_1_274' title='bbox 455 3470 569 3524; x_wconf 89' lang='lat' dir='ltr'>Statuat</span> <span class='ocrx_word' id='word_1_275' title='bbox 581 3479 711 3541; x_wconf 88' lang='lat' dir='ltr'>potestas</span> <span class='ocrx_word' id='word_1_276' title='bbox 721 3469 814 3526; x_wconf 87' lang='lat' dir='ltr'>civilis</span> <span class='ocrx_word' id='word_1_277' title='bbox 827 3470 864 3525; x_wconf 87' lang='lat' dir='ltr'>de</span> <span class='ocrx_word' id='word_1_278' title='bbox 873 3470 908 3525; x_wconf 92' lang='lat' dir='ltr'>iis</span> <span class='ocrx_word' id='word_1_279' title='bbox 921 3487 996 3540; x_wconf 90' lang='lat' dir='ltr'>quae</span> <span class='ocrx_word' id='word_1_280' title='bbox 1010 3479 1142 3541; x_wconf 89' lang='lat' dir='ltr'>spectant</span> <span class='ocrx_word' id='word_1_281' title='bbox 1156 3468 1185 3523; x_wconf 92' lang='lat' dir='ltr'>in</span> 
     </span>
     <span class='ocr_line' id='line_1_35' title="bbox 70 3556 1186 3633; baseline -0.004 -15"><span class='ocrx_word' id='word_1_282' title='bbox 70 3560 212 3633; x_wconf 89' lang='lat' dir='ltr'>conjugiis</span> <span class='ocrx_word' id='word_1_283' title='bbox 235 3576 295 3614; x_wconf 92' lang='lat' dir='ltr'>rern</span> <span class='ocrx_word' id='word_1_284' title='bbox 308 3558 422 3615; x_wconf 89' lang='lat' dir='ltr'>civilem</span> <span class='ocrx_word' id='word_1_285' title='bbox 434 3578 441 3623; x_wconf 90' lang='lat'>;</span> <span class='ocrx_word' id='word_1_286' title='bbox 455 3558 492 3613; x_wconf 90' lang='lat' dir='ltr'>de</span> <span class='ocrx_word' id='word_1_287' title='bbox 514 3556 549 3613; x_wconf 89' lang='lat' dir='ltr'>iis</span> <span class='ocrx_word' id='word_1_288' title='bbox 562 3574 631 3612; x_wconf 87' lang='lat' dir='ltr'>vero</span> <span class='ocrx_word' id='word_1_289' title='bbox 644 3575 719 3628; x_wconf 91' lang='lat' dir='ltr'>quae</span> <span class='ocrx_word' id='word_1_290' title='bbox 731 3567 864 3629; x_wconf 90' lang='lat' dir='ltr'>spectant</span> <span class='ocrx_word' id='word_1_291' title='bbox 887 3558 1033 3614; x_wconf 86' lang='lat' dir='ltr'>vinculum</span> <span class='ocrx_word' id='word_1_292' title='bbox 1045 3556 1186 3627; x_wconf 89' lang='lat' dir='ltr'>maritale,</span> 
     </span>
     <span class='ocr_line' id='line_1_36' title="bbox 70 3645 1187 3716; baseline -0.006 -10"><span class='ocrx_word' id='word_1_293' title='bbox 70 3651 133 3707; x_wconf 89' lang='lat' dir='ltr'>sola</span> <span class='ocrx_word' id='word_1_294' title='bbox 146 3648 274 3704; x_wconf 90' lang='lat' dir='ltr'>decernit</span> <span class='ocrx_word' id='word_1_295' title='bbox 296 3647 430 3703; x_wconf 85' lang='lat' dir='ltr'>Ecclesia</span> <span class='ocrx_word' id='word_1_296' title='bbox 443 3662 486 3715; x_wconf 82' lang='lat'>29.</span> <span class='ocrx_word' id='word_1_297' title='bbox 500 3676 535 3685; x_wconf 92' lang='lat'><em>-</em></span> <span class='ocrx_word' id='word_1_298' title='bbox 547 3646 612 3715; x_wconf 89' lang='lat' dir='ltr'>Jam</span> <span class='ocrx_word' id='word_1_299' title='bbox 631 3662 682 3702; x_wconf 89' lang='lat' dir='ltr'>eas</span> <span class='ocrx_word' id='word_1_300' title='bbox 695 3647 842 3716; x_wconf 87' lang='lat' dir='ltr'>attingens</span> <span class='ocrx_word' id='word_1_301' title='bbox 854 3646 973 3714; x_wconf 87' lang='lat' dir='ltr'>injurias</span> <span class='ocrx_word' id='word_1_302' title='bbox 985 3664 1057 3714; x_wconf 88' lang='lat' dir='ltr'>quas</span> <span class='ocrx_word' id='word_1_303' title='bbox 1080 3645 1187 3716; x_wconf 90' lang='lat' dir='ltr'>patitur</span> 
     </span>
     <span class='ocr_line' id='line_1_37' title="bbox 70 3733 1185 3805; baseline -0.003 -14"><span class='ocrx_word' id='word_1_304' title='bbox 70 3738 160 3805; x_wconf 87' lang='lat' dir='ltr'>domi,</span> <span class='ocrx_word' id='word_1_305' title='bbox 170 3745 310 3791; x_wconf 89' lang='lat' dir='ltr'>memorat</span> <span class='ocrx_word' id='word_1_306' title='bbox 325 3734 457 3789; x_wconf 83' lang='lat' dir='ltr'>Pontifex</span> <span class='ocrx_word' id='word_1_307' title='bbox 469 3735 576 3790; x_wconf 91' lang='lat' dir='ltr'>multos</span> <span class='ocrx_word' id='word_1_308' title='bbox 589 3751 640 3803; x_wconf 91' lang='lat' dir='ltr'>per</span> <span class='ocrx_word' id='word_1_309' title='bbox 652 3734 764 3789; x_wconf 89' lang='lat' dir='ltr'>ltaliam</span> <span class='ocrx_word' id='word_1_310' title='bbox 779 3734 951 3805; x_wconf 87' lang='lat' dir='ltr'>Episcopos,</span> <span class='ocrx_word' id='word_1_311' title='bbox 961 3750 979 3788; x_wconf 89' lang='lat' dir='ltr'>a</span> <span class='ocrx_word' id='word_1_312' title='bbox 991 3751 1022 3790; x_wconf 88' lang='lat' dir='ltr'>se</span> <span class='ocrx_word' id='word_1_313' title='bbox 1030 3733 1185 3802; x_wconf 89' lang='lat' dir='ltr'>sublectos,</span> 
     </span>
     <span class='ocr_line' id='line_1_38' title="bbox 71 3818 1184 3892; baseline -0.004 -14"><span class='ocrx_word' id='word_1_314' title='bbox 71 3824 190 3879; x_wconf 90' lang='lat' dir='ltr'>sedibus</span> <span class='ocrx_word' id='word_1_315' title='bbox 203 3823 262 3877; x_wconf 88' lang='lat' dir='ltr'>suis</span> <span class='ocrx_word' id='word_1_316' title='bbox 276 3822 364 3877; x_wconf 88' lang='lat' dir='ltr'>fuisse</span> <span class='ocrx_word' id='word_1_317' title='bbox 377 3820 546 3892; x_wconf 90' lang='lat' dir='ltr'>prohibitos,</span> <span class='ocrx_word' id='word_1_318' title='bbox 561 3837 674 3875; x_wconf 88' lang='lat' dir='ltr'>summo</span> <span class='ocrx_word' id='word_1_319' title='bbox 686 3819 804 3891; x_wconf 88' lang='lat' dir='ltr'>quidem</span> <span class='ocrx_word' id='word_1_320' title='bbox 817 3820 995 3890; x_wconf 88' lang='lat' dir='ltr'>apostolicae</span> <span class='ocrx_word' id='word_1_321' title='bbox 1007 3818 1184 3874; x_wconf 84' lang='lat' dir='ltr'>auctoritatis</span> 
     </span>
     <span class='ocr_line' id='line_1_39' title="bbox 71 3905 1184 3979; baseline -0.006 -12"><span class='ocrx_word' id='word_1_322' title='bbox 71 3912 246 3967; x_wconf 89' lang='lat' dir='ltr'>detrimento</span> <span class='ocrx_word' id='word_1_323' title='bbox 259 3925 301 3979; x_wconf 85' lang='lat'>29.</span> <span class='ocrx_word' id='word_1_324' title='bbox 310 3939 344 3949; x_wconf 91' lang='lat'><em>-</em></span> <span class='ocrx_word' id='word_1_325' title='bbox 357 3908 526 3977; x_wconf 89' lang='lat' dir='ltr'>Composita</span> <span class='ocrx_word' id='word_1_326' title='bbox 538 3908 655 3978; x_wconf 91' lang='lat' dir='ltr'>quidem</span> <span class='ocrx_word' id='word_1_327' title='bbox 667 3908 720 3962; x_wconf 92' lang='lat' dir='ltr'>fuit</span> <span class='ocrx_word' id='word_1_328' title='bbox 734 3908 783 3962; x_wconf 86' lang='lat' dir='ltr'>illa</span> <span class='ocrx_word' id='word_1_329' title='bbox 796 3907 959 3962; x_wconf 87' lang='lat' dir='ltr'>dissensio:</span> <span class='ocrx_word' id='word_1_330' title='bbox 976 3916 1073 3962; x_wconf 86' lang='lat' dir='ltr'>manet</span> <span class='ocrx_word' id='word_1_331' title='bbox 1085 3905 1184 3961; x_wconf 84' lang='lat' dir='ltr'>tamerl</span> 
     </span>
     <span class='ocr_line' id='line_1_40' title="bbox 71 3992 1184 4067; baseline -0.006 -12"><span class='ocrx_word' id='word_1_332' title='bbox 71 3998 253 4055; x_wconf 87' lang='lat' dir='ltr'>intoleranda</span> <span class='ocrx_word' id='word_1_333' title='bbox 270 3996 355 4053; x_wconf 89' lang='lat' dir='ltr'>Sedis</span> <span class='ocrx_word' id='word_1_334' title='bbox 377 3996 563 4067; x_wconf 82' lang='lat' dir='ltr'>Apostolicae</span> <span class='ocrx_word' id='word_1_335' title='bbox 576 4012 713 4066; x_wconf 89' lang='lat' dir='ltr'>praesens</span> <span class='ocrx_word' id='word_1_336' title='bbox 734 3994 861 4050; x_wconf 90' lang='lat' dir='ltr'>conditio</span> <span class='ocrx_word' id='word_1_337' title='bbox 878 4009 969 4065; x_wconf 83' lang='lat'><strong>29-30.</strong></span> <span class='ocrx_word' id='word_1_338' title='bbox 982 4024 1018 4034; x_wconf 94' lang='lat'>-</span> <span class='ocrx_word' id='word_1_339' title='bbox 1037 3992 1184 4049; x_wconf 86' lang='lat' dir='ltr'>Laudibus</span> 
     </span>
     <span class='ocr_line' id='line_1_41' title="bbox 71 4082 1183 4149; baseline -0.006 -6"><span class='ocrx_word' id='word_1_340' title='bbox 71 4097 154 4143; x_wconf 89' lang='lat' dir='ltr'>ornat</span> <span class='ocrx_word' id='word_1_341' title='bbox 169 4086 300 4141; x_wconf 82' lang='lat' dir='ltr'>Pontifex</span> <span class='ocrx_word' id='word_1_342' title='bbox 311 4085 478 4139; x_wconf 88' lang='lat' dir='ltr'>defunctum</span> <span class='ocrx_word' id='word_1_343' title='bbox 492 4084 643 4139; x_wconf 86' lang='lat' dir='ltr'>Ecclesiae</span> <span class='ocrx_word' id='word_1_344' title='bbox 654 4084 830 4139; x_wconf 81' lang='lat' dir='ltr'>chaldaicae</span> <span class='ocrx_word' id='word_1_345' title='bbox 844 4083 1050 4149; x_wconf 86' lang='lat' dir='ltr'>Patriarcham,</span> <span class='ocrx_word' id='word_1_346' title='bbox 1063 4091 1092 4138; x_wconf 89' lang='lat' dir='ltr'>et</span> <span class='ocrx_word' id='word_1_347' title='bbox 1109 4082 1183 4137; x_wconf 88' lang='lat' dir='ltr'>elec·</span> 
     </span>
     <span class='ocr_line' id='line_1_42' title="bbox 69 4170 1184 4244; baseline -0.008 -12"><span class='ocrx_word' id='word_1_348' title='bbox 69 4178 179 4232; x_wconf 88' lang='lat' dir='ltr'>tionem</span> <span class='ocrx_word' id='word_1_349' title='bbox 193 4172 309 4244; x_wconf 90' lang='lat' dir='ltr'>Georgii</span> <span class='ocrx_word' id='word_1_350' title='bbox 323 4172 489 4232; x_wconf 90' lang='lat' dir='ltr'>Ebed·lesu</span> <span class='ocrx_word' id='word_1_351' title='bbox 503 4172 670 4241; x_wconf 85' lang='lat' dir='ltr'>Khay·yath</span> <span class='ocrx_word' id='word_1_352' title='bbox 683 4171 721 4225; x_wconf 89' lang='lat' dir='ltr'>ad</span> <span class='ocrx_word' id='word_1_353' title='bbox 734 4170 834 4226; x_wconf 88' lang='lat' dir='ltr'>sedern</span> <span class='ocrx_word' id='word_1_354' title='bbox 845 4170 1068 4241; x_wconf 86' lang='lat' dir='ltr'>patriarchalem</span> <span class='ocrx_word' id='word_1_355' title='bbox 1089 4170 1184 4239; x_wconf 83' lang='lat' dir='ltr'>Baby·</span> 
     </span>
     <span class='ocr_line' id='line_1_43' title="bbox 69 4242 1183 4330; baseline -0.005 -11"><span class='ocrx_word' id='word_1_356' title='bbox 69 4267 221 4320; x_wconf 88' lang='lat' dir='ltr'>lonensem</span> <span class='ocrx_word' id='word_1_357' title='bbox 232 4242 442 4318; x_wconf 86' lang='lat' dir='ltr'>Chaldaeorum</span> <span class='ocrx_word' id='word_1_358' title='bbox 457 4260 614 4328; x_wconf 85' lang='lat' dir='ltr'>confirmat,</span> <span class='ocrx_word' id='word_1_359' title='bbox 629 4259 834 4330; x_wconf 87' lang='lat' dir='ltr'>laudatumque</span> <span class='ocrx_word' id='word_1_360' title='bbox 849 4258 1015 4314; x_wconf 87' lang='lat' dir='ltr'>Praesulem</span> <span class='ocrx_word' id='word_1_361' title='bbox 1028 4256 1112 4312; x_wconf 88' lang='lat' dir='ltr'>Pallii</span> <span class='ocrx_word' id='word_1_362' title='bbox 1133 4258 1183 4313; x_wconf 91' lang='lat' dir='ltr'>ho·</span> 
     </span>
    </p>
   </div>
   <div class='ocr_carea' id='block_1_7' title="bbox 70 4358 343 4421">
    <p class='ocr_par' dir='ltr' id='par_1_7' title="bbox 70 4358 343 4421">
     <span class='ocr_line' id='line_1_44' title="bbox 70 4358 343 4421; baseline 0.004 -17"><span class='ocrx_word' id='word_1_363' title='bbox 70 4366 142 4406; x_wconf 87' lang='lat' dir='ltr'>nore</span> <span class='ocrx_word' id='word_1_364' title='bbox 154 4358 240 4421; x_wconf 89' lang='lat' dir='ltr'>auget</span> <span class='ocrx_word' id='word_1_365' title='bbox 252 4364 343 4419; x_wconf 84' lang='lat'><strong>30-31.</strong></span> 
     </span>
    </p>
   </div>
   <div class='ocr_carea' id='block_1_8' title="bbox 0 0 1564 4859">
    <p class='ocr_par' dir='ltr' id='par_1_8' title="bbox 0 0 1564 4859">
     <span class='ocr_line' id='line_1_45' title="bbox 0 0 1564 4859; baseline 0 2"><span class='ocrx_word' id='word_1_366' title='bbox 0 0 1564 4859; x_wconf 95' lang='lat' dir='ltr'> </span> 
     </span>
    </p>
   </div>
  </div>
 </body>
</html>
