<?xml version="1.0" encoding="UTF-8"?>
<!DOCTYPE html PUBLIC "-//W3C//DTD XHTML 1.0 Transitional//EN"
    "http://www.w3.org/TR/xhtml1/DTD/xhtml1-transitional.dtd">
<html xmlns="http://www.w3.org/1999/xhtml" xml:lang="en" lang="en">
 <head>
  <title>
</title>
<meta http-equiv="Content-Type" content="text/html;charset=utf-8" />
  <meta name='ocr-system' content='tesseract 3.04.00' />
  <meta name='ocr-capabilities' content='ocr_page ocr_carea ocr_par ocr_line ocrx_word'/>
</head>
<body>
  <div class='ocr_page' id='page_1' title='image "./sanctissimidomi04xiiigoog_0709.png"; bbox 0 0 3117 4859; ppageno 0'>
   <div class='ocr_carea' id='block_1_1' title="bbox 401 376 1158 446">
    <p class='ocr_par' dir='ltr' id='par_1_1' title="bbox 401 376 1158 446">
     <span class='ocr_line' id='line_1_1' title="bbox 401 376 1158 446; baseline -0.004 -17"><span class='ocrx_word' id='word_1_1' title='bbox 401 378 523 429; x_wconf 83' lang='lat' dir='ltr'>runsx</span> <span class='ocrx_word' id='word_1_2' title='bbox 551 376 805 427; x_wconf 76' lang='lat' dir='ltr'>xunnrrrcus</span> <span class='ocrx_word' id='word_1_3' title='bbox 1090 378 1158 446; x_wconf 84' lang='lat'>341</span> 
     </span>
    </p>
   </div>
   <div class='ocr_carea' id='block_1_2' title="bbox 51 523 1166 2261">
    <p class='ocr_par' dir='ltr' id='par_1_2' title="bbox 51 523 1166 2261">
     <span class='ocr_line' id='line_1_2' title="bbox 52 523 1164 595; baseline -0.004 -14"><span class='ocrx_word' id='word_1_4' title='bbox 52 543 70 581; x_wconf 91' lang='lat' dir='ltr'>a</span> <span class='ocrx_word' id='word_1_5' title='bbox 84 528 199 583; x_wconf 89' lang='lat' dir='ltr'>Christo</span> <span class='ocrx_word' id='word_1_6' title='bbox 220 528 437 582; x_wconf 90' lang='lat' dir='ltr'>fundamentum</span> <span class='ocrx_word' id='word_1_7' title='bbox 451 524 601 579; x_wconf 86' lang='lat' dir='ltr'>Ecclesiae</span> <span class='ocrx_word' id='word_1_8' title='bbox 622 524 771 578; x_wconf 88' lang='lat' dir='ltr'>universae</span> <span class='ocrx_word' id='word_1_9' title='bbox 784 523 940 587; x_wconf 90' lang='lat' dir='ltr'>constituti,</span> <span class='ocrx_word' id='word_1_10' title='bbox 956 534 983 578; x_wconf 92' lang='lat' dir='ltr'>et</span> <span class='ocrx_word' id='word_1_11' title='bbox 1009 524 1164 595; x_wconf 85' lang='lat' dir='ltr'>praepositi</span> 
     </span>
     <span class='ocr_line' id='line_1_3' title="bbox 54 608 1163 681; baseline -0.002 -15"><span class='ocrx_word' id='word_1_12' title='bbox 54 612 186 668; x_wconf 86' lang='lat' dir='ltr'>universo</span> <span class='ocrx_word' id='word_1_13' title='bbox 206 610 304 681; x_wconf 90' lang='lat' dir='ltr'>gregi:</span> <span class='ocrx_word' id='word_1_14' title='bbox 317 621 472 680; x_wconf 74' lang='lat' dir='ltr'>tenentque</span> <span class='ocrx_word' id='word_1_15' title='bbox 489 610 526 664; x_wconf 89' lang='lat' dir='ltr'>ab</span> <span class='ocrx_word' id='word_1_16' title='bbox 541 625 575 663; x_wconf 91' lang='lat' dir='ltr'>eo</span> <span class='ocrx_word' id='word_1_17' title='bbox 588 617 722 679; x_wconf 90' lang='lat' dir='ltr'>acceptas</span> <span class='ocrx_word' id='word_1_18' title='bbox 742 608 838 664; x_wconf 89' lang='lat' dir='ltr'>claves</span> <span class='ocrx_word' id='word_1_19' title='bbox 855 611 934 677; x_wconf 89' lang='lat' dir='ltr'>regni</span> <span class='ocrx_word' id='word_1_20' title='bbox 948 610 1091 663; x_wconf 90' lang='lat' dir='ltr'>coelorum</span> <span class='ocrx_word' id='word_1_21' title='bbox 1102 610 1163 678; x_wconf 84' lang='lat'>185·</span> 
     </span>
     <span class='ocr_line' id='line_1_4' title="bbox 57 694 1164 768; baseline -0.001 -16"><span class='ocrx_word' id='word_1_22' title='bbox 57 698 114 753; x_wconf 88' lang='lat'>186.</span> <span class='ocrx_word' id='word_1_23' title='bbox 127 728 163 738; x_wconf 98' lang='lat'>-</span> <span class='ocrx_word' id='word_1_24' title='bbox 180 700 219 762; x_wconf 89' lang='lat' dir='ltr'>Ut</span> <span class='ocrx_word' id='word_1_25' title='bbox 233 714 337 768; x_wconf 83' lang='lat' dir='ltr'>nempe</span> <span class='ocrx_word' id='word_1_26' title='bbox 360 696 498 767; x_wconf 86' lang='lat' dir='ltr'><strong>Episcopi</strong></span> <span class='ocrx_word' id='word_1_27' title='bbox 512 697 645 751; x_wconf 90' lang='lat' dir='ltr'>universo</span> <span class='ocrx_word' id='word_1_28' title='bbox 658 694 737 764; x_wconf 84' lang='lat' dir='ltr'>gregi</span> <span class='ocrx_word' id='word_1_29' title='bbox 760 712 822 763; x_wconf 89' lang='lat' dir='ltr'>suo,</span> <span class='ocrx_word' id='word_1_30' title='bbox 835 694 875 749; x_wconf 91' lang='lat' dir='ltr'>ita</span> <span class='ocrx_word' id='word_1_31' title='bbox 897 706 925 751; x_wconf 93' lang='lat' dir='ltr'>et</span> <span class='ocrx_word' id='word_1_32' title='bbox 938 697 1049 750; x_wconf 90' lang='lat' dir='ltr'>romani</span> <span class='ocrx_word' id='word_1_33' title='bbox 1069 698 1164 751; x_wconf 89' lang='lat' dir='ltr'>Ponti·</span> 
     </span>
     <span class='ocr_line' id='line_1_5' title="bbox 54 784 1165 858; baseline 0 -17"><span class='ocrx_word' id='word_1_34' title='bbox 54 788 121 841; x_wconf 89' lang='lat' dir='ltr'>fices</span> <span class='ocrx_word' id='word_1_35' title='bbox 134 786 185 842; x_wconf 91' lang='lat' dir='ltr'>toti</span> <span class='ocrx_word' id='word_1_36' title='bbox 202 798 338 858; x_wconf 85' lang='lat' dir='ltr'>praesunt</span> <span class='ocrx_word' id='word_1_37' title='bbox 351 786 525 855; x_wconf 90' lang='lat' dir='ltr'>reipublicae</span> <span class='ocrx_word' id='word_1_38' title='bbox 550 784 731 852; x_wconf 85' lang='lat' dir='ltr'>christianae,</span> <span class='ocrx_word' id='word_1_39' title='bbox 758 784 847 854; x_wconf 91' lang='lat' dir='ltr'>ipsius</span> <span class='ocrx_word' id='word_1_40' title='bbox 862 785 968 839; x_wconf 81' lang='lat' dir='ltr'><strong>Christi</strong></span> <span class='ocrx_word' id='word_1_41' title='bbox 991 796 1165 857; x_wconf 87' lang='lat' dir='ltr'>potestatem</span> 
     </span>
     <span class='ocr_line' id='line_1_6' title="bbox 52 872 1163 944; baseline -0.002 -15"><span class='ocrx_word' id='word_1_42' title='bbox 52 885 185 943; x_wconf 85' lang='lat' dir='ltr'>gerentes</span> <span class='ocrx_word' id='word_1_43' title='bbox 200 876 258 929; x_wconf 84' lang='lat'>186.</span> <span class='ocrx_word' id='word_1_44' title='bbox 276 905 311 915; x_wconf 94' lang='lat'>-</span> <span class='ocrx_word' id='word_1_45' title='bbox 326 876 409 929; x_wconf 89' lang='lat' dir='ltr'>Hanc</span> <span class='ocrx_word' id='word_1_46' title='bbox 422 889 605 929; x_wconf 90' lang='lat' dir='ltr'>romanorum</span> <span class='ocrx_word' id='word_1_47' title='bbox 625 872 795 927; x_wconf 86' lang='lat' dir='ltr'>Pontificum</span> <span class='ocrx_word' id='word_1_48' title='bbox 807 872 836 927; x_wconf 90' lang='lat' dir='ltr'>in</span> <span class='ocrx_word' id='word_1_49' title='bbox 859 874 1060 944; x_wconf 89' lang='lat' dir='ltr'>episcoporum</span> <span class='ocrx_word' id='word_1_50' title='bbox 1080 874 1163 928; x_wconf 92' lang='lat' dir='ltr'>colle-</span> 
     </span>
     <span class='ocr_line' id='line_1_7' title="bbox 51 961 1165 1034; baseline 0 -18"><span class='ocrx_word' id='word_1_51' title='bbox 51 962 131 1031; x_wconf 89' lang='lat' dir='ltr'>gium</span> <span class='ocrx_word' id='word_1_52' title='bbox 153 972 325 1034; x_wconf 90' lang='lat' dir='ltr'>potestatem</span> <span class='ocrx_word' id='word_1_53' title='bbox 336 972 440 1018; x_wconf 90' lang='lat' dir='ltr'>testata</span> <span class='ocrx_word' id='word_1_54' title='bbox 459 973 503 1017; x_wconf 90' lang='lat' dir='ltr'>est</span> <span class='ocrx_word' id='word_1_55' title='bbox 526 961 658 1015; x_wconf 83' lang='lat' dir='ltr'>Ecclesia</span> <span class='ocrx_word' id='word_1_56' title='bbox 678 962 756 1015; x_wconf 90' lang='lat' dir='ltr'>omni</span> <span class='ocrx_word' id='word_1_57' title='bbox 779 971 916 1031; x_wconf 89' lang='lat' dir='ltr'>ternpore,</span> <span class='ocrx_word' id='word_1_58' title='bbox 939 972 969 1016; x_wconf 93' lang='lat' dir='ltr'>ut</span> <span class='ocrx_word' id='word_1_59' title='bbox 991 978 1026 1015; x_wconf 87' lang='lat' dir='ltr'>ex</span> <span class='ocrx_word' id='word_1_60' title='bbox 1046 962 1165 1016; x_wconf 90' lang='lat' dir='ltr'>historia</span> 
     </span>
     <span class='ocr_line' id='line_1_8' title="bbox 52 1048 1164 1121; baseline -0.002 -16"><span class='ocrx_word' id='word_1_61' title='bbox 52 1060 132 1119; x_wconf 89' lang='lat' dir='ltr'>patet</span> <span class='ocrx_word' id='word_1_62' title='bbox 146 1050 340 1106; x_wconf 91' lang='lat' dir='ltr'>Conciliornm</span> <span class='ocrx_word' id='word_1_63' title='bbox 354 1070 361 1117; x_wconf 89' lang='lat'>;</span> <span class='ocrx_word' id='word_1_64' title='bbox 379 1068 433 1105; x_wconf 89' lang='lat' dir='ltr'>nee</span> <span class='ocrx_word' id='word_1_65' title='bbox 447 1066 569 1121; x_wconf 88' lang='lat' dir='ltr'>usquam</span> <span class='ocrx_word' id='word_1_66' title='bbox 588 1048 693 1116; x_wconf 91' lang='lat' dir='ltr'>legitur</span> <span class='ocrx_word' id='word_1_67' title='bbox 706 1048 735 1103; x_wconf 92' lang='lat' dir='ltr'>in</span> <span class='ocrx_word' id='word_1_68' title='bbox 749 1050 777 1103; x_wconf 91' lang='lat' dir='ltr'>S.</span> <span class='ocrx_word' id='word_1_69' title='bbox 793 1049 909 1104; x_wconf 84' lang='lat' dir='ltr'>Litteris</span> <span class='ocrx_word' id='word_1_70' title='bbox 929 1066 1072 1103; x_wconf 88' lang='lat' dir='ltr'>summam</span> <span class='ocrx_word' id='word_1_71' title='bbox 1085 1059 1164 1119; x_wconf 88' lang='lat' dir='ltr'>pote-</span> 
     </span>
     <span class='ocr_line' id='line_1_9' title="bbox 52 1136 1164 1207; baseline -0.001 -15"><span class='ocrx_word' id='word_1_72' title='bbox 52 1148 158 1193; x_wconf 85' lang='lat' dir='ltr'>statem</span> <span class='ocrx_word' id='word_1_73' title='bbox 168 1138 230 1195; x_wconf 90' lang='lat' dir='ltr'>sine</span> <span class='ocrx_word' id='word_1_74' title='bbox 243 1140 328 1193; x_wconf 90' lang='lat' dir='ltr'>Petro</span> <span class='ocrx_word' id='word_1_75' title='bbox 341 1149 370 1193; x_wconf 89' lang='lat' dir='ltr'>et</span> <span class='ocrx_word' id='word_1_76' title='bbox 382 1147 481 1192; x_wconf 91' lang='lat' dir='ltr'>contra</span> <span class='ocrx_word' id='word_1_77' title='bbox 493 1139 608 1192; x_wconf 89' lang='lat' dir='ltr'>Petrum</span> <span class='ocrx_word' id='word_1_78' title='bbox 625 1136 759 1191; x_wconf 85' lang='lat' dir='ltr'>traditam</span> <span class='ocrx_word' id='word_1_79' title='bbox 773 1136 862 1191; x_wconf 92' lang='lat' dir='ltr'>fuisse</span> <span class='ocrx_word' id='word_1_80' title='bbox 873 1136 1022 1207; x_wconf 89' lang='lat' dir='ltr'>Apostolis</span> <span class='ocrx_word' id='word_1_81' title='bbox 1041 1136 1164 1202; x_wconf 80' lang='lat' dir='ltr'>rto-187.</span> 
     </span>
     <span class='ocr_line' id='line_1_10' title="bbox 52 1224 1165 1294; baseline -0.002 -15"><span class='ocrx_word' id='word_1_82' title='bbox 52 1255 88 1265; x_wconf 90' lang='lat'>—</span> <span class='ocrx_word' id='word_1_83' title='bbox 103 1228 190 1281; x_wconf 90' lang='lat' dir='ltr'>Nulla</span> <span class='ocrx_word' id='word_1_84' title='bbox 201 1244 269 1281; x_wconf 86' lang='lat' dir='ltr'>vero</span> <span class='ocrx_word' id='word_1_85' title='bbox 290 1224 377 1281; x_wconf 90' lang='lat' dir='ltr'>oritur</span> <span class='ocrx_word' id='word_1_86' title='bbox 395 1225 635 1279; x_wconf 86' lang='lat' dir='ltr'>administrationi</span> <span class='ocrx_word' id='word_1_87' title='bbox 649 1224 778 1279; x_wconf 83' lang='lat' dir='ltr'>confusio</span> <span class='ocrx_word' id='word_1_88' title='bbox 793 1242 873 1279; x_wconf 89' lang='lat' dir='ltr'>exeo</span> <span class='ocrx_word' id='word_1_89' title='bbox 886 1225 962 1294; x_wconf 92' lang='lat' dir='ltr'>quod</span> <span class='ocrx_word' id='word_1_90' title='bbox 975 1225 1063 1279; x_wconf 88' lang='lat' dir='ltr'>iidem</span> <span class='ocrx_word' id='word_1_91' title='bbox 1081 1225 1165 1279; x_wconf 91' lang='lat' dir='ltr'>simul</span> 
     </span>
     <span class='ocr_line' id='line_1_11' title="bbox 53 1312 1165 1385; baseline -0.002 -17"><span class='ocrx_word' id='word_1_92' title='bbox 53 1316 174 1369; x_wconf 86' lang='lat' dir='ltr'>subsunt</span> <span class='ocrx_word' id='word_1_93' title='bbox 186 1315 321 1385; x_wconf 89' lang='lat' dir='ltr'>potestati</span> <span class='ocrx_word' id='word_1_94' title='bbox 337 1312 475 1384; x_wconf 87' lang='lat' dir='ltr'>Episcopi</span> <span class='ocrx_word' id='word_1_95' title='bbox 497 1323 526 1368; x_wconf 89' lang='lat' dir='ltr'>et</span> <span class='ocrx_word' id='word_1_96' title='bbox 539 1312 686 1367; x_wconf 88' lang='lat' dir='ltr'>Pontificis</span> <span class='ocrx_word' id='word_1_97' title='bbox 698 1312 921 1382; x_wconf 89' lang='lat' dir='ltr'>romani‚.quum</span> <span class='ocrx_word' id='word_1_98' title='bbox 934 1313 971 1367; x_wconf 93' lang='lat' dir='ltr'>sit</span> <span class='ocrx_word' id='word_1_99' title='bbox 989 1313 1074 1382; x_wconf 89' lang='lat' dir='ltr'>hujus</span> <span class='ocrx_word' id='word_1_100' title='bbox 1085 1322 1165 1381; x_wconf 88' lang='lat' dir='ltr'>pote·</span> 
     </span>
     <span class='ocr_line' id='line_1_12' title="bbox 53 1400 1166 1471; baseline -0.001 -16"><span class='ocrx_word' id='word_1_101' title='bbox 53 1411 113 1456; x_wconf 87' lang='lat' dir='ltr'>stas</span> <span class='ocrx_word' id='word_1_102' title='bbox 133 1402 316 1471; x_wconf 86' lang='lat' dir='ltr'>principalior</span> <span class='ocrx_word' id='word_1_103' title='bbox 341 1402 398 1466; x_wconf 88' lang='lat'>187.</span> <span class='ocrx_word' id='word_1_104' title='bbox 418 1430 454 1440; x_wconf 92' lang='lat'>—</span> <span class='ocrx_word' id='word_1_105' title='bbox 475 1401 684 1470; x_wconf 88' lang='lat' dir='ltr'>Episcoporum</span> <span class='ocrx_word' id='word_1_106' title='bbox 705 1400 841 1469; x_wconf 88' lang='lat' dir='ltr'>potestati</span> <span class='ocrx_word' id='word_1_107' title='bbox 863 1401 989 1455; x_wconf 80' lang='lat' dir='ltr'>fautores</span> <span class='ocrx_word' id='word_1_108' title='bbox 1007 1418 1039 1455; x_wconf 91' lang='lat' dir='ltr'>se</span> <span class='ocrx_word' id='word_1_109' title='bbox 1052 1417 1166 1469; x_wconf 89' lang='lat' dir='ltr'>semper</span> 
     </span>
     <span class='ocr_line' id='line_1_13' title="bbox 53 1488 1166 1559; baseline 0 -17"><span class='ocrx_word' id='word_1_110' title='bbox 53 1489 254 1559; x_wconf 90' lang='lat' dir='ltr'>praestiterunt</span> <span class='ocrx_word' id='word_1_111' title='bbox 265 1489 419 1544; x_wconf 86' lang='lat' dir='ltr'>Pontifices</span> <span class='ocrx_word' id='word_1_112' title='bbox 436 1488 545 1543; x_wconf 90' lang='lat' dir='ltr'>romani</span> <span class='ocrx_word' id='word_1_113' title='bbox 563 1488 687 1554; x_wconf 85' lang='lat'>187-188.</span> <span class='ocrx_word' id='word_1_114' title='bbox 697 1517 733 1527; x_wconf 91' lang='lat'>—</span> <span class='ocrx_word' id='word_1_115' title='bbox 746 1488 802 1542; x_wconf 90' lang='lat' dir='ltr'>Per</span> <span class='ocrx_word' id='word_1_116' title='bbox 814 1489 868 1543; x_wconf 92' lang='lat' dir='ltr'>has</span> <span class='ocrx_word' id='word_1_117' title='bbox 881 1488 993 1543; x_wconf 90' lang='lat' dir='ltr'>litteras</span> <span class='ocrx_word' id='word_1_118' title='bbox 1006 1488 1166 1542; x_wconf 89' lang='lat' dir='ltr'>catholicos</span> 
     </span>
     <span class='ocr_line' id='line_1_14' title="bbox 52 1574 1166 1646; baseline -0.001 -15"><span class='ocrx_word' id='word_1_119' title='bbox 52 1576 159 1631; x_wconf 88' lang='lat' dir='ltr'>arctius</span> <span class='ocrx_word' id='word_1_120' title='bbox 172 1594 236 1631; x_wconf 90' lang='lat' dir='ltr'>curn</span> <span class='ocrx_word' id='word_1_121' title='bbox 250 1576 310 1633; x_wconf 92' lang='lat' dir='ltr'>suis</span> <span class='ocrx_word' id='word_1_122' title='bbox 329 1577 492 1646; x_wconf 89' lang='lat' dir='ltr'>pastoribus</span> <span class='ocrx_word' id='word_1_123' title='bbox 505 1591 539 1629; x_wconf 89' lang='lat' dir='ltr'>ac</span> <span class='ocrx_word' id='word_1_124' title='bbox 560 1592 674 1630; x_wconf 89' lang='lat' dir='ltr'>summo</span> <span class='ocrx_word' id='word_1_125' title='bbox 686 1584 803 1644; x_wconf 88' lang='lat' dir='ltr'>pastore</span> <span class='ocrx_word' id='word_1_126' title='bbox 822 1575 987 1631; x_wconf 89' lang='lat' dir='ltr'>devinctum</span> <span class='ocrx_word' id='word_1_127' title='bbox 1000 1574 1033 1629; x_wconf 90' lang='lat' dir='ltr'>iri</span> <span class='ocrx_word' id='word_1_128' title='bbox 1049 1574 1166 1630; x_wconf 88' lang='lat' dir='ltr'>conlidit</span> 
     </span>
     <span class='ocr_line' id='line_1_15' title="bbox 56 1660 1166 1719; baseline 0 -3"><span class='ocrx_word' id='word_1_129' title='bbox 56 1662 186 1717; x_wconf 80' lang='lat' dir='ltr'>Pontifex</span> <span class='ocrx_word' id='word_1_130' title='bbox 201 1664 258 1718; x_wconf 87' lang='lat'><em>188.</em></span> <span class='ocrx_word' id='word_1_131' title='bbox 280 1693 316 1703; x_wconf 90' lang='lat'>—</span> <span class='ocrx_word' id='word_1_132' title='bbox 329 1663 512 1719; x_wconf 90' lang='lat' dir='ltr'>Dissidentes</span> <span class='ocrx_word' id='word_1_133' title='bbox 524 1680 593 1717; x_wconf 88' lang='lat' dir='ltr'>vero</span> <span class='ocrx_word' id='word_1_134' title='bbox 613 1671 643 1716; x_wconf 92' lang='lat' dir='ltr'>ut</span> <span class='ocrx_word' id='word_1_135' title='bbox 657 1662 693 1716; x_wconf 91' lang='lat' dir='ltr'>ad</span> <span class='ocrx_word' id='word_1_136' title='bbox 718 1661 865 1717; x_wconf 88' lang='lat' dir='ltr'>Ecclesiae</span> <span class='ocrx_word' id='word_1_137' title='bbox 890 1663 1009 1717; x_wconf 86' lang='lat' dir='ltr'>redeant</span> <span class='ocrx_word' id='word_1_138' title='bbox 1027 1660 1166 1716; x_wconf 90' lang='lat' dir='ltr'>unitatem</span> 
     </span>
     <span class='ocr_line' id='line_1_16' title="bbox 56 1748 1165 1821; baseline -0.002 -16"><span class='ocrx_word' id='word_1_139' title='bbox 56 1752 217 1820; x_wconf 89' lang='lat' dir='ltr'>compellat,</span> <span class='ocrx_word' id='word_1_140' title='bbox 238 1751 378 1806; x_wconf 92' lang='lat' dir='ltr'>monitum</span> <span class='ocrx_word' id='word_1_141' title='bbox 391 1752 432 1806; x_wconf 90' lang='lat' dir='ltr'>eis</span> <span class='ocrx_word' id='word_1_142' title='bbox 453 1763 615 1821; x_wconf 85' lang='lat' dir='ltr'>proponens</span> <span class='ocrx_word' id='word_1_143' title='bbox 638 1750 666 1805; x_wconf 91' lang='lat' dir='ltr'>S.</span> <span class='ocrx_word' id='word_1_144' title='bbox 689 1749 840 1820; x_wconf 85' lang='lat' dir='ltr'>Augustini</span> <span class='ocrx_word' id='word_1_145' title='bbox 860 1751 896 1804; x_wconf 94' lang='lat' dir='ltr'>de</span> <span class='ocrx_word' id='word_1_146' title='bbox 909 1760 970 1804; x_wconf 91' lang='lat' dir='ltr'>toto</span> <span class='ocrx_word' id='word_1_147' title='bbox 985 1748 1099 1805; x_wconf 88' lang='lat' dir='ltr'>Christo</span> <span class='ocrx_word' id='word_1_148' title='bbox 1120 1766 1165 1803; x_wconf 90' lang='lat' dir='ltr'>su-</span> 
     </span>
     <span class='ocr_line' id='line_1_17' title="bbox 56 1837 1166 1908; baseline -0.002 -15"><span class='ocrx_word' id='word_1_149' title='bbox 56 1840 161 1893; x_wconf 91' lang='lat' dir='ltr'>mendo</span> <span class='ocrx_word' id='word_1_150' title='bbox 178 1838 236 1894; x_wconf 87' lang='lat'>188.</span> <span class='ocrx_word' id='word_1_151' title='bbox 256 1870 290 1879; x_wconf 91' lang='lat'><em>-</em></span> <span class='ocrx_word' id='word_1_152' title='bbox 315 1841 383 1895; x_wconf 93' lang='lat' dir='ltr'>Illos</span> <span class='ocrx_word' id='word_1_153' title='bbox 395 1856 463 1894; x_wconf 88' lang='lat' dir='ltr'>vero</span> <span class='ocrx_word' id='word_1_154' title='bbox 473 1855 575 1893; x_wconf 91' lang='lat' dir='ltr'>omnes</span> <span class='ocrx_word' id='word_1_155' title='bbox 599 1839 648 1908; x_wconf 93' lang='lat' dir='ltr'>qui</span> <span class='ocrx_word' id='word_1_156' title='bbox 663 1839 756 1891; x_wconf 89' lang='lat' dir='ltr'>Deum</span> <span class='ocrx_word' id='word_1_157' title='bbox 771 1848 883 1906; x_wconf 88' lang='lat' dir='ltr'>patrem</span> <span class='ocrx_word' id='word_1_158' title='bbox 896 1837 951 1893; x_wconf 91' lang='lat' dir='ltr'>sibi</span> <span class='ocrx_word' id='word_1_159' title='bbox 961 1855 1026 1891; x_wconf 88' lang='lat' dir='ltr'>esse</span> <span class='ocrx_word' id='word_1_160' title='bbox 1049 1837 1166 1907; x_wconf 84' lang='lat' dir='ltr'>cupiunt</span> 
     </span>
     <span class='ocr_line' id='line_1_18' title="bbox 54 1924 1165 1997; baseline -0.003 -17"><span class='ocrx_word' id='word_1_161' title='bbox 54 1928 139 1982; x_wconf 91' lang='lat' dir='ltr'>docet</span> <span class='ocrx_word' id='word_1_162' title='bbox 149 1927 278 1997; x_wconf 91' lang='lat' dir='ltr'>ejusdem</span> <span class='ocrx_word' id='word_1_163' title='bbox 287 1926 440 1997; x_wconf 86' lang='lat' dir='ltr'>Augustini</span> <span class='ocrx_word' id='word_1_164' title='bbox 454 1927 549 1982; x_wconf 84' lang='lat' dir='ltr'>verbis</span> <span class='ocrx_word' id='word_1_165' title='bbox 563 1927 658 1980; x_wconf 91' lang='lat' dir='ltr'>Deum</span> <span class='ocrx_word' id='word_1_166' title='bbox 679 1942 711 1980; x_wconf 91' lang='lat' dir='ltr'>se</span> <span class='ocrx_word' id='word_1_167' title='bbox 723 1926 861 1995; x_wconf 90' lang='lat' dir='ltr'>praebere</span> <span class='ocrx_word' id='word_1_168' title='bbox 873 1936 984 1995; x_wconf 89' lang='lat' dir='ltr'>patrem</span> <span class='ocrx_word' id='word_1_169' title='bbox 998 1924 1033 1979; x_wconf 92' lang='lat' dir='ltr'>iis</span> <span class='ocrx_word' id='word_1_170' title='bbox 1054 1933 1165 1979; x_wconf 90' lang='lat' dir='ltr'>tantum</span> 
     </span>
     <span class='ocr_line' id='line_1_19' title="bbox 54 2011 1166 2083; baseline -0.003 -16"><span class='ocrx_word' id='word_1_171' title='bbox 54 2014 103 2083; x_wconf 88' lang='lat' dir='ltr'>qui</span> <span class='ocrx_word' id='word_1_172' title='bbox 115 2014 231 2069; x_wconf 88' lang='lat' dir='ltr'>fratrem</span> <span class='ocrx_word' id='word_1_173' title='bbox 243 2014 297 2069; x_wconf 93' lang='lat' dir='ltr'>sibi</span> <span class='ocrx_word' id='word_1_174' title='bbox 319 2012 578 2082; x_wconf 78' lang='lat' dir='ltr'>lesum-Christum</span> <span class='ocrx_word' id='word_1_175' title='bbox 599 2013 742 2082; x_wconf 88' lang='lat' dir='ltr'>simulque</span> <span class='ocrx_word' id='word_1_176' title='bbox 755 2012 917 2067; x_wconf 90' lang='lat' dir='ltr'>Ecclesiam</span> <span class='ocrx_word' id='word_1_177' title='bbox 940 2022 1060 2067; x_wconf 88' lang='lat' dir='ltr'>matrem</span> <span class='ocrx_word' id='word_1_178' title='bbox 1073 2011 1166 2065; x_wconf 87' lang='lat' dir='ltr'>adsci-</span> 
     </span>
     <span class='ocr_line' id='line_1_20' title="bbox 55 2100 1166 2172; baseline 0.002 -17"><span class='ocrx_word' id='word_1_179' title='bbox 55 2104 145 2157; x_wconf 88' lang='lat' dir='ltr'>verint</span> <span class='ocrx_word' id='word_1_180' title='bbox 161 2103 268 2172; x_wconf 87' lang='lat'>189.-</span> <span class='ocrx_word' id='word_1_181' title='bbox 293 2103 348 2157; x_wconf 89' lang='lat' dir='ltr'>Dei</span> <span class='ocrx_word' id='word_1_182' title='bbox 361 2102 534 2171; x_wconf 91' lang='lat' dir='ltr'>benignitati</span> <span class='ocrx_word' id='word_1_183' title='bbox 559 2118 660 2156; x_wconf 88' lang='lat' dir='ltr'>omnes</span> <span class='ocrx_word' id='word_1_184' title='bbox 685 2101 870 2155; x_wconf 87' lang='lat' dir='ltr'>commendat</span> <span class='ocrx_word' id='word_1_185' title='bbox 883 2118 955 2171; x_wconf 87' lang='lat' dir='ltr'>quos</span> <span class='ocrx_word' id='word_1_186' title='bbox 980 2100 1010 2155; x_wconf 90' lang='lat' dir='ltr'>in</span> <span class='ocrx_word' id='word_1_187' title='bbox 1036 2102 1166 2157; x_wconf 90' lang='lat' dir='ltr'>oratione</span> 
     </span>
     <span class='ocr_line' id='line_1_21' title="bbox 54 2189 476 2261; baseline -0.014 -15"><span class='ocrx_word' id='word_1_188' title='bbox 54 2192 203 2261; x_wconf 87' lang='lat' dir='ltr'>spectavit,</span> <span class='ocrx_word' id='word_1_189' title='bbox 217 2202 245 2246; x_wconf 91' lang='lat' dir='ltr'>et</span> <span class='ocrx_word' id='word_1_190' title='bbox 257 2189 402 2246; x_wconf 88' lang='lat' dir='ltr'>benedicit</span> <span class='ocrx_word' id='word_1_191' title='bbox 418 2190 476 2258; x_wconf 86' lang='lat'>189.</span> 
     </span>
    </p>
   </div>
   <div class='ocr_carea' id='block_1_3' title="bbox 55 2368 1079 2526">
    <p class='ocr_par' dir='ltr' id='par_1_3' title="bbox 55 2368 1079 2526">
     <span class='ocr_line' id='line_1_22' title="bbox 90 2368 1077 2431; baseline 0 -12"><span class='ocrx_word' id='word_1_192' title='bbox 90 2370 144 2419; x_wconf 76' lang='lat'>44.</span> <span class='ocrx_word' id='word_1_193' title='bbox 165 2369 374 2420; x_wconf 84' lang='lat' dir='ltr'>EPISTOLA</span> <span class='ocrx_word' id='word_1_194' title='bbox 388 2368 430 2419; x_wconf 90' lang='lat' dir='ltr'>ad</span> <span class='ocrx_word' id='word_1_195' title='bbox 442 2369 535 2421; x_wconf 88' lang='lat' dir='ltr'>Card.</span> <span class='ocrx_word' id='word_1_196' title='bbox 552 2369 704 2431; x_wconf 69' lang='lat' dir='ltr'>svamm,</span> <span class='ocrx_word' id='word_1_197' title='bbox 720 2370 873 2431; x_wconf 79' lang='lat' dir='ltr'>Archlep.</span> <span class='ocrx_word' id='word_1_198' title='bbox 887 2371 1077 2419; x_wconf 81' lang='lat' dir='ltr'>Bononien-</span> 
     </span>
     <span class='ocr_line' id='line_1_23' title="bbox 55 2466 1079 2526; baseline -0.002 -9"><span class='ocrx_word' id='word_1_199' title='bbox 55 2479 134 2526; x_wconf 86' lang='lat' dir='ltr'>sem,</span> <span class='ocrx_word' id='word_1_200' title='bbox 151 2466 191 2516; x_wconf 84' lang='lat' dir='ltr'>de</span> <span class='ocrx_word' id='word_1_201' title='bbox 204 2466 399 2515; x_wconf 82' lang='lat' dir='ltr'>celebrando</span> <span class='ocrx_word' id='word_1_202' title='bbox 412 2467 535 2516; x_wconf 82' lang='lat' dir='ltr'>saecull</span> <span class='ocrx_word' id='word_1_203' title='bbox 548 2466 632 2514; x_wconf 81' lang='lat' dir='ltr'>XIX</span> <span class='ocrx_word' id='word_1_204' title='bbox 647 2466 879 2516; x_wconf 71' lang='lat' dir='ltr'>terrulam—18</span> <span class='ocrx_word' id='word_1_205' title='bbox 896 2466 979 2517; x_wconf 81' lang='lat' dir='ltr'>Julll</span> <span class='ocrx_word' id='word_1_206' title='bbox 989 2467 1079 2517; x_wconf 83' lang='grc'><strong>1896.</strong></span> 
     </span>
    </p>
   </div>
   <div class='ocr_carea' id='block_1_4' title="bbox 1007 2574 1164 2629">
    <p class='ocr_par' dir='ltr' id='par_1_4' title="bbox 1007 2574 1164 2629">
     <span class='ocr_line' id='line_1_24' title="bbox 1007 2574 1164 2629; baseline -0.013 0"><span class='ocrx_word' id='word_1_207' title='bbox 1007 2576 1071 2629; x_wconf 69' lang='lat' dir='ltr'>Pag·</span> <span class='ocrx_word' id='word_1_208' title='bbox 1113 2574 1164 2627; x_wconf 89' lang='lat'>¹90</span> 
     </span>
    </p>
   </div>
   <div class='ocr_carea' id='block_1_5' title="bbox 52 2694 1168 3203">
    <p class='ocr_par' dir='ltr' id='par_1_5' title="bbox 52 2694 1168 3203">
     <span class='ocr_line' id='line_1_25' title="bbox 76 2694 1165 2766; baseline -0.002 -15"><span class='ocrx_word' id='word_1_209' title='bbox 76 2750 79 2757; x_wconf 22' lang='grc' dir='ltr'><strong>Δ</strong></span> <span class='ocrx_word' id='word_1_210' title='bbox 91 2695 217 2766; x_wconf 90' lang='lat' dir='ltr'>Exponit</span> <span class='ocrx_word' id='word_1_211' title='bbox 232 2694 362 2750; x_wconf 86' lang='lat' dir='ltr'>Pontifex</span> <span class='ocrx_word' id='word_1_212' title='bbox 374 2696 456 2765; x_wconf 91' lang='lat' dir='ltr'>plura</span> <span class='ocrx_word' id='word_1_213' title='bbox 468 2712 500 2750; x_wconf 90' lang='lat' dir='ltr'>se</span> <span class='ocrx_word' id='word_1_214' title='bbox 520 2696 707 2751; x_wconf 87' lang='lat' dir='ltr'>Pontificatus</span> <span class='ocrx_word' id='word_1_215' title='bbox 722 2696 765 2751; x_wconf 92' lang='lat' dir='ltr'>sui</span> <span class='ocrx_word' id='word_1_216' title='bbox 779 2697 875 2765; x_wconf 90' lang='lat' dir='ltr'>spatio</span> <span class='ocrx_word' id='word_1_217' title='bbox 888 2696 1065 2752; x_wconf 88' lang='lat' dir='ltr'>documenta</span> <span class='ocrx_word' id='word_1_218' title='bbox 1078 2697 1165 2752; x_wconf 90' lang='lat' dir='ltr'>tradi·</span> 
     </span>
     <span class='ocr_line' id='line_1_26' title="bbox 52 2784 1167 2854; baseline -0.002 -14"><span class='ocrx_word' id='word_1_219' title='bbox 52 2784 132 2841; x_wconf 88' lang='lat' dir='ltr'>disse</span> <span class='ocrx_word' id='word_1_220' title='bbox 143 2800 194 2853; x_wconf 90' lang='lat' dir='ltr'>per</span> <span class='ocrx_word' id='word_1_221' title='bbox 206 2800 284 2854; x_wconf 88' lang='lat' dir='ltr'>quae</span> <span class='ocrx_word' id='word_1_222' title='bbox 293 2800 396 2853; x_wconf 90' lang='lat' dir='ltr'>pacem</span> <span class='ocrx_word' id='word_1_223' title='bbox 410 2794 521 2839; x_wconf 87' lang='lat' dir='ltr'>curaret</span> <span class='ocrx_word' id='word_1_224' title='bbox 534 2784 752 2839; x_wconf 88' lang='lat' dir='ltr'>instaurandam</span> <span class='ocrx_word' id='word_1_225' title='bbox 763 2784 793 2838; x_wconf 92' lang='lat' dir='ltr'>iu</span> <span class='ocrx_word' id='word_1_226' title='bbox 804 2784 912 2838; x_wconf 90' lang='lat' dir='ltr'>mundo</span> <span class='ocrx_word' id='word_1_227' title='bbox 929 2798 986 2853; x_wconf 87' lang='lat'>190.</span> <span class='ocrx_word' id='word_1_228' title='bbox 1001 2814 1036 2824; x_wconf 89' lang='lat'><em>-</em></span> <span class='ocrx_word' id='word_1_229' title='bbox 1051 2785 1167 2839; x_wconf 87' lang='lat' dir='ltr'>Gaudet</span> 
     </span>
     <span class='ocr_line' id='line_1_27' title="bbox 52 2871 1166 2943; baseline -0.002 -16"><span class='ocrx_word' id='word_1_230' title='bbox 52 2872 226 2927; x_wconf 88' lang='lat' dir='ltr'>concordiae</span> <span class='ocrx_word' id='word_1_231' title='bbox 245 2888 326 2941; x_wconf 90' lang='lat' dir='ltr'>spem</span> <span class='ocrx_word' id='word_1_232' title='bbox 348 2881 519 2941; x_wconf 87' lang='lat' dir='ltr'>conceptam</span> <span class='ocrx_word' id='word_1_233' title='bbox 543 2873 643 2943; x_wconf 86' lang='lat' dir='ltr'>augeri</span> <span class='ocrx_word' id='word_1_234' title='bbox 660 2890 694 2927; x_wconf 91' lang='lat' dir='ltr'>ex</span> <span class='ocrx_word' id='word_1_235' title='bbox 716 2887 751 2926; x_wconf 91' lang='lat' dir='ltr'>eo</span> <span class='ocrx_word' id='word_1_236' title='bbox 776 2871 854 2942; x_wconf 92' lang='lat' dir='ltr'>quod</span> <span class='ocrx_word' id='word_1_237' title='bbox 868 2871 998 2927; x_wconf 89' lang='lat' dir='ltr'>nonnulli</span> <span class='ocrx_word' id='word_1_238' title='bbox 1011 2872 1166 2926; x_wconf 89' lang='lat' dir='ltr'>terminum</span> 
     </span>
     <span class='ocr_line' id='line_1_28' title="bbox 53 2957 1166 3029; baseline -0.002 -16"><span class='ocrx_word' id='word_1_239' title='bbox 53 2960 176 3015; x_wconf 89' lang='lat' dir='ltr'>labentis</span> <span class='ocrx_word' id='word_1_240' title='bbox 186 2960 294 3015; x_wconf 87' lang='lat' dir='ltr'>saeculi</span> <span class='ocrx_word' id='word_1_241' title='bbox 307 2959 460 3014; x_wconf 82' lang='lat' dir='ltr'>decrevere</span> <span class='ocrx_word' id='word_1_242' title='bbox 472 2960 594 3015; x_wconf 88' lang='lat' dir='ltr'>solemni</span> <span class='ocrx_word' id='word_1_243' title='bbox 608 2958 756 3029; x_wconf 86' lang='lat' dir='ltr'>religionis</span> <span class='ocrx_word' id='word_1_244' title='bbox 775 2957 942 3014; x_wconf 88' lang='lat' dir='ltr'>testimonio</span> <span class='ocrx_word' id='word_1_245' title='bbox 962 2959 1166 3014; x_wconf 88' lang='lat' dir='ltr'>celebrandurn</span> 
     </span>
     <span class='ocr_line' id='line_1_29' title="bbox 56 3044 1166 3117; baseline -0.003 -15"><span class='ocrx_word' id='word_1_246' title='bbox 56 3062 114 3115; x_wconf 85' lang='lat'>190.</span> <span class='ocrx_word' id='word_1_247' title='bbox 128 3049 273 3117; x_wconf 86' lang='lat' dir='ltr'>-Agaut</span> <span class='ocrx_word' id='word_1_248' title='bbox 295 3047 350 3102; x_wconf 92' lang='lat' dir='ltr'>illis</span> <span class='ocrx_word' id='word_1_249' title='bbox 369 3046 547 3102; x_wconf 88' lang='lat' dir='ltr'>solemnibus</span> <span class='ocrx_word' id='word_1_250' title='bbox 567 3048 702 3102; x_wconf 90' lang='lat' dir='ltr'>catholici</span> <span class='ocrx_word' id='word_1_251' title='bbox 715 3048 826 3115; x_wconf 88' lang='lat' dir='ltr'>gratias</span> <span class='ocrx_word' id='word_1_252' title='bbox 848 3048 886 3103; x_wconf 92' lang='lat' dir='ltr'>ob</span> <span class='ocrx_word' id='word_1_253' title='bbox 907 3046 1013 3101; x_wconf 89' lang='lat' dir='ltr'>collata</span> <span class='ocrx_word' id='word_1_254' title='bbox 1034 3044 1166 3100; x_wconf 86' lang='lat' dir='ltr'>Pontifici</span> 
     </span>
     <span class='ocr_line' id='line_1_30' title="bbox 52 3133 1168 3203; baseline -0.003 -13"><span class='ocrx_word' id='word_1_255' title='bbox 52 3136 193 3191; x_wconf 89' lang='lat' dir='ltr'>beneficia</span> <span class='ocrx_word' id='word_1_256' title='bbox 205 3155 213 3201; x_wconf 82' lang='lat'>3</span> <span class='ocrx_word' id='word_1_257' title='bbox 226 3135 350 3190; x_wconf 86' lang='lat' dir='ltr'>maxime</span> <span class='ocrx_word' id='word_1_258' title='bbox 363 3152 431 3190; x_wconf 85' lang='lat' dir='ltr'>vero</span> <span class='ocrx_word' id='word_1_259' title='bbox 451 3136 547 3189; x_wconf 89' lang='lat' dir='ltr'>Deum</span> <span class='ocrx_word' id='word_1_260' title='bbox 560 3143 678 3189; x_wconf 89' lang='lat' dir='ltr'>exorent</span> <span class='ocrx_word' id='word_1_261' title='bbox 692 3144 722 3188; x_wconf 93' lang='lat' dir='ltr'>ut</span> <span class='ocrx_word' id='word_1_262' title='bbox 740 3134 868 3188; x_wconf 88' lang='lat' dir='ltr'>humano</span> <span class='ocrx_word' id='word_1_263' title='bbox 879 3135 977 3203; x_wconf 81' lang='lat' dir='ltr'>generi</span> <span class='ocrx_word' id='word_1_264' title='bbox 998 3133 1168 3189; x_wconf 85' lang='lat' dir='ltr'>misereatur</span> 
     </span>
    </p>
   </div>
   <div class='ocr_carea' id='block_1_6' title="bbox 58 3236 116 3291">
    <p class='ocr_par' dir='ltr' id='par_1_6' title="bbox 58 3236 116 3291">
     <span class='ocr_line' id='line_1_31' title="bbox 58 3236 116 3291; baseline 0.034 -16"><span class='ocrx_word' id='word_1_265' title='bbox 58 3236 116 3291; x_wconf 86' lang='lat'>¹90·</span> 
     </span>
    </p>
   </div>
   <div class='ocr_carea' id='block_1_7' title="bbox 54 3397 1077 3653">
    <p class='ocr_par' dir='ltr' id='par_1_7' title="bbox 54 3397 1077 3653">
     <span class='ocr_line' id='line_1_32' title="bbox 91 3397 1077 3459; baseline -0.003 -10"><span class='ocrx_word' id='word_1_266' title='bbox 91 3400 144 3451; x_wconf 80' lang='lat'>45.</span> <span class='ocrx_word' id='word_1_267' title='bbox 166 3399 388 3449; x_wconf 73' lang='lat' dir='ltr'><strong>LITTERAE</strong></span> <span class='ocrx_word' id='word_1_268' title='bbox 403 3398 697 3450; x_wconf 72' lang='lat' dir='ltr'>asos&#39;romcas:</span> <span class='ocrx_word' id='word_1_269' title='bbox 717 3398 842 3459; x_wconf 81' lang='lat' dir='ltr'>qulbus</span> <span class='ocrx_word' id='word_1_270' title='bbox 859 3397 1077 3449; x_wconf 82' lang='lat' dir='ltr'>Universitatl</span> 
     </span>
     <span class='ocr_line' id='line_1_33' title="bbox 55 3494 1077 3558; baseline -0.005 -11"><span class='ocrx_word' id='word_1_271' title='bbox 55 3496 273 3558; x_wconf 80' lang='lat' dir='ltr'>Gregorlanae</span> <span class='ocrx_word' id='word_1_272' title='bbox 292 3495 330 3545; x_wconf 84' lang='lat' dir='ltr'>nt</span> <span class='ocrx_word' id='word_1_273' title='bbox 350 3495 491 3545; x_wconf 80' lang='lat' dir='ltr'>facultas</span> <span class='ocrx_word' id='word_1_274' title='bbox 506 3495 593 3557; x_wconf 87' lang='lat' dir='ltr'>jurls</span> <span class='ocrx_word' id='word_1_275' title='bbox 611 3495 771 3546; x_wconf 81' lang='lat' dir='ltr'>Ganontet</span> <span class='ocrx_word' id='word_1_276' title='bbox 790 3494 965 3545; x_wconf 84' lang='lat' dir='ltr'>cathedras</span> <span class='ocrx_word' id='word_1_277' title='bbox 978 3495 1077 3545; x_wconf 87' lang='lat' dir='ltr'>lnstt-</span> 
     </span>
     <span class='ocr_line' id='line_1_34' title="bbox 54 3588 1076 3653; baseline -0.003 -12"><span class='ocrx_word' id='word_1_278' title='bbox 54 3590 172 3641; x_wconf 83' lang='lat' dir='ltr'>tuendi</span> <span class='ocrx_word' id='word_1_279' title='bbox 186 3594 218 3641; x_wconf 89' lang='lat' dir='ltr'>et</span> <span class='ocrx_word' id='word_1_280' title='bbox 231 3589 437 3640; x_wconf 82' lang='lat' dir='ltr'>academicos</span> <span class='ocrx_word' id='word_1_281' title='bbox 446 3590 637 3640; x_wconf 83' lang='lat' dir='ltr'>couterendl</span> <span class='ocrx_word' id='word_1_282' title='bbox 648 3590 779 3653; x_wconf 81' lang='lat' dir='ltr'>gradus.</span> <span class='ocrx_word' id='word_1_283' title='bbox 792 3589 880 3640; x_wconf 88' lang='grc'>-29</span> <span class='ocrx_word' id='word_1_284' title='bbox 889 3588 973 3640; x_wconf 75' lang='grc' dir='ltr'>,ΙιιΙΗ</span> <span class='ocrx_word' id='word_1_285' title='bbox 986 3588 1076 3640; x_wconf 83' lang='grc'><strong>1896.</strong></span> 
     </span>
    </p>
   </div>
   <div class='ocr_carea' id='block_1_8' title="bbox 1008 3695 1166 3750">
    <p class='ocr_par' dir='ltr' id='par_1_8' title="bbox 1008 3695 1166 3750">
     <span class='ocr_line' id='line_1_35' title="bbox 1008 3695 1166 3750; baseline -0.013 -15"><span class='ocrx_word' id='word_1_286' title='bbox 1008 3698 1074 3750; x_wconf 88' lang='lat' dir='ltr'>pag.</span> <span class='ocrx_word' id='word_1_287' title='bbox 1118 3695 1166 3749; x_wconf 88' lang='lat'>19²</span> 
     </span>
    </p>
   </div>
   <div class='ocr_carea' id='block_1_9' title="bbox 56 3827 1169 4427">
    <p class='ocr_par' dir='ltr' id='par_1_9' title="bbox 56 3827 1169 4427">
     <span class='ocr_line' id='line_1_36' title="bbox 92 3827 1168 3898; baseline 0 -15"><span class='ocrx_word' id='word_1_288' title='bbox 92 3830 289 3885; x_wconf 90' lang='lat' dir='ltr'>Romanorum</span> <span class='ocrx_word' id='word_1_289' title='bbox 311 3828 482 3884; x_wconf 88' lang='lat' dir='ltr'>Pontificum</span> <span class='ocrx_word' id='word_1_290' title='bbox 505 3846 603 3884; x_wconf 90' lang='lat' dir='ltr'>curam</span> <span class='ocrx_word' id='word_1_291' title='bbox 629 3829 666 3883; x_wconf 91' lang='lat' dir='ltr'>de</span> <span class='ocrx_word' id='word_1_292' title='bbox 691 3828 822 3884; x_wconf 89' lang='lat' dir='ltr'>scientiis</span> <span class='ocrx_word' id='word_1_293' title='bbox 841 3828 976 3883; x_wconf 88' lang='lat' dir='ltr'>humanis</span> <span class='ocrx_word' id='word_1_294' title='bbox 1003 3827 1168 3898; x_wconf 88' lang='lat' dir='ltr'>divinisque</span> 
     </span>
     <span class='ocr_line' id='line_1_37' title="bbox 57 3916 1168 3986; baseline 0 -15"><span class='ocrx_word' id='word_1_295' title='bbox 57 3918 262 3986; x_wconf 90' lang='lat' dir='ltr'>promovendis</span> <span class='ocrx_word' id='word_1_296' title='bbox 275 3926 405 3986; x_wconf 88' lang='lat' dir='ltr'>testatus,</span> <span class='ocrx_word' id='word_1_297' title='bbox 425 3916 523 3973; x_wconf 89' lang='lat' dir='ltr'>laudat</span> <span class='ocrx_word' id='word_1_298' title='bbox 535 3917 668 3973; x_wconf 91' lang='lat' dir='ltr'>Pontifex</span> <span class='ocrx_word' id='word_1_299' title='bbox 682 3917 914 3973; x_wconf 90' lang='lat' dir='ltr'>Universitatem</span> <span class='ocrx_word' id='word_1_300' title='bbox 930 3917 1168 3985; x_wconf 83' lang='lat' dir='ltr'>Gregorianama</span> 
     </span>
     <span class='ocr_line' id='line_1_38' title="bbox 57 4003 1167 4075; baseline -0.002 -15"><span class='ocrx_word' id='word_1_301' title='bbox 57 4004 177 4061; x_wconf 91' lang='lat' dir='ltr'>Clericis</span> <span class='ocrx_word' id='word_1_302' title='bbox 191 4006 383 4075; x_wconf 87' lang='lat' dir='ltr'>Regularibus</span> <span class='ocrx_word' id='word_1_303' title='bbox 394 4004 635 4075; x_wconf 87' lang='lat' dir='ltr'>S.J.nobilitalam</span> <span class='ocrx_word' id='word_1_304' title='bbox 652 4020 708 4074; x_wconf 84' lang='lat'><em>192.</em></span> <span class='ocrx_word' id='word_1_305' title='bbox 718 4035 753 4045; x_wconf 93' lang='lat'><em>-</em></span> <span class='ocrx_word' id='word_1_306' title='bbox 766 4006 946 4060; x_wconf 87' lang='lat' dir='ltr'>Concessum</span> <span class='ocrx_word' id='word_1_307' title='bbox 958 4004 1013 4073; x_wconf 89' lang='lat' dir='ltr'>ipsi</span> <span class='ocrx_word' id='word_1_308' title='bbox 1026 4021 1043 4058; x_wconf 90' lang='lat' dir='ltr'>a</span> <span class='ocrx_word' id='word_1_309' title='bbox 1058 4003 1110 4059; x_wconf 91' lang='lat' dir='ltr'>Pio</span> <span class='ocrx_word' id='word_1_310' title='bbox 1125 4006 1167 4058; x_wconf 88' lang='lat' dir='ltr'>tx</span> 
     </span>
     <span class='ocr_line' id='line_1_39' title="bbox 56 4092 1166 4165; baseline -0.003 -17"><span class='ocrx_word' id='word_1_311' title='bbox 56 4092 238 4163; x_wconf 85' lang='lat' dir='ltr'>privilegium</span> <span class='ocrx_word' id='word_1_312' title='bbox 254 4094 328 4165; x_wconf 86' lang='lat' dir='ltr'>juris</span> <span class='ocrx_word' id='word_1_313' title='bbox 343 4092 483 4149; x_wconf 91' lang='lat' dir='ltr'>Canonici</span> <span class='ocrx_word' id='word_1_314' title='bbox 494 4094 649 4148; x_wconf 88' lang='lat' dir='ltr'>cathedras</span> <span class='ocrx_word' id='word_1_315' title='bbox 662 4092 800 4162; x_wconf 88' lang='lat' dir='ltr'>erigendi,</span> <span class='ocrx_word' id='word_1_316' title='bbox 819 4092 1047 4163; x_wconf 86' lang='lat' dir='ltr'>conferendique</span> <span class='ocrx_word' id='word_1_317' title='bbox 1059 4092 1166 4162; x_wconf 87' lang='lat' dir='ltr'>gradus</span> 
     </span>
     <span class='ocr_line' id='line_1_40' title="bbox 56 4178 1168 4251; baseline -0.003 -16"><span class='ocrx_word' id='word_1_318' title='bbox 56 4181 248 4251; x_wconf 90' lang='lat' dir='ltr'>academicos,</span> <span class='ocrx_word' id='word_1_319' title='bbox 263 4181 394 4237; x_wconf 88' lang='lat' dir='ltr'>Pontifex</span> <span class='ocrx_word' id='word_1_320' title='bbox 408 4181 487 4237; x_wconf 91' lang='lat' dir='ltr'>hisce</span> <span class='ocrx_word' id='word_1_321' title='bbox 499 4181 603 4236; x_wconf 90' lang='lat' dir='ltr'>litteris</span> <span class='ocrx_word' id='word_1_322' title='bbox 617 4180 778 4249; x_wconf 88' lang='lat' dir='ltr'>confirmat,</span> <span class='ocrx_word' id='word_1_323' title='bbox 798 4182 936 4251; x_wconf 86' lang='lat' dir='ltr'>legesque</span> <span class='ocrx_word' id='word_1_324' title='bbox 949 4178 1048 4235; x_wconf 89' lang='lat' dir='ltr'>definit</span> <span class='ocrx_word' id='word_1_325' title='bbox 1062 4179 1090 4233; x_wconf 93' lang='lat' dir='ltr'>in</span> <span class='ocrx_word' id='word_1_326' title='bbox 1101 4195 1168 4234; x_wconf 90' lang='lat' dir='ltr'>con-</span> 
     </span>
     <span class='ocr_line' id='line_1_41' title="bbox 56 4266 1169 4339; baseline -0.002 -18"><span class='ocrx_word' id='word_1_327' title='bbox 56 4266 184 4323; x_wconf 89' lang='lat' dir='ltr'>ferendis</span> <span class='ocrx_word' id='word_1_328' title='bbox 209 4267 346 4339; x_wconf 88' lang='lat' dir='ltr'>gradibus</span> <span class='ocrx_word' id='word_1_329' title='bbox 363 4268 562 4325; x_wconf 87' lang='lat' dir='ltr'>observandas</span> <span class='ocrx_word' id='word_1_330' title='bbox 590 4280 709 4338; x_wconf 84' lang='lat'>192-193.</span> <span class='ocrx_word' id='word_1_331' title='bbox 730 4296 767 4307; x_wconf 89' lang='lat'><em>—</em></span> <span class='ocrx_word' id='word_1_332' title='bbox 788 4266 986 4323; x_wconf 89' lang='lat' dir='ltr'>Praesentium</span> <span class='ocrx_word' id='word_1_333' title='bbox 1009 4267 1169 4322; x_wconf 90' lang='lat' dir='ltr'>litterarum</span> 
     </span>
     <span class='ocr_line' id='line_1_42' title="bbox 57 4356 473 4427; baseline 0.002 -17"><span class='ocrx_word' id='word_1_334' title='bbox 57 4356 261 4413; x_wconf 87' lang='lat' dir='ltr'>auctoritatem</span> <span class='ocrx_word' id='word_1_335' title='bbox 270 4356 400 4413; x_wconf 83' lang='lat' dir='ltr'>vindicat</span> <span class='ocrx_word' id='word_1_336' title='bbox 414 4370 473 4427; x_wconf 83' lang='lat'>193.</span> 
     </span>
    </p>
   </div>
   <div class='ocr_carea' id='block_1_10' title="bbox 0 0 1566 4859">
    <p class='ocr_par' dir='ltr' id='par_1_10' title="bbox 0 0 1566 4859">
     <span class='ocr_line' id='line_1_43' title="bbox 0 0 1566 4859; baseline 0 0"><span class='ocrx_word' id='word_1_337' title='bbox 0 0 1566 4859; x_wconf 95' lang='lat' dir='ltr'> </span> 
     </span>
    </p>
   </div>
  </div>
 </body>
</html>
