3117 4859
464 384 585 433 INDEX
614 385 867 439 ANALl'TICUS.
1153 390 1220 458 341

116 539 267 607 Belgarum
277 554 358 606 gens,
367 536 514 606 Episcopi,
523 546 551 590 et
567 536 609 589 iil
619 537 656 590 D.
671 535 796 591 Merckr
809 538 961 594 laudantur
974 541 1010 595 de
1019 540 1137 595 condito
1148 542 1227 595 insti-

115 636 177 681 tuto
188 625 298 695 optime
309 625 403 678 meriti
412 638 428 677 2
431 624 539 692 37·238.
549 652 585 663 -
596 625 686 679 Recte
695 624 722 676 in
733 642 808 679 nova
818 627 917 681 schola
928 628 1134 699 praescriptum
1146 638 1228 683 estut

114 714 144 767 S.
165 712 221 767 Th.
243 712 374 766 doctrina
394 710 423 764 in
441 720 554 765 ceteras
572 710 661 765 etiam
683 710 784 766 influat
803 712 978 783 disciplinas,
992 715 1084 769 auctis
1104 716 1132 769 in
1151 715 1228 771 hunc
1303 698 1307 707 ¹

113 802 199 855 tinem
213 800 384 869 magisteriis
398 800 458 867 238.
471 829 503 839 -
520 798 690 869 Opportune
703 800 895 855 Seminarium
912 804 1046 858 lnstituto
1058 803 1110 857 fuit
1127 804 1226 873 adjun-

113 901 191 944 ctum
204 890 263 957 238.
277 918 311 927 -
327 889 488 943 Consulens
500 887 637 958 praeclari
659 887 755 956 operis
777 890 963 958 incremento,
977 891 1078 946 statuit
1097 892 1227 948 Pontifex

117 976 243 1031 instituti
254 994 320 1030 cum
331 974 676 1031 Universitaterationem
690 976 816 1044 238·239.
833 1006 865 1017 ·-
876 978 1007 1048 Magistri
1021 979 1145 1034 instituti
1160 996 1227 1033 suos

112 1064 200 1118 etiam
213 1080 341 1118 seorsum
355 1074 454 1118 coetus
466 1062 591 1116 habeant
605 1076 665 1130 239.
678 1092 713 1103 -·
723 1064 900 1119 Conceditur
909 1078 1037 1136 potestas
1048 1067 1179 1121 alumnos
1188 1067 1226 1121 ad

113 1151 313 1221 philosophiae
325 1150 431 1220 gradus
444 1151 630 1220 promovendi
645 1165 706 1219 239.
715 1180 750 1191 -
761 1153 852 1222 Leges
865 1154 993 1208 Instituti
1004 1171 1022 1209 a
1032 1156 1060 1210 S.
1073 1155 1148 1209 Sede
1161 1166 1227 1209 sunt

114 1240 330 1295 confirmandae
352 1254 414 1307 239.
435 1267 469 1276 -
491 1240 683 1293 Commendat
697 1240 830 1295 Pontifex
851 1242 1035 1297 concordiam
1056 1245 1226 1298 servandam

118 1329 344 1385 Universitatem
358 1327 432 1381 inter
443 1336 472 1381 et
486 1327 671 1393 institutum
687 1328 725 1382 de
742 1328 827 1399 hujus
841 1345 908 1384 vero
928 1332 1116 1401 prosperitate
1137 1332 1228 1385 muita

109 1426 274 1486 auguratur.
288 1415 439 1471 Benedicit
457 1428 583 1483 239·240.

146 1545 199 1595 ⁴5.
214 1542 426 1593 EPISTOLA
436 1542 479 1591 ad
488 1542 663 1604 Georgium
674 1542 715 1592 de
726 1541 883 1605 Hersiing
902 1544 943 1593 de
965 1546 1139 1606 principiis

113 1636 145 1683 in
163 1634 349 1683 christiana
366 1634 436 1681 arie
455 1630 639 1681 servandis.
659 1654 694 1665 -
711 1630 747 1679 12
765 1632 881 1681 Martii
895 1632 986 1683 1894.
1072 1647 1136 1699 pag.
1176 1646 1223 1697 241

151 1744 354 1813 opportunam
376 1741 455 1796 ducit
477 1739 608 1794 Pontifex
626 1751 752 1795 erectam
774 1741 943 1797 societatem
962 1743 1031 1796 artis
1045 1740 1226 1809 christianae,

113 1846 178 1883 cum
198 1846 288 1898 saepe
301 1827 493 1899 depraventur
504 1828 630 1898 optimae
643 1839 719 1882 artes
736 1829 773 1882 ab
786 1828 831 1881 his
848 1829 896 1898 qui
910 1839 1041 1883 naturam
1054 1830 1143 1883 nimia
1162 1848 1226 1885 curn

111 1915 227 1969 licentia
241 1914 388 1969 imitantur
400 1928 460 1980 ²4¹·
473 1914 600 1968 -Artis
613 1924 709 1967 autern
728 1913 902 1969 christianae
921 1932 1025 1969 munus
1038 1926 1082 1970 est
1094 1916 1226 1971 famulari

114 2005 178 2059 Deo
194 2025 200 2060 :
214 2003 282 2058 ideo
295 2004 333 2057 ad
343 2004 450 2057 bonum
460 2002 592 2058 homines
603 2002 711 2057 alliciat
723 2013 837 2073 oportet
860 2003 933 2057 sicut
952 2020 1000 2057 ars
1019 2004 1137 2074 antiqua
1156 2005 1227 2059 chri-

110 2092 202 2147 stiana
214 2092 422 2159 aen-Quem
434 2091 521 2145 finem
534 2090 558 2144 si
571 2101 647 2144 artes
660 2100 877 2161 prosequantur,
887 2092 915 2145 in
929 2091 1055 2161 ipsarum
1070 2091 1227 2148 incremen-

113 2194 171 2236 tum
184 2181 214 2235 id
228 2179 312 2234 cedet
326 2193 386 2244 24¹·
396 2208 433 2218 -·
444 2179 532 2233 Tales
544 2194 610 2233 cunt
622 2177 679 2231 sint
693 2179 841 2234 doctrinae
854 2179 1057 2249 praelaudatae
1070 2183 1225 2251 societatis,

112 2288 176 2325 eam
200 2268 333 2338 religioni
355 2285 389 2324 ac
409 2268 518 2323 artibus
537 2266 715 2337 profuturam
734 2266 853 2323 conlidit
875 2268 1014 2337 Pontifex,
1032 2280 1062 2323 et
1081 2268 1226 2324 benedicit

108 2374 236 2426 241-242.

144 2481 198 2533 ⁴6.
222 2478 433 2530 EPISTOLA
465 2477 712 2529 ENCYCLICA
731 2478 775 2528 ad
797 2478 976 2541 Episcopos
997 2480 1137 2529 Polonos

110 2573 151 2621 de
162 2572 264 2621 rebus
276 2568 503 2619 ecciesiasticis
516 2568 681 2618 Poioniae.
697 2590 732 2600 -
746 2566 783 2617 19
797 2568 913 2619 Martii
928 2567 1010 2618 1894
1032 2603 1134 2619 ......

1069 2670 1134 2723 pag·
1172 2666 1224 2721 243

146 2775 265 2844 Jamdiu
278 2774 423 2845 exoptavit
437 2772 568 2827 Pontifex
580 2773 633 2827 has
647 2774 717 2826 dare
729 2772 838 2827 litteras
851 2772 880 2827 in
888 2771 1083 2828 testimouium
1096 2774 1225 2829 caritatis

111 2880 179 2933 erga
193 2862 334 2917 Polonam
347 2871 462 2931 gentem
475 2878 563 2932 quarn
584 2861 622 2914 ob
641 2860 801 2915 debellatos
820 2861 967 2916 christiani
988 2861 1113 2915 nominis
1126 2863 1225 2916 hostes

117 2952 294 3022 fideliterque
307 2951 480 3006 custoditam
497 2950 669 3004 catholicam
683 2949 786 3003 Fidem
799 2966 912 3004 summa
926 2950 1009 3005 laude
1022 2951 1148 3005 celebrat
1161 2964 1222 3018 243.

111 3066 146 3075 —
159 3038 287 3093 intendit
300 3038 380 3093 hisce
387 3037 489 3093 litteris
497 3054 580 3091 suam
590 3038 618 3091 in
628 3037 754 3091 Poionos
766 3037 989 3093 sollicitudinem
1002 3038 1127 3109 apertius
1139 3049 1224 3094 testa·

111 3129 143 3195 ri,
156 3128 277 3199 illosque
286 3130 421 3183 roborare
433 3130 460 3181 in
474 3127 634 3197 catholicae
646 3126 833 3197 professionis
845 3127 946 3181 officiis
960 3140 1087 3195 243·244.
1101 3156 1136 3165 -—
1149 3128 1223 3181 Con·

110 3226 191 3270 sueta
205 3216 416 3287 Episcoporum
430 3216 557 3270 sollertia
570 3232 651 3285 spem
663 3227 748 3285 auget
761 3216 864 3270 uberes
877 3232 911 3268 ex
924 3214 969 3269 his
981 3216 1097 3269 monitis
1116 3214 1223 3270 fructus

111 3304 287 3375 percipiendi
310 3318 370 3370 244.
392 3332 428 3342 -
452 3306 463 3357 i
485 3306 555 3359 Pars
573 3304 611 3358 ad
630 3305 793 3358 universam
812 3315 928 3373 gentem
951 3304 1091 3357 Poionam
1104 3314 1222 3373 spectat.

114 3398 140 3443 ιο
152 3394 266 3447 Monita
279 3392 315 3447 de
328 3393 466 3448 societate
478 3392 605 3463 politica.
620 3393 758 3447 Omnium
777 3392 981 3447 beneficiorum
1004 3394 1160 3447 maximum
1180 3404 1224 3446 est

113 3480 219 3536 Christi
238 3482 348 3551 religio,
366 3480 531 3536 felicitatem
545 3482 704 3550 praesentis
722 3482 798 3536 vitae
811 3493 839 3536 et
852 3482 963 3535 futurae
977 3481 1060 3535 simui
1073 3481 1224 3535 conferens

108 3582 168 3635 ²44
180 3600 214 3609 —
227 3570 324 3624 Tanto
336 3569 477 3624 beneficio
489 3579 587 3638 gratas
599 3586 630 3622 se
643 3581 745 3637 gentes
758 3568 910 3623 exhibeant
925 3568 1092 3639 religionem
1102 3568 1225 3623 colendo

110 3660 269 3731 eaquidem
285 3658 397 3714 ratione
410 3675 497 3729 quarn
510 3659 571 3727 ipse
582 3660 663 3712 Deus
672 3657 802 3712 definivit
816 3672 876 3725 244.
889 3687 925 3696 -
939 3658 987 3713 Sic
1000 3675 1031 3714 se
1040 3658 1140 3713 Poioni
1151 3658 1222 3729 jam·

110 3747 218 3802 dudum
230 3758 390 3819 gesserunt,
403 3746 529 3800 maximo
541 3762 611 3800 suae
624 3746 718 3814 gentis
737 3747 932 3801 emolumento
954 3761 1013 3812 244
1038 3776 1074 3787 --
1100 3748 1223 3800 Multum

110 3837 226 3908 interest
234 3836 363 3907 gentium
373 3845 404 3889 ut
413 3834 546 3889 Ecclesia
554 3834 646 3902 legem
656 3833 806 3900 Evangelii
817 3833 886 3904 ipsis
894 3832 1018 3889 inculcet
1026 3848 1123 3903 245.-
1135 3836 1223 3890 Suam

113 3927 310 3981 auctoritatem
333 3922 472 3990 Ecclesia,
487 3932 568 3977 extra
588 3919 694 3975 limites
710 3922 785 3976 adeo
805 3938 862 3975 non
881 3922 1017 3991 extendit,
1036 3933 1066 3976 ut
1079 3922 1174 3993 potius
1187 3922 1224 3976 de

108 4015 170 4084 jure
189 4033 240 4070 suo
260 4031 348 4084 saepe
370 4014 504 4069 remittat.
526 4011 636 4081 lnjuste
657 4028 726 4080 ergo
750 4010 819 4066 talia
843 4012 1053 4067 calumniantur
1076 4012 1225 4068 Ecclesiae

111 4101 207 4158 hostes
220 4117 271 4173 245
289 4122 342 4157 :-
354 4118 409 4156 nec
422 4100 441 4155 ii
454 4100 550 4155 minus
563 4098 791 4171 reprehendendi
805 4100 853 4170 qui
873 4100 965 4170 ipsam
984 4101 1061 4170 apud
1080 4100 1225 4170 principes

113 4188 142 4243 in
152 4192 343 4262 suspicionem
356 4201 469 4246 vocant.
490 4190 623 4246 Consulit
634 4190 713 4243 enim
725 4188 857 4245 Ecclesia
870 4190 1057 4261 principibus,
1070 4189 1138 4244 boni
1151 4188 1224 4259 regi-

115 4278 198 4334 minis
211 4280 288 4351 leges
295 4280 338 4337 eis
347 4280 520 4335 inculcando
531 4299 538 4344 3
551 4279 675 4333 consulit
688 4278 820 4347 subditis,
830 4296 879 4333 eos
888 4278 1019 4333 docendo
1031 4277 1221 4333 reverentiam

115 4377 141 4421 et
152 4355 236 4425 iidem
251 4369 425 4441 principibus
437 4369 564 4424 debitam
579 4368 706 4437 245-246.
720 4396 755 4408 -
768 4369 865 4423 Floret
879 4368 979 4425 civitas
1001 4367 1038 4421 ad
1061 4366 1223 4421 doctrinam
