3117 4859
370 347 441 418 170
496 350 677 402 cnrsrocr
705 349 915 401 sncrcucrr
943 337 1090 402 “sarrs
1115 351 1329 404 cocurrurr.
1352 331 1372 357 '⁹

364 491 453 574 (qui
469 499 568 556 extra
595 491 785 558 Ecclesiam
802 497 903 578 positi
920 507 1008 572 sunt,
1032 498 1161 562 nullam
1183 498 1289 562 divini
1305 502 1473 565 sermonis

365 608 515 675 (capere
530 615 630 678 posse
641 597 911 680 intelligentiam.
936 602 1042 666 Navis
1053 604 1144 666 enim
1162 602 1337 666 Ecclesiae
1348 613 1472 686 typum

364 698 548 783 (praefert,
565 701 652 765 intra
679 721 780 783 quam
799 705 937 770 verbum
964 707 1054 771 vitae
1072 707 1221 788 positum
1236 717 1271 770 et
1296 707 1471 790 praedica·

363 813 466 871 (tum
483 803 517 866 hi
534 805 590 886 qui
607 817 705 869 extra
721 819 810 886 sunt,
825 819 859 872 et
874 829 997 873 arenae
1013 812 1117 874 modo
1131 812 1262 874 steriles
1277 823 1383 894 atque
1398 811 1472 874 inu-

366 921 384 975 t
396 906 471 972 tiles
484 909 650 980 adiacent,
660 909 847 995 intelligere
857 933 924 977 non
938 923 1080 996 possunt
1092 915 1143 996 (¹).
1157 930 1173 983 l
1189 913 1334 979 Rufinus
1343 915 1472 998 Grego-

363 1013 448 1078 rium
467 1011 719 1078 Nazianzenum
735 1013 852 1080 laudat
867 1027 902 1080 et
919 1018 1093 1094 Basiliam,
1106 1020 1198 1101 quod
1213 1034 1231 1088 t
1244 1019 1326 1082 solis
1335 1021 1473 1083 divinae

367 1115 582 1197 (scripturae
596 1117 824 1183 voluminibus
838 1141 976 1204 operam
992 1123 1131 1200 dabant,
1146 1143 1332 1206 earumque
1347 1123 1470 1186 intelli·

365 1220 545 1300 (gentiam
563 1240 629 1285 non
646 1241 691 1286 cx
709 1225 844 1306 propria
860 1226 1143 1308 praesumptione,
1157 1227 1217 1290 sed
1234 1247 1280 1290 ex
1306 1228 1472 1290 maiorum

368 1323 530 1405 (scriptis
557 1334 591 1390 et
621 1328 824 1392 auctoritate
853 1330 1089 1411 sequebantur,
1119 1351 1204 1413 quos
1234 1340 1269 1394 et
1294 1331 1389 1414 ipsos
1427 1351 1473 1394 ex

367 1429 585 1511 (apostolica
616 1433 828 1497 successione
859 1433 1068 1516 intelligendi
1104 1433 1254 1517 regulam
1286 1433 1474 1517 suscepisse

367 1535 574 1601 (constabat
590 1533 671 1616 (²).)>

228 1670 342 1731 Magon-
410 1636 652 1720 Quamobrem,
683 1640 715 1704 id
733 1641 824 1722 quod
853 1642 962 1721 exiis,
991 1661 1078 1724 quae
1092 1643 1184 1706 dicta
1208 1650 1297 1716 sunt,
1322 1650 1473 1724 apparet,

205 1729 341 1837 &ss2:2¹2
367 1743 512 1806 instituit
531 1743 638 1808 Issus
654 1743 847 1809 CHRISTUS
864 1745 897 1808 in
915 1745 1078 1818 Ecclesia,
1100 1745 1227 1824 πίνακι,
1241 1743 1474 1822 authentiam,

196 1906 201 1916 ,
231 1851 343 1950 'ctum
367 1849 524 1932 idemque
534 1861 672 1930 perenne
687 1851 926 1933 magisterium,
942 1852 1033 1934 quod
1045 1861 1166 1934 suapte
1181 1859 1354 1934 potestate
1366 1851 1472 1926 auxit,

189 1915 344 2027 smidaha&
367 1953 486 2036 spiritu
513 1953 663 2016 veritatis
688 1955 859 2032 instruxit,
882 1955 1052 2018 miraculis
1077 1954 1314 2020 confirmavit:
1337 1958 1473 2039 eiusque

189 2033 239 2080 Μ’
366 2067 546 2141 praecepta
562 2057 735 2121 doctrinae
751 2078 858 2140 aeque
878 2059 987 2142 accipi
1002 2079 1041 2123 ac
1056 2079 1117 2124 sua
1134 2059 1239 2122 voluit
1263 2060 1471 2142 gravissime-

365 2180 432 2244 que
459 2160 644 2244 imperavit.
660 2199 704 2210 -
731 2160 875 2245 Quoties
901 2162 1004 2246 igitur
1029 2163 1129 2229 huius
1155 2164 1259 2228 verbo
1286 2163 1469 2246 magisterii

366 2265 517 2340 edicitur,
546 2266 690 2329 traditae
706 2266 867 2332 divinitus
890 2268 1065 2331 doctrinae
1080 2268 1267 2350 complexu
1283 2267 1348 2332 hoc
1369 2267 1470 2332 conti·

368 2371 437 2434 neri
455 2371 505 2434 vel
531 2369 624 2448 illud,
640 2371 673 2434 id
691 2371 832 2454 quisque
847 2371 949 2436 debet
965 2383 1057 2435 certo
1073 2375 1219 2448 credere,
1237 2391 1356 2436 verum
1381 2391 1469 2436 esse:

368 2475 394 2538 si
422 2473 544 2538 salsum
560 2493 633 2538 esse
659 2474 728 2538 ullo
745 2479 848 2540 modo
873 2483 996 2558 posset,
1011 2475 1095 2539 illud
1123 2485 1360 2558 consequatur,
1384 2477 1469 2560 quod

368 2589 484 2662 aperte
511 2589 686 2661 repugnat,
700 2581 819 2644 erroris
846 2579 880 2643 in
907 2579 1045 2644 homine
1068 2581 1178 2664 ipsum
1203 2601 1278 2644 esse
1303 2593 1468 2644 auctorem

202 2725 248 2783 qm·
258 2727 344 2770 „mes
370 2686 482 2750 Deum
498 2711 503 2748 :
526 2681 676 2760 Domine,
691 2686 725 2746 sr'
732 2705 826 2748 error
838 2694 894 2762 est,
905 2706 927 2748 a
943 2694 974 2748 te
983 2683 1105 2767 decepti
1112 2688 1228 2749 sumu's
1240 2681 1296 2767 (3).
1319 2685 1375 2748 lta
1385 2682 1469 2748 omni

199 2787 346 2854 immiti
372 2801 486 2856 amota
512 2787 690 2853 dubitandi
706 2794 834 2866 caussA,
860 2789 1007 2853 ullamne
1022 2811 1068 2852 ex
1084 2790 1124 2852 iis
1139 2789 1340 2854 veritatibus
1367 2796 1471 2872 potest

192 2858 220 2890 ln
232 2859 287 2896 mlo.

212 2919 303 2950 omnem
314 2907 344 2950 si·
371 2898 527 2979 cuiquam
545 2893 594 2956 fas
609 2913 682 2957 esse
694 2913 859 2976 respuere,
874 2895 955 2976 quin
965 2915 1002 2958 se
1016 2895 1075 2958 det
1090 2894 1154 2958 hoc
1166 2893 1242 2976 ipso
1256 2892 1469 2975 praecipitem

192 2965 344 3069 diffidi}
373 3003 405 3064 in
423 3009 575 3083 apertam
600 2998 792 3062 haeresim?
815 3001 905 3081 quin,
921 2999 1091 3063 seiunctus
1119 2999 1163 3062 ab
1181 2997 1333 3061 Ecclesia
1354 2996 1471 3061 doctri·

209 3099 267 3130 nam
281 3086 345 3129 clrrr'-

193 3144 348 3194 ,ἥψω
374 3126 451 3171 nam
479 3103 697 3168 christianam
724 3123 792 3167 una
818 3103 1055 3185 complexione
1080 3103 1234 3184 repudiet
1262 3104 1471 3165 universam?

192 3206 346 3319 mjssjz'ssjf
374 3212 427 3276 Ea
441 3210 568 3293 quippe
583 3217 634 3272 est
651 3217 770 3272 natura
788 3206 875 3283 fidei,
884 3217 921 3271 ut
937 3207 1019 3270 nihil
1031 3217 1100 3270 tam
1118 3218 1284 3289 repugnet
1292 3224 1398 3289 quarn
1414 3205 1473 3267 ista

195 3323 314 3369 ranna
374 3317 517 3393 credere,
533 3314 589 3377 illa
613 3313 755 3376 reiicere.
780 3311 899 3376 Fidem
928 3313 1017 3375 enim
1036 3310 1188 3375 Ecclesia
1204 3309 1384 3393 profitetur
1407 3325 1475 3372 esse

375 3419 562 3487 (virtutem
575 3415 873 3500 supernaturalem,
885 3435 961 3497 qua,
983 3415 1047 3479 Dei
1058 3415 1290 3478 adiuvanteet
1310 3415 1476 3496 aspirante

374 3523 524 3604 (gratia,
536 3521 580 3584 ab
603 3540 645 3583 eo
671 3519 818 3583 revelata
841 3538 920 3582 vera
946 3537 1020 3582 esse
1046 3518 1224 3596 credimus,
1249 3535 1317 3581 non
1345 3525 1478 3598 propter

375 3627 619 3696 (intrinsecam
636 3644 743 3688 rerum
763 3625 937 3688 veritatem
955 3621 1097 3686 naturali
1114 3621 1254 3686 rationis
1266 3619 1395 3684 lumine
1410 3638 1477 3702 per·

377 3740 566 3811 (spectem,
582 3729 648 3791 sed*
667 3737 804 3810 propter
820 3729 1055 3792 auctoritatem
1080 3724 1186 3809 ipsius
1203 3723 1270 3788 Dei
1294 3721 1479 3795 revelantis,

376 3833 463 3916 ‹qui
480 3831 627 3896 nectant
652 3851 713 3894 nec
728 3830 844 3894 fallere
859 3839 971 3912 potest
987 3828 1070 3912 (⁴).)
1095 3829 1132 3895 Si
1150 3828 1231 3912 quid
1249 3829 1353 3910 igitur
1378 3824 1477 3890 tradi·

373 3949 445 4002 tum
463 3957 483 4001 a
499 3937 576 4001 Deo
591 3936 717 4020 liqueat
734 3933 844 4010 luisse,
862 3954 922 3997 nec
938 3943 1052 3998 tamen
1067 3933 1224 4010 creditur,
1240 3930 1322 3994 nihil
1341 3931 1478 3994 omnino

373 4040 439 4106 fide
470 4041 583 4106 divina
613 4041 767 4108 creditur.
793 4039 894 4123 Quod
925 4038 1015 4102 enirn
1044 4038 1190 4101 lacobus
1219 4034 1410 4118 Apostolus
1439 4033 1479 4096 de

374 4147 498 4209 delicto
525 4145 649 4208 iudicat
665 4146 698 4208 in
716 4163 838 4226 genere
854 4162 997 4220 morum,
1021 4143 1110 4206 idem
1125 4142 1170 4204 de
1185 4140 1356 4223 opinionis
1371 4155 1479 4202 errore

405 4307 424 4340 1.
446 4297 567 4338 cunamen!
583 4293 612 4337 in
628 4294 718 4340 Matri.
733 4303 794 4346 xltt,
814 4308 837 4340 n.
858 4308 877 4339 1.
898 4317 928 4328 -
943 4307 965 4338 a.
983 4292 1050 4338 Hirr.
1068 4292 1147 4344 Eccl..
1160 4291 1199 4337 lib.
1222 4299 1249 4342 11,
1263 4301 1315 4346 cap
1329 4301 1352 4346 9,
1365 4300 1427 4347 *3.
1443 4286 1482 4331 Ri-

375 4362 479 4406 chardus
489 4361 520 4404 de
530 4359 553 4404 S.
568 4359 672 4412 Victore.
686 4361 723 4407 De
738 4361 821 4414 Tria„
833 4361 873 4407 lib.
888 4371 905 4414 r,
918 4372 972 4419 cop.
985 4373 1007 4406 2.
1021 4384 1051 4393 -
1075 4373 1098 4416 4.
1111 4358 1186 4404 Conc.
1200 4356 1255 4402 Vae
1269 4368 1326 4402 sess
1340 4365 1380 4408 111,
1392 4367 1478 4414 rapa
