3117 4859
207 2596 322 2642 Praesen-

172 2655 237 2700 tium
258 2657 323 2702 litte·

170 2728 259 2760 rarum
278 2731 322 2760 arr-

184 2775 321 2822 ctoritatm

169 2834 289 2881 vindicat.

355 339 427 430 238
481 361 577 410 arar.
600 361 727 412 aeosr.
751 351 895 426 “QUOD
916 361 1066 412 Rourur
1088 338 1358 412 pourrrrcas..’'

353 457 552 466 -,--
562 459 589 464 .-
891 457 1052 464 *a
1393 458 1440 464 .—

351 509 395 570 de
411 525 575 569 consensu
593 505 851 588 Episcoporum,
861 506 962 588 idque
975 507 1007 568 in
1022 525 1102 570 suae
1118 505 1355 568 iurisdictionis
1370 504 1460 577 locis,

352 609 494 693 proinde
518 609 620 672 etiam
638 611 670 672 in
695 609 835 686 urbano,
851 610 999 692 itemque
1025 611 1058 672 in
1086 610 1256 674 rusticano
1284 608 1458 674 Seminarii

351 714 532 778 domicilio.

395 875 497 939 VIII.
522 875 644 940 Eidem
661 886 813 956 potestas
837 884 910 941 esto
938 877 1121 960 magisterii
1146 874 1294 940 lauream
1311 875 1459 958 aliosque

350 968 474 1062 gradus
490 980 701 1044 academicos
716 979 862 1043 alumnis
889 1000 1056 1044 sacrarum
1082 979 1333 1062 disprlinarum
1350 979 1460 1044 confe-

350 1083 444 1146 rendi
461 1103 555 1166 quos,
571 1084 662 1148 sacto
687 1085 862 1148 doctrinae
884 1085 1032 1166 periculo
1059 1085 1107 1146 uti
1135 1103 1208 1148 mos
1232 1095 1294 1160 est,
1320 1085 1460 1148 idoneos

350 1205 423 1250 esse
439 1188 634 1252 constiterit.

396 1350 456 1414 IX.
481 1352 648 1415 Doctores
663 1352 857 1429 decuriales,
874 1353 1071 1434 praesertim
1088 1351 1262 1416 tradendis
1279 1350 1463 1414 maioribus

348 1455 778 1538 disciplinis,proponantur
791 1477 810 1519 a
823 1466 921 1520 coetu
935 1457 1081 1520 virorum
1094 1475 1113 1518 e
1126 1454 1285 1538 Capitulo
1293 1455 1465 1518 Vaticano

349 1559 447 1623 rebus
463 1557 642 1623 Seminarii
666 1561 833 1636 curandis,
849 1570 1033 1644 praeeunte
1061 1559 1231 1626 Cardinali
1260 1558 1462 1640 Archipres·

349 1664 468 1746 bytero
484 1685 493 1742 ;
508 1663 604 1746 isque
618 1672 735 1727 coetus
751 1663 872 1728 referet
896 1664 939 1728 ad
967 1663 1175 1742 Pontificem,
1190 1664 1232 1728 ad
1249 1683 1350 1747 quem
1369 1681 1467 1743 spec·

349 1767 436 1832 tabit
452 1769 581 1833 electio

393 1931 435 1996 X.
459 1933 569 1996 Festis
594 1933 659 1997 ritu
685 1933 838 1998 maximo
863 1933 992 2010 diebus,
1008 1933 1134 1997 alumni
1160 1933 1193 1996 in
1220 1929 1401 1994 Basilicam
1418 1927 1464 1990 ad

347 2056 442 2100 sacra
475 2037 648 2113 solemnia,
675 2047 713 2102 ut
746 2038 880 2113 assolet,
907 2039 1111 2102 conveniant
1142 2037 1297 2099 universi.
1331 2032 1462 2098 Ceteris

347 2141 468 2204 diebus
484 2140 587 2218 lestis,
603 2143 742 2206 arbitrio
769 2141 933 2206 Praefecti
962 2141 1189 2224 designandis,
1204 2139 1304 2202 iidem
1322 2135 1461 2210 alumni,

348 2252 597 2326 praeterquam
613 2245 790 2328 quisacris
817 2247 850 2310 in
879 2245 1024 2311 Basilica
1050 2247 1093 2309 de
1118 2264 1210 2308 more
1235 2242 1399 2318 intersint,
1413 2239 1457 2302 ad

348 2369 373 2413 s.
391 2348 547 2414 Marthae
569 2351 671 2414 sacris
693 2350 901 2415 solemnibus
916 2351 1117 2416 inserviant:
1134 2351 1282 2430 itemque
1297 2367 1332 2409 se
1348 2362 1457 2407 caere-

349 2454 471 2517 moniis
482 2454 702 2518 sanctissimis
713 2475 753 2519 ac
765 2455 829 2537 piis
839 2455 1057 2520 concionibus
1067 2463 1257 2537 opportune
1269 2455 1457 2514 exerceant.

395 2585 490 2648 Haec
506 2584 662 2649 volumus
678 2595 712 2650 et
728 2587 919 2664 statuimus,
930 2608 969 2650 ac
986 2596 1162 2668 propterea
1173 2583 1384 2647 deceruimus
1396 2579 1456 2642 has

349 2689 496 2752 Litteras
514 2690 655 2754 Nostras
672 2690 794 2768 firmas,
810 2692 939 2755 validas
958 2703 992 2754 et
1014 2690 1164 2754 efficaces
1181 2701 1315 2769 semper
1329 2705 1401 2748 esse
1416 2703 1457 2748 ac

348 2792 418 2856 sore
433 2815 579 2876 suosque
595 2795 743 2876 integros
759 2794 897 2859 effectus
914 2795 1023 2859 sortiri
1040 2803 1142 2878 atque
1158 2793 1318 2868 obtinere,
1334 2799 1367 2853 et
1382 2789 1457 2864 illis,

347 2899 390 2960 ad
407 2917 492 2981 quos
508 2909 638 2981 spectat
664 2907 722 2963 aut
748 2921 808 2981 pro
835 2909 988 2982 tempore
1010 2897 1265 2982 quomodolibet
1282 2893 1457 2976 spectabit,

270 3024 274 3032 ·
347 3001 380 3064 in
397 3001 555 3065 omnibus
571 3003 764 3085 plenissime
779 3003 964 3087 suflragari.

390 3133 557 3196 Volumus
584 3135 719 3215 insuper
743 3143 780 3196 ut
806 3133 924 3197 barum
949 3133 1136 3197 litterarum
1160 3130 1336 3212 exemplis,
1350 3131 1457 3192 etiam

345 3237 523 3319 impressis,
540 3258 641 3301 manu
666 3247 781 3302 tamen
810 3238 941 3302 Notarli
971 3238 1096 3314 Nostri,
1112 3235 1317 3316 subscrIptis,
1337 3243 1372 3296 et
1398 3253 1460 3316 per

344 3343 565 3405 constitutum
582 3341 614 3405 in
632 3342 857 3406 ecclesiastica
883 3344 1048 3425 dignitate
1064 3341 1171 3404 virum
1189 3340 1300 3422 sigillo
1316 3338 1461 3402 munitis

343 3445 462 3508 eadem
480 3445 643 3510 habeatur
656 3445 747 3522 fides,
757 3467 844 3529 quae
858 3447 1003 3510 Nostrae
1012 3445 1196 3509 voluntatis
1208 3442 1463 3525 significationi,

343 3548 395 3611 his
411 3550 642 3632 praesentibus
661 3553 815 3628 ostensis,
832 3550 1020 3616 haberetur.

386 3678 480 3742 Nulli
497 3699 577 3760 ergo
592 3678 767 3743 hominum
781 3679 880 3744 liceat
896 3680 982 3742 hanc
999 3679 1158 3762 paginam
1173 3678 1318 3741 Nostrae
1331 3677 1464 3741 consti-

342 3784 492 3861 tutionis,
525 3783 755 3860 ordInatIonis,
784 3785 967 3847 voluntatis
1002 3782 1191 3864 infringere,
1219 3781 1270 3843 vel
1306 3781 1336 3842 ei
1368 3800 1463 3844 ausu

342 3889 519 3951 temerario
544 3889 719 3952 contraire.
737 3887 773 3951 Si
798 3889 872 3970 quis
899 3899 1012 3951 autem
1028 3887 1093 3950 hoc
1117 3896 1287 3950 attentare
1302 3903 1466 3967 presum-

342 3993 454 4073 pserit,
467 3993 732 4074 indignationem
744 3991 989 4074 omnipotentis
1004 3991 1069 4054 Dei
1084 3999 1118 4055 et
1126 3989 1302 4054 beatorum
1315 3989 1409 4052 Petri
1425 4000 1464 4055 et

343 4096 437 4158 Pauli
453 4097 683 4177 apostolorum
699 4097 769 4158 eius
787 4115 822 4158 se
838 4097 967 4158 noverit
984 4095 1203 4159 incursurum.

387 4249 514 4308 Datum
544 4247 674 4309 Romae
705 4249 795 4328 apud
824 4247 987 4313 Sanctum
1015 4249 1150 4312 Petrum
1178 4267 1269 4310 anno
1296 4247 1467 4316 Incarna-

342 4350 443 4410 tionis
475 4350 674 4412 Dominicae
707 4352 885 4416 millesimo
916 4352 1198 4434 octingentesimo
1231 4353 1467 4432 nonagesimo
