3117 4859
480 372 602 421 INDEX
629 372 881 425 ANALYTICUS.
1170 376 1236 445 3²¹

128 532 163 577 et
173 523 335 577 libertatem
348 522 496 577 Ecclesiae
509 522 718 591 procurandam
734 535 785 591 552
797 553 832 563 -
847 524 899 577 hoc
910 523 1038 579 ultimum
1050 541 1106 579 non
1128 524 1246 579 minoris

131 610 272 666 momenti
288 628 342 666 nec
361 610 466 666 laboris
482 627 558 665 nunc
570 620 614 665 est
631 626 719 680 quam
738 620 868 681 tempore
882 610 968 665 medii
984 612 1046 667 aevi
1057 632 1064 678 ;
1075 624 1142 685 tunc
1160 612 1247 681 enirn,

132 700 264 769 quamvis
273 699 409 753 adessent
422 696 601 767 vitia‚religio
609 698 730 767 'regebat
744 699 864 765 animos,
875 700 1088 769 auctoritasque
1099 700 1248 756 Ecclesiae

132 785 186 839 toti
206 785 318 855 corpori
340 785 437 840 sociali
462 786 645 856 praesidebat
657 804 665 850 ;
679 802 754 840 nunc
766 798 872 852 autem,
886 803 944 840 non
961 787 1021 855 jam
1041 787 1184 855 cupiditas
1203 787 1247 841 vel

131 873 285 928 infrunitae
296 874 456 943 passiones,
476 874 529 928 sed
543 873 642 927 odium
658 872 784 927 nominis
792 872 940 929 christiani
953 875 1058 929 excitat
1066 875 1248 931 adversarios

131 957 284 1014 Ecclesiae
298 969 328 1014 et
347 958 493 1013 Pontificis
515 972 607 1028 52-53.
623 988 659 1000 ·-
678 959 759 1013 Fidei
781 959 917 1030 antiquae
937 960 1046 1014 reditus
1067 962 1246 1029 exoptandus

130 1058 227 1111 esset3
246 1063 359 1116 semper
370 1056 467 1101 tamen
482 1047 613 1101 Ecclesia
625 1048 767 1101 occultam
780 1047 913 1101 virtutem
928 1046 1056 1117 possidet
1066 1065 1123 1119 qua
1132 1048 1246 1119 inexpu-

132 1134 256 1204 gnabilis
269 1146 313 1190 est
328 1148 369 1203 53.
382 1165 417 1175 -
430 1135 562 1190 Pontifex
575 1136 603 1190 S.
619 1134 738 1204 Collegii
751 1134 826 1190 votis
840 1146 906 1190 vota
915 1136 1046 1206 rependit
1063 1150 1104 1206 53.

171 1228 212 1275 11.
221 1225 432 1277 EPISTOLA
442 1228 486 1277 ad
496 1228 590 1277 card.
602 1228 739 1286 Galeatl,
750 1228 903 1289 Arohlep.
917 1230 1159 1278 Ravennalen-
1241 1288 1244 1294 Ι

133 1308 214 1356 sem,
225 1299 266 1347 de
278 1303 495 1349 monumento
505 1302 656 1360 ponendo
667 1300 768 1347 Danti
780 1300 955 1360 Allglrerlo.
966 1325 1001 1333 -
1011 1299 1056 1349 20
1066 1302 1158 1350 Mar-

135 1368 276 1418 utlsaa.
1093 1384 1157 1434 pag.
1215 1378 1247 1434 54

171 1451 312 1506 Probatur
331 1470 348 1506 a
372 1452 511 1507 Pontifice
534 1451 686 1506 consilium
699 1452 824 1521 ponendi
839 1466 1055 1507 monumentum
1081 1452 1169 1507 Danti
1189 1454 1247 1507 Ali-

133 1538 243 1607 gherio,
268 1538 316 1608 qui
338 1539 404 1594 licet
425 1540 467 1594 ira
484 1550 513 1593 et
536 1538 639 1593 studiis
656 1538 780 1606 partium
804 1538 961 1593 identidem
990 1540 1128 1609 abreptus
1155 1539 1247 1609 fuerit,

133 1641 290 1694 numquam
303 1636 427 1679 tamena
436 1624 556 1681 veritate
566 1624 739 1679 christianae
750 1624 909 1695 sapientiae
919 1643 950 1679 se
959 1625 1061 1679 avertit
1072 1640 1150 1694 54-—
1160 1626 1249 1680 Poeta

133 1713 293 1768 celebratur
306 1713 422 1784 ingenio
430 1717 453 1769 F
456 1716 559 1785 ideque
572 1715 702 1769 sublimis
715 1727 755 1783 54.
768 1742 804 1755 ·—
820 1714 976 1768 Pecuniam
990 1714 1018 1768 in
1030 1725 1247 1767 monumentum

133 1802 337 1857 conferendam
345 1814 374 1857 et
382 1804 528 1873 exemplar
540 1802 628 1856 divini
644 1803 790 1856 Poematis
803 1801 880 1855 dono
894 1802 978 1855 mittit
994 1802 1124 1857 Pontifex
1140 1815 1180 1871 54.

169 1893 218 1943 12.
230 1896 451 1945 LITTERAE
461 1894 753 1945 APOSTOLICAE
767 1894 807 1942 de
818 1895 978 1943 erectione
993 1906 1154 1943 nouarum

133 1984 333 2034 dioeceslum
348 1986 381 2033 ln
399 1986 558 2034 Braslllae
569 1984 766 2047 regionibus.
776 2008 811 2017 —
823 1982 865 2033 27
875 1984 998 2044 Aprllls
1008 1984 1097 2033 1892.
1111 1996 1175 2048 pag.
1216 1977 1248 2047 56

168 2067 338 2137 Apostolica
348 2068 439 2123 Sedes
452 2068 481 2123 in
494 2068 569 2123 votis
576 2068 745 2139 jamdudum
755 2066 854 2121 habuit
863 2082 953 2120 novas
963 2067 992 2119 in
1004 2067 1143 2120 Brasiliae
1156 2066 1246 2137 regio-

132 2153 219 2209 nibus
232 2155 421 2226 Episcopales
434 2156 524 2211 Sedes
536 2155 718 2221 constituere,
726 2154 897 2223 civilemque
910 2164 1082 2223 potestatem
1098 2156 1152 2209 hac
1165 2155 1202 2208 de
1215 2172 1246 2209 re

132 2242 248 2311 saepius
261 2260 312 2313 per
325 2244 448 2313 Legatos
459 2241 570 2297 monuit
584 2243 625 2311 56.
639 2272 674 2280 -
691 2243 762 2295 Tres
776 2258 868 2295 novae
881 2242 1021 2296 diceceses
1032 2260 1050 2297 a
1065 2244 1115 2296 Pio
1132 2243 1173 2295 lX
1185 2242 1244 2311 jam

133 2340 249 2385 erectae
257 2330 370 2385 fuerunt
385 2331 426 2399 56.
439 2359 475 2370 -·
489 2329 704 2385 Brasiliensium
720 2329 931 2399 Episcoporum
943 2329 1017 2383 votis
1031 2346 1162 2383 annuens
1173 2331 1245 2385 Pon·

132 2417 211 2485 tifex,
224 2427 344 2488 quatuor
360 2434 449 2473 novas
471 2418 627 2472 Dioeceses
648 2416 811 2486 erigendas,
837 2432 1000 2486 novamque
1021 2418 1246 2473 ecclesiasticam

130 2508 309 2578 provinciam
322 2509 553 2564 constituendam
572 2508 681 2563 censuit
697 2494 786 2577 56-57.
797 2537 831 2546 -
853 2508 934 2561 Duas
953 2506 1102 2561 constituit
1118 2506 1247 2561 Pontifex

131 2596 343 2651 ecclesiasticas
358 2596 532 2666 provincias;
542 2596 569 2650 in
581 2596 719 2651 Brasiliae
731 2594 969 2664 septentrionalis
979 2592 1126 2664 provincia
1141 2595 1246 2648 Metro·

132 2683 252 2752 politam
265 2683 422 2751 constituit,
434 2684 517 2754 eique
530 2684 657 2755 quinque
671 2683 762 2736 Sedes
781 2683 841 2751 jam
862 2681 1016 2734 existentes
1030 2691 1057 2734 et
1072 2680 1143 2733 duas
1157 2697 1247 2736 novas

133 2770 164 2825 in
176 2770 372 2840 suffraganeas
382 2772 496 2839 subjicit
512 2784 552 2839 57.
566 2800 601 2810 -
616 2772 643 2825 N
646 2787 718 2823 orae
736 2769 861 2824 dioecesi
876 2770 1053 2823 Amazonum
1066 2766 1246 2835 territorium,

132 2877 151 2913 a
160 2858 286 2915 dioecesi
297 2860 460 2915 Belemensi
471 2859 653 2929 disjunctum,
662 2858 850 2927 adjudicatur,
863 2858 981 2926 ejusque
993 2856 1137 2912 Cathedra
1146 2855 1245 2909 funda-

131 2958 180 3002 tur
189 2948 314 3017 57·58.—
320 2948 407 3003 Fines
415 2947 556 3003 dioecesis
567 2956 728 3001 statuuntur
739 2946 926 3013 58.—Novae
936 2944 1060 2998 dioecesi
1072 2942 1246 3011 Paraybensi

130 3034 304 3089 territorium
328 3052 346 3088 a
358 3034 484 3089 dioecesi
499 3032 709 3088 Pernabucensi
723 3032 902 3099 distractum,
915 3030 1087 3095 attribuitur,
1102 3029 1247 3083 Cathedra

130 3122 275 3189 fundatur,
288 3134 316 3177 et
336 3122 441 3177 limites
460 3122 664 3193 praefiniuntur
684 3121 724 3189 58.
744 3150 779 3159 —
795 3118 938 3173 Australis
963 3117 1129 3188 provinciae
1156 3116 1246 3170 Sedes

133 3210 528 3280 Metropolitanadesignatur
535 3210 623 3278 58-59.
630 3207 908 3276 -Metropolitanae
919 3204 1068 3259 Ecclesiae
1075 3205 1246 3259 territorium

130 3298 276 3367 statuitur,
291 3309 319 3354 et
344 3309 455 3369 septem
476 3298 624 3353 Ecclesiae
646 3295 836 3365 Episcopales
862 3294 889 3348 in
912 3294 1108 3362 suffraganeas
1134 3292 1246 3359 dantur,

131 3386 209 3441 inter
226 3403 298 3456 quas
311 3386 385 3440 duae
401 3399 494 3439 novae
507 3384 598 3438 Sedes
617 3394 692 3448 sunt,
705 3383 800 3436 altera
812 3383 838 3433 N
842 3379 1058 3448 ictheroyensis,
1073 3380 1154 3448 cujus
1168 3378 1246 3433 terri·

129 3472 236 3533 toriurn
251 3472 394 3540 definitur,
406 3482 435 3526 et
449 3471 594 3526 Cathedra
615 3470 769 3532 fundatur;
793 3468 884 3522 altera
906 3484 983 3535 vero,
995 3466 1193 3535 Curitybensis
1211 3466 1248 3520 de

134 3565 256 3630 Paraoa,
268 3578 343 3633 quae
353 3560 438 3615 simili
451 3560 539 3613 modo
551 3557 741 3624 constituitur,
754 3567 782 3611 et
794 3556 932 3611 limitatur
946 3557 1076 3625 59·6o.—
1092 3554 1248 3609 Dioeceses

132 3651 284 3721 dequibus
297 3650 344 3704 bic
357 3649 435 3703 nulla
453 3648 485 3702 fit
497 3645 615 3713 mentio,
628 3645 656 3698 in
670 3645 773 3699 eodem
793 3653 868 3698 statu
881 3651 958 3698 nunc
971 3653 1140 3712 permanent
1150 3643 1193 3695 60.
1212 3670 1247 3683 -·

135 3734 258 3789 Noviter
266 3743 378 3788 erectae
391 3730 579 3785 Cathedrales
594 3728 743 3783 Ecclesiae
752 3727 855 3781 iisdem
866 3744 900 3781 ac
912 3727 1047 3797 antiquae
1055 3725 1166 3795 juribus
1179 3742 1246 3794 gau·

133 3824 213 3888 dent,
225 3836 380 3890 earumque
395 3821 528 3873 Pastores
540 3817 638 3870 omnia
658 3814 869 3884 Episcoporum
885 3814 950 3882 iura
963 3812 1133 3867 obtinebunt
1152 3812 1195 3867 60.
1214 3843 1248 3852 -

134 3912 184 3964 De
202 3906 367 3964 conditione
389 3907 412 3959 F
415 3904 532 3959 idelium
550 3920 688 3957 novarum
713 3901 907 3968 Dioecesium,
919 3902 964 3956 .de
985 3918 1083 3955 eorum
1106 3899 1199 3966 bonis,
1212 3916 1246 3954 ac

130 3996 266 4051 omnibus
285 3992 465 4050 documentis
487 4008 562 4062 quae
582 3990 660 4060 ipsos
681 3988 846 4058 respiciunt,
872 3988 1004 4042 Pontifex
1030 3987 1131 4041 statuit
1150 3985 1192 4039 60.
1213 4016 1247 4025 -

133 4087 183 4142 De
199 4086 266 4139 dote
284 4099 352 4137 vero
373 4081 444 4135 nihil
465 4078 622 4145 constituit,
635 4089 714 4132 certo
736 4077 883 4131 confidens
905 4077 1097 4131 Brasilianum
1111 4076 1247 4145 populum

130 4169 240 4227 auxilio
250 4169 310 4224 fore
323 4166 407 4222 novis
420 4164 572 4235 Episcopis
585 4164 677 4217 6o61.
691 4193 725 4201 —
739 4162 771 4215 ln
784 4174 956 4231 unaquaque
970 4158 1096 4214 dioecesi
1115 4161 1248 4229 erigatur,

131 4256 334 4326 cumprimum
348 4252 408 4309 fieri
427 4262 530 4323 potest,
543 4250 732 4306 Seminarium
742 4249 824 4318 juxta
837 4247 1023 4302 Tridentinae
1039 4246 1147 4317 Synodi
1166 4263 1248 4317 prae·

130 4348 241 4418 scripta
253 4348 341 4403 61.-
362 4344 513 4402 Seminarii
532 4354 657 4399 rectores
678 4353 708 4399 et
731 4342 908 4411 professores
929 4341 968 4395 ad
987 4339 1125 4410 Episcopi
1147 4352 1247 4394 nutum

210 4514 267 4556 am
275 4511 355 4556 Iacuit
365 4512 435 4555 ΧΙΙΙ.
605 4562 612 4578 Ι
1050 4505 1076 4547 V.
1086 4526 1110 4537 -
1120 4518 1144 4545 ar
