3117 4859
344 1006 353 1023 ··
389 999 740 1054 ,μμμ-,ΒΙΗΤΚΙΟΕΜ
769 988 884 1070 populi
913 988 1089 1051 christiani
1120 999 1296 1070 potentem
1322 999 1359 1052 et
1381 991 1446 1052 cle·

193 1007 283 1172 {595}ss
349 1042 379 1151 l
496 1092 513 1189 5}
548 1090 803 1166 mentissimam‚
826 1091 1003 1174 Virginem
1033 1091 1098 1154 Dei
1123 1093 1279 1169 Matrem,
1303 1093 1446 1176 dignum

219 1221 314 1268 naum
350 1180 364 1263 {-
394 1104 472 1260 Α
495 1184 512 1303 l
546 1204 597 1259 est
613 1206 647 1259 et
663 1193 951 1276 magnificentiore
966 1195 1000 1258 in
1016 1196 1090 1260 dies
1105 1195 1273 1260 celebrare
1290 1197 1390 1260 laude
1413 1209 1448 1261 et

162 1281 312 1388 Deffflsssg
344 1342 352 1359 2
424 1330 439 1349 v
461 1328 477 1347 ι»
502 1328 517 1359 ι-
546 1296 671 1361 acriore
695 1293 818 1360 fiducia
845 1299 1033 1380 implorare.
1053 1297 1228 1381 Siquidem
1245 1313 1448 1383 argumenta

161 1399 311 1518 ᾰξξζξῶζ
339 1406 480 1472 fiduciae
500 1402 675 1486 laudisque
701 1411 803 1484 auget
819 1420 860 1463 ea
875 1402 967 1464 varia
983 1401 1221 1468 beneficiorum
1237 1407 1345 1488 copia,
1361 1426 1447 1489 qnae

306 1491 311 1510 ⁸
339 1533 397 1595 per
412 1512 520 1593 ipsam
537 1505 727 1571 affluentior
742 1503 894 1588 quotidie
920 1506 953 1568 in
978 1525 1161 1571 commune
1187 1509 1315 1574 bonum
1343 1510 1444 1594 longe

339 1616 472 1698 lateque
498 1611 705 1676 diffunditur.
734 1607 807 1672 Nec
830 1607 1074 1674 beneficentiae
1102 1623 1221 1676 tantae
1247 1612 1399 1695 proiecto
1425 1635 1445 1678 a

338 1719 512 1785 catholicis
528 1715 639 1780 officia
663 1716 786 1777 desunt
812 1712 1045 1779 deditissimae
1061 1716 1267 1795 voluntatis;
1283 1738 1398 1800 quum,
1417 1719 1444 1782 si

339 1842 486 1904 unquam
503 1820 596 1896 alias,
612 1819 663 1881 his
680 1817 837 1882 nimirum
853 1818 907 1882 vel
917 1819 1047 1883 acerbis
1060 1819 1213 1902 religioni
1229 1822 1450 1902 temporibus,

338 1927 451 1990 videre
467 1925 564 1987 liceat
580 1941 729 1986 amorem
746 1930 781 1986 et
793 1921 920 1986 cultum
933 1941 1013 2004 erga
1024 1921 1202 2005 Virginem
1215 1925 1445 1989 beatissimam

339 2031 525 2094 excitatum
543 2029 575 2090 in
587 2028 679 2090 omni
695 2025 814 2090 ordine
825 2034 928 2108 atque
938 2026 1122 2090 incensum.
1132 2027 1196 2094 Cui
1213 2029 1260 2091 rei
1275 2030 1446 2111 praeclaro

340 2143 418 2197 sunt
433 2131 632 2196 testimonio
647 2132 823 2195 restitutae
841 2131 966 2211 passim
994 2130 1306 2216 multiplicataeque
1322 2135 1356 2196 in
1378 2137 1448 2197 eius

340 2236 448 2302 tutela
460 2236 671 2314 sodalitates;
683 2237 754 2298 eius
765 2234 893 2298 nomini
905 2245 1051 2317 augusto
1063 2235 1261 2318 splendidae
1273 2237 1448 2303 dedicatae

341 2344 441 2405 aedes
455 2361 463 2419 3
478 2340 764 2423 peregrinationes
780 2340 823 2401 ad
840 2339 1024 2403 sacratiora
1039 2342 1110 2406 eius
1127 2341 1255 2423 templa
1271 2353 1370 2406 actae
1385 2342 1448 2406 ire·

342 2447 479 2529 quentia
494 2443 745 2525 religiosissima
759 2464 768 2521 ;
783 2445 959 2507 convocati
975 2447 1160 2526 coetus,qui
1177 2449 1220 2508 ad
1237 2447 1310 2509 eius
1319 2448 1445 2529 gloriae

342 2551 547 2613 incrementa
574 2547 792 2612 deliberando
816 2547 1033 2626 incumbant;
1050 2549 1115 2612 alia
1146 2549 1179 2614 id
1196 2568 1313 2631 genus,
1330 2571 1389 2634 per
1413 2571 1450 2615 se

212 2677 315 2724 sosares·
341 2656 472 2735 optima
487 2653 663 2735 lausteque
679 2654 712 2714 in
730 2651 880 2714 iuturum
896 2651 1129 2735 significantia.
1148 2654 1267 2735 Atque
1282 2654 1317 2719 id
1335 2655 1449 2738 singu·

169 2737 314 2844 ffijc‘ff
342 2759 411 2822 lare
426 2768 477 2820 est
495 2757 670 2839 Nobisque
680 2757 722 2819 ad
736 2756 1005 2820 recordationem
1019 2757 1274 2838 periucundum,
1289 2759 1451 2840 quemad·

165 2862 252 2903 “¹⁰¹‘-
344 2863 481 2926 modum
519 2860 721 2941 multiplices
751 2859 838 2923 inter
870 2859 995 2924 iormas
1021 2863 1172 2924 eiusdem
1204 2863 1352 2944 pietatis,
1382 2864 1446 2926 iam

344 2965 546 3030 ROSARIUM
573 2965 760 3040 MARIALE,
785 2964 841 3026 ille
864 2976 934 3028 tam
962 2964 1133 3028 excellens
1160 2967 1280 3029 orandi
1308 2969 1399 3044 ritus,
1411 2967 1448 3028 in

342 3072 501 3154 opinione
517 3081 550 3135 et
567 3065 811 3133 consuetudine
826 3068 927 3132 latius
943 3069 1137 3132 invalescat.
1155 3068 1195 3132 Id
1207 3069 1328 3146 Nobis,
1343 3070 1449 3152 inqui-

344 3200 427 3257 mus,
443 3174 685 3260 periucundum
697 3182 756 3250 est,
769 3171 836 3254 qui,
845 3173 873 3235 si
886 3181 1017 3255 partem
1030 3193 1183 3236 curarum
1194 3193 1262 3236 non
1275 3175 1448 3237 minimam

343 3282 574 3369 promovendo
601 3278 732 3342 Rosarii
761 3277 918 3339 instituto
942 3277 1131 3354 tribuimus,
1157 3278 1261 3359 probe
1298 3278 1447 3342 videmus

343 3409 444 3475 quam
461 3385 608 3466 benigna
622 3382 748 3464 optatis
767 3380 901 3444 Nostris
917 3381 1062 3444 adiuerit
1076 3392 1218 3444 exorata
1232 3381 1364 3463 Regina
1377 3400 1447 3444 cae·

343 3496 454 3561 lestis:
479 3510 621 3572 eamque
636 3490 683 3551 sic
712 3486 820 3550 Nobis
847 3485 1049 3550 confidimus
1078 3485 1284 3564 adiuturam,
1301 3495 1338 3549 ut
1354 3505 1448 3548 curas

343 3620 477 3685 quoque
492 3595 788 3678 aegritudinesque
803 3591 908 3655 lenire
924 3591 1005 3654 velit
1029 3611 1113 3673 quas
1141 3591 1289 3674 proximi
1315 3591 1446 3654 allaturi

192 3722 316 3768 Dissiden-
343 3714 422 3770 sunt
437 3705 517 3767 dies.
535 3699 660 3764 -Sed
679 3697 861 3780 praecipue
881 3698 924 3760 ad
942 3716 1084 3779 regnum
1102 3695 1227 3760 Christi
1244 3694 1448 3776 amplifican-

166 3783 315 3828 ‘⁵“'⁸'‘⁶⁰'⁸'
342 3811 423 3874 dum
440 3806 593 3871 uberiora
610 3802 718 3866 Nobis
734 3799 931 3864 adiumenta
946 3819 991 3862 ex
1009 3798 1144 3861 Rosarii
1154 3799 1277 3862 virtute
1291 3809 1447 3879 expecta·

165 3841 315 3886 nmmm

190 3843 317 4030 Ιᾞξζέιζ
344 3935 427 3977 mus.
451 3908 600 3976 Consilia
622 3927 711 3988 quae
738 3904 920 3968 studiosius
947 3904 981 3966 in
1007 3902 1197 3984 praesentia
1224 3921 1391 3984 urgemus,
1405 3902 1447 3965 de

202 4019 316 4086 quam
343 4013 615 4080 reconciliatione
640 4030 713 4074 esse
739 4009 979 4073 dissidentium
1012 4008 1057 4071 ab
1084 4006 1236 4070 Ecclesia
1266 4008 1448 4083 nationum,

166 4080 295 4148 ‘mm‘
343 4121 433 4184 haud
450 4116 552 4182 semel
570 4115 740 4179 ediximus
754 4135 762 4193 ;
776 4113 877 4176 simul
904 4111 1055 4194 professi,
1080 4111 1276 4174 felicitatem
1303 4123 1447 4186 eventus,

343 4227 472 4291 orando
510 4219 787 4299 obsecrandoque
817 4215 933 4280 divino
964 4215 1122 4291 Numine,
1153 4214 1304 4279 maxime
1336 4213 1447 4297 quaeri

343 4339 506 4412 oportere.
526 4325 564 4388 ld
582 4325 684 4386 etiam
698 4341 764 4385 non
783 4319 891 4385 multo
906 4320 1051 4383 antehac
1071 4318 1185 4382 testati
1200 4338 1328 4396 sumus,
1348 4336 1447 4400 quum
