3117 4859
368 366 388 416 2
395 365 443 436 50
470 363 868 418 cousrrrurromosr.
887 353 908 381 “
921 364 1158 417 orrrcroauu
1172 365 1220 416 nc
1232 363 1448 416 uuuaauu.
1464 341 1480 364 ''

411 511 462 574 28.
486 507 640 592 Expedit
656 517 692 572 ut
708 508 742 572 in
758 528 937 593 pravorum
955 509 1114 574 librorum
1131 508 1393 573 denunciatione
1410 527 1478 572 non

366 614 475 678 solum
492 611 567 677 libri
594 611 712 677 titulus
735 613 911 692 indicetur,
926 613 985 679 sed
1009 614 1122 691 etiam,
1138 612 1250 696 quoad
1268 610 1338 675 fieri
1355 621 1481 694 potest,

365 737 505 784 caussae
519 725 738 800 exponantur
751 717 799 783 ob
813 737 897 802 quas
914 717 995 784 libet
1007 737 1148 784 censura
1163 717 1285 800 dignus
1301 717 1479 780 existima-

365 831 428 889 tur.
446 823 492 886 Iis
507 832 619 888 autem
636 823 680 888 ad
704 843 790 908 quos
811 824 1029 890 denunciatio
1051 823 1208 900 defertur,
1223 831 1381 886 sanctum
1406 823 1480 900 erit,

365 928 641 994 denunciantium
658 929 797 994 nomina
819 939 947 995 secreta
962 949 1100 995 servare.

410 1048 461 1109 29.
484 1029 783 1109 Ordinarii,etiam
811 1044 984 1118 tamquam
1010 1033 1169 1120 Delegati
1186 1037 1284 1104 Sedis
1301 1033 1475 1120 Apostoli·
1556 1043 1557 1046 ’

364 1155 433 1212 cae,
449 1133 562 1213 libros,
576 1137 709 1220 aliaque
731 1139 858 1221 scripta
883 1139 988 1204 noxia
1003 1141 1036 1204 iu
1064 1161 1126 1204 sua
1143 1141 1300 1206 Dioecesi
1316 1141 1407 1206 edita
1425 1139 1475 1204 vel

365 1240 488 1306 diffusa
504 1241 719 1326 proscribere,
734 1252 770 1307 et
785 1263 804 1308 e
821 1243 977 1308 manibus
993 1241 1143 1310 fidelium
1160 1245 1291 1310 auierre
1307 1247 1473 1310 studeant

366 1342 423 1406 Ad
439 1343 678 1427 Apostolicum
706 1344 867 1408 iudicium
895 1363 935 1408 ea
961 1343 1116 1410 deserant
1143 1367 1247 1428 opera
1274 1346 1326 1410 vei
1343 1347 1474 1428 scripta,

365 1468 452 1531 quae
467 1449 624 1514 subtilius
639 1469 785 1514 examen
802 1449 958 1532 exigunt,
973 1449 1024 1512 vel
1042 1448 1076 1512 in
1092 1451 1215 1534 quibus
1231 1451 1275 1514 ad
1293 1450 1471 1514 salutarem

365 1551 522 1618 effectum
549 1555 836 1637 consequendum,
861 1573 1037 1636 supremae
1071 1555 1284 1620 auctoritatis
1311 1556 1472 1620 sententia

366 1657 489 1742 requiri
505 1657 668 1724 videatur.

778 1745 992 1812 TITVLVS
1019 1747 1063 1812 ΙΙ.

692 1897 742 1948 DE
762 1895 936 1948 canstat
959 1897 1152 1949 LIBRORVM

834 2041 963 2106 Caput
989 2041 1013 2105 1.

517 2189 571 2254 De
584 2189 755 2253 Praelata}
775 2187 935 2253 librorum
955 2208 1107 2254 censurae
1122 2188 1328 2271 praepositis.

412 2377 462 2442 30.
487 2359 594 2422 Penes
610 2377 695 2440 quos
709 2365 860 2440 potestas
876 2359 919 2421 sit
929 2377 1098 2423 sacrorum
1116 2357 1296 2422 bibliorum
1313 2359 1472 2423 editiones

365 2475 401 2528 et
427 2465 596 2528 versiones
619 2463 807 2545 adprobare
827 2461 881 2526 vel
907 2463 1100 2546 permittere
1123 2483 1167 2526 ex
1191 2463 1231 2527 iis
1254 2463 1372 2548 liquet,
1394 2483 1472 2547 quae

366 2588 467 2650 supra
483 2568 538 2648 (n0
553 2569 589 2650 7)
605 2578 734 2632 statuta
749 2577 836 2632 sunt.

413 2687 464 2752 31.
487 2669 609 2736 Libros
624 2671 668 2736 ab
682 2672 884 2756 Apostolica
901 2671 990 2738 Sede
1012 2673 1215 2755 proscriptos
1239 2691 1342 2738 nemo
1357 2675 1472 2738 audeat

370 2777 490 2842 iterum
504 2775 538 2838 in
548 2775 657 2840 lucem
671 2779 785 2842 edere:
796 2777 888 2861 quod
902 2777 929 2840 si
944 2798 988 2840 ex
1000 2778 1093 2860 gravi
1104 2785 1138 2840 et
1150 2776 1340 2842 rationabili
1353 2797 1471 2853 caussa,

371 2881 550 2965 singularis
565 2880 679 2965 aliqua
693 2883 854 2964 exceptio
880 2882 943 2946 hac
970 2881 1002 2946 in
1027 2901 1062 2944 re
1084 2881 1296 2946 admittenda
1319 2882 1473 2958 videatur,

370 2986 404 3051 id
422 3005 594 3068 nunquam
612 2983 679 3064 fiet,
695 2986 758 3048 nisi
773 2985 914 3050 obtenta
937 2987 1030 3068 prius
1052 3005 1166 3050 sacrae
1190 2984 1316 3048 Indicis
1332 2985 1472 3068 Congre-

370 3091 517 3175 gationis
528 3089 880 3172 licentia,servatisque
891 3089 1141 3155 conditionibus
1152 3089 1195 3154 ab
1205 3111 1245 3154 ea
1257 3088 1471 3173 praescriptis.

326 3181 330 3188 ’
414 3214 464 3278 32.
488 3195 585 3280 Quae
601 3195 644 3259 ad
661 3215 798 3260 caussas
816 3193 1108 3261 Beatificationum
1125 3206 1159 3260 et
1175 3194 1469 3260 Canonizationum

371 3303 551 3368 Servorum
587 3300 653 3364 Dci
687 3309 870 3383 utcumque
903 3299 1081 3382 pertinent,
1108 3299 1234 3383 absque
1268 3299 1471 3384 beneplacito

372 3405 653 3490 congregationis
671 3404 783 3470 Sacris
800 3404 936 3470 Ritibus
946 3406 1081 3470 tuendis
1097 3405 1307 3488 praepositae
1319 3399 1471 3486 publicari

371 3521 551 3594 nequeunt.

416 3631 466 3696 33.
492 3617 587 3680 Idem
604 3615 785 3679 dicendum
797 3615 840 3678 de
850 3613 1116 3680 Collectionibus
1129 3615 1352 3680 Decretorum
1369 3614 1469 3694 singu·

371 3719 477 3784 larum
497 3721 727 3784 Romanarum
745 3719 1054 3802 Congregationum
1068 3740 1075 3782 :
1091 3719 1154 3782 hae
1178 3720 1334 3784 nimirum
1352 3717 1469 3784 Collec-
1496 3710 1499 3718 ’

370 3827 480 3890 tiones
497 3826 551 3889 edi
576 3834 754 3908 nequeant,
770 3825 833 3887 nisi
861 3825 1002 3888 obtenta
1018 3824 1110 3905 prius
1127 3823 1270 3900 lIcentia,
1285 3834 1320 3889 et
1342 3821 1469 3888 servatis

370 3927 622 3993 conditionibus
639 3949 658 3992 a
675 3927 945 3991 moderatoribus
962 3927 1223 4009 uniuscuiusque
1239 3925 1469 4010 Congregatio

371 4035 421 4097 nis
437 4032 660 4116 praescriptis.

401 4151 465 4216 34.
487 4136 615 4200 Vicarii
651 4144 685 4199 et
720 4135 923 4200 Missionarii
959 4134 1150 4218 Apostolici
1187 4134 1334 4198 Decreta
1368 4152 1469 4199 sacrae

371 4239 653 4321 Congregationis
682 4240 926 4322 Propagandae
960 4241 1056 4304 Fidei
1084 4243 1295 4324 praepositae
1322 4243 1365 4306 de
1387 4239 1469 4305 libris

370 4343 511 4406 edendis
526 4343 668 4407 fideliter
682 4353 823 4408 servent.
