3117 4859
399 361 472 433 244
498 319 760 416 cousrtrurro
771 363 900 415 trost.
917 351 938 380 “
951 331 1185 416 orrrcronun
1199 365 1247 415 uc
1259 364 1470 416 nuuanun.
1487 339 1501 367 ’'

395 509 641 576 submittantur.
658 507 791 593 Quibus
808 509 968 595 Episcopi
989 512 1170 577 concinunt
1185 532 1231 578 ex
1251 511 1351 576 Italia
1366 511 1507 596 aliisque

396 633 415 679 e
431 613 623 697 regionibus
638 613 839 698 complures.

244 742 371 802 ΜΨ.
440 718 509 803 Qui
525 719 661 804 quidem
677 737 806 795 omnes,
817 719 844 782 si
855 728 1054 804 temporum,
1064 721 1092 784 si
1104 721 1335 786 institutorum
1348 721 1506 792 civilium,

220 803 372 909 mm,
397 823 425 887 si
442 843 572 887 morum
589 821 803 907 popularium
820 821 984 888 habeatur
1000 825 1094 902 ratio,
1109 845 1191 888 sane
1206 844 1315 908 aequa
1331 825 1505 908 postulant

219 926 374 1028 mamb
397 935 531 993 etcum
559 936 712 990 materna
736 925 909 992 Ecclesiae
935 938 1072 993 sanctae
1098 929 1238 994 caritate
1262 931 1506 994 convenientia

219 1043 282 1127 “I‘Jf
298 1047 371 1086 osten·
398 1031 535 1098 Etenim
551 1033 584 1096 in
608 1041 678 1096 tarn
705 1031 803 1096 celeri
831 1033 1040 1118 ingeniorum
1065 1055 1170 1112 cursu,
1187 1034 1298 1099 nullus
1324 1044 1377 1100 est
1400 1037 1505 1099 scien-

238 1106 273 1153 ’κ’
395 1137 518 1202 tiarum
544 1155 694 1218 campus,
719 1135 752 1200 in
778 1157 846 1218 quo
872 1157 939 1201 non
965 1137 1095 1202 litterae
1129 1138 1282 1203 licentius
1306 1149 1504 1203 excurrant:

247 1246 256 1277 ·
394 1241 474 1304 inde
509 1239 862 1324 pestilentissimorum
901 1241 1060 1306 librorum
1097 1243 1295 1325 quotidiana
1333 1243 1502 1308 colluvies

395 1345 497 1428 Quod
512 1365 592 1409 vero
607 1345 742 1428 gravius
759 1353 820 1422 est,
836 1345 869 1408 in
886 1353 956 1410 tam
973 1346 1092 1427 grandi
1109 1346 1199 1411 malo
1216 1367 1283 1412 non
1301 1350 1407 1412 modo
1429 1367 1504 1412 con·

395 1452 520 1528 nivent,
536 1449 595 1513 sed
621 1468 780 1532 magnam
808 1449 978 1514 licentiam
1003 1450 1086 1515 dant
1113 1451 1204 1534 leges
1231 1451 1396 1534 publicae
1416 1453 1503 1517 Hinc

396 1577 441 1619 ex
465 1574 531 1618 una
558 1563 663 1637 parte,
690 1554 843 1636 suspensi
870 1554 1031 1637 religione
1059 1554 1437 1643 animi‘plurimorum:
1463 1579 1503 1621 ex

397 1661 513 1736 altera,
528 1658 693 1742 quidlibet
710 1657 843 1740 legendi
860 1658 1027 1741 impunita
1041 1661 1148 1740 copia.

276 1800 372 1857 ,pm
443 1764 548 1828 Hisce
571 1761 673 1846 igitur
695 1762 919 1826 incommodis
946 1763 1150 1827 medendum
1172 1765 1246 1841 rati,
1260 1763 1330 1828 duo
1353 1765 1503 1831 iacienda

218 1859 372 1965 Μζζζβζεξζ
396 1869 566 1942 duximus,
594 1887 638 1929 ex
663 1866 785 1949 quibus
809 1886 926 1930 norma
952 1868 1072 1948 agendi
1089 1867 1122 1931 in
1139 1867 1201 1931 hoc
1217 1887 1339 1950 genere
1354 1881 1449 1936 certa
1473 1886 1503 1935 et

215 1978 305 2038 suesci-
396 1973 571 2057 perspicua
586 1970 743 2035 omnibus
758 1979 926 2052 suppetat.
938 1970 1106 2034 Videlicet
1119 1971 1278 2036 librorum
1293 1973 1503 2056 improbatae

396 2077 548 2144 lectionis
563 2073 822 2157 diligentissime
839 2077 1031 2156 recognosci
1050 2076 1200 2139 Indicem
1208 2100 1217 2158 ;
1232 2075 1384 2154 subinde,
1397 2091 1503 2142 matu-

395 2201 468 2246 rum
484 2198 562 2244 curn
579 2177 688 2255 fuerit,
705 2177 752 2241 ita
768 2177 976 2258 recognitum
994 2178 1122 2260 vulgari
1147 2178 1311 2244 iussimus.
1328 2180 1502 2245 Praeterea

395 2287 437 2350 ad
464 2285 554 2378 ipsas
582 2281 731 2365 Regulas
760 2291 908 2346 mentem
934 2280 1127 2360 adiecimus,
1142 2303 1265 2366 easque
1287 2285 1501 2362 decrevimus,

394 2388 556 2453 incolumi
584 2405 698 2451 earum
729 2393 859 2462 natura,
884 2384 1013 2449 efficere
1046 2387 1221 2468 aliquanto
1254 2387 1431 2466 molliores,
1457 2391 1499 2452 ita

395 2491 495 2574 plane
511 2500 547 2554 ut
563 2491 603 2554 iis
619 2489 863 2570 obtemperare,
878 2489 1066 2553 dummodo
1089 2491 1164 2573 quis
1181 2491 1317 2573 ingenio
1334 2493 1420 2556 malo
1435 2513 1497 2557 non

394 2598 448 2671 sit,
462 2615 563 2677 grave
579 2594 791 2676 arduumque
819 2611 890 2656 esse
918 2613 984 2657 non
1013 2595 1127 2674 possit.
1146 2595 1184 2658 In
1213 2615 1281 2678 quo
1308 2616 1375 2659 non
1403 2599 1497 2660 modo

394 2697 553 2779 exempla
569 2698 741 2782 sequimur
765 2697 979 2762 decessorum
1006 2699 1217 2772 Nostrorum,
1233 2699 1290 2762 sed
1317 2711 1495 2764 maternum

396 2802 567 2866 Ecclesiae
582 2801 731 2864 studium
748 2801 939 2866 imitamur:
955 2821 1042 2884 quae
1052 2803 1186 2884 quidem
1198 2803 1279 2866 nihil
1291 2813 1359 2868 tarn
1373 2805 1494 2886 expetit

394 2926 495 2989 quam
524 2927 560 2969 se
584 2905 754 2988 impertire
780 2904 972 2986 benignam,
997 2908 1232 2988 sanandosque
1259 2927 1303 2971 ex
1338 2928 1372 2971 se
1404 2917 1493 2971 natos

396 3012 443 3074 ita
468 3031 600 3093 semper
625 3009 763 3086 curavit,
789 3018 893 3088 curat,
921 3018 957 3073 ut
990 3031 1105 3074 eorum
1141 3009 1326 3075 infirmitati
1354 3021 1496 3076 amanter

395 3115 611 3196 studioseque
628 3121 753 3195 parcat.

263 3244 369 3290 Decreta
440 3218 559 3300 Itaque
576 3225 707 3279 matura
735 3216 986 3292 deliberatione,
1001 3219 1245 3301 adhibistisque
1262 3219 1295 3284 S.
1313 3221 1355 3284 R.
1371 3221 1409 3284 E.
1426 3221 1496 3286 Car-

246 3303 369 3361 ⁸⁰¹¹⁶m¹¹³
394 3320 564 3386 dinalibus
589 3341 606 3383 e
632 3339 727 3382 sacro
756 3319 908 3384 Consilio
938 3320 1030 3384 libris
1055 3323 1222 3399 notandis,
1246 3323 1344 3386 edere
1368 3323 1497 3386 Decreta

229 3377 256 3406 ln
269 3377 298 3406 ἴα
335 3377 369 3407 52·

217 3363 369 3539 milii&
398 3424 571 3488 Generalia
598 3423 787 3498 statuimus,
804 3442 889 3505 quae
917 3423 1002 3487 inira
1026 3425 1159 3506 scripta,
1182 3445 1315 3507 unaque
1339 3445 1416 3490 cum
1441 3427 1496 3488 bac

272 3539 366 3592 labent.
395 3528 645 3594 Constitutione
672 3527 853 3590 coniuncta
881 3538 980 3592 sunt:
996 3530 1116 3610 quibus
1133 3530 1221 3593 idem
1238 3551 1369 3594 sacrum
1386 3529 1496 3596 Consi-

246 3605 370 3703 mq'ssss
394 3635 475 3699 lium
492 3632 633 3716 posthac
650 3640 763 3695 utatur
780 3633 885 3710 unice,
898 3633 1085 3716 quibusque
1097 3635 1252 3699 catholici
1269 3635 1421 3700 homines
1432 3645 1500 3700 toto

253 3721 367 3836 arm}
394 3740 473 3803 orbe
490 3736 643 3818 religiose
666 3744 816 3826 pareant.
835 3735 886 3798 Ea
912 3738 979 3800 vim
1010 3737 1092 3821 legis
1117 3738 1241 3802 habere
1256 3739 1328 3802 sola
1344 3739 1502 3814 volumus,

227 3840 368 3953 '²³22‘ng
394 3841 566 3924 abrogatis
592 3839 733 3920 Regalis
762 3850 996 3904 sacrosanctae
1023 3841 1242 3905 Tridentinae
1267 3844 1388 3926 synodi
1416 3845 1500 3906 iussu

218 3954 363 4056 ΧΝΒιιιιαι
394 3944 502 4020 editis,
531 3939 829 4018 Observationibus,
860 3941 1086 4020 Iustmctione,
1116 3943 1271 4023 Decretis,
1293 3943 1447 4022 Monitr's,
1471 3953 1502 4008 et

216 4068 326 4116 Sollicita
343 4079 369 4118 et
395 4047 512 4130 quovis
529 4045 595 4108 alio
612 4046 831 4108 decessorum
850 4043 1050 4111 Nostrorum
1067 4048 1130 4112 hac
1145 4049 1188 4110 de
1205 4068 1240 4110 re
1256 4058 1386 4114 statuto
1402 4050 1502 4113 iussu·

216 4129 324 4187 Μία
395 4169 469 4231 que,
485 4168 552 4211 una
568 4158 714 4230 excepta
733 4147 984 4214 Constitutione
1011 4151 1184 4214 Benedicti
1201 4150 1292 4215 XIV
1309 4151 1461 4218 Sollicita
1479 4159 1507 4216 et

389 4252 538 4334 provida,
556 4271 666 4332 quam,
683 4251 768 4313 sicut
796 4252 908 4316 adhue
935 4255 1053 4338 viguit,
1067 4256 1114 4320 ita
1139 4255 1171 4318 in
1199 4265 1373 4338 posterum
1400 4260 1506 4343 vigere

395 4355 559 4434 integram
576 4353 739 4417 volumus.
