3117 4859
322 1206 522 1257 USCEPTUM
548 1213 568 1254 a
585 1192 694 1255 Nobis
723 1192 832 1257 multo
857 1201 936 1255 ante
963 1190 1183 1273 propositum,
1206 1212 1245 1254 ac
1306 1162 1387 1250 mla.

341 1318 444 1379 saepe
460 1273 633 1359 vobis'cum
662 1307 696 1360 et
720 1315 834 1360 coram
851 1306 886 1360 et
912 1316 972 1379 per
997 1296 1127 1359 litteras
1154 1315 1244 1358 com·
1309 1263 1384 1324 '8⁹⁴‘

344 1401 561 1476 municatum,
578 1410 614 1462 ut
641 1400 810 1481 singulare
836 1400 911 1464 istie
938 1402 1136 1466 Institutum
1157 1414 1246 1467 esset
1273 1376 1424 1506 Poniff

304 1519 321 1541 ⁶
344 1506 517 1568 doctrinae
556 1503 809 1588 philosophicae
849 1505 1037 1587 Aquinatis
1082 1507 1246 1588 ampliore
1272 1508 1401 1557 conditum

130 1612 282 1694 quadam
300 1612 431 1674 ratione
447 1620 481 1673 et
498 1610 552 1671 via
565 1608 760 1687 tradendae,
776 1610 853 1687 iam,
870 1610 946 1673 Deo
962 1611 1107 1692 auspice,
1123 1632 1157 1674 re
1173 1612 1247 1694 ipsa
1271 1574 1425 1687 fflfrssffi.

132 1714 293 1778 effectum
326 1735 399 1778 esse
428 1715 601 1785 laetamur.
635 1714 713 1777 Hoc
742 1713 814 1777 Nos
844 1714 1043 1778 Institutum
1077 1736 1143 1778 non
1175 1718 1247 1779 sine
1272 1704 1426 1833 {wlff

131 1840 256 1883 caussa
280 1818 350 1883 sore
374 1819 565 1883 censuimus
589 1830 766 1901 peraptum
792 1818 958 1882 iuventuti
982 1819 1178 1895 subsidium,
1202 1840 1248 1885 ex
1273 1843 1349 1887 antea
1359 1836 1418 1899 jam

132 1942 216 2005 quo,
232 1943 298 1986 non
315 1921 425 1985 clerici
443 1924 556 2000 mod0‚
571 1922 630 1985 sed
648 1920 839 2004 complures
854 1922 919 1999 alii,
935 1922 969 1983 in
986 1924 1079 1985 omni
1100 1923 1247 2006 discipli·
1272 1916 1413 2030 κόπω

138 2045 259 2089 narum
278 2046 522 2109 munerumque
538 2026 713 2102 curriculo,
732 2026 859 2089 solidas
886 2026 1050 2089 utilitates
1067 2025 1249 2109 reserrent3

135 2128 298 2213 idemque
313 2132 515 2214 optavimus,
531 2131 654 2194 collata
671 2130 773 2194 etiam
791 2149 859 2212 qua
875 2129 970 2193 licuit
996 2132 1160 2212 pecuniae
1175 2153 1250 2215 ope,

136 2255 264 2299 novum
282 2247 401 2299 extare
422 2236 655 2299 testimonium
683 2235 884 2315 praecipuae
905 2234 1168 2298 existimationis
1193 2236 1249 2299 be·

135 2338 418 2422 nevolentiaeque
435 2338 582 2404 Nostrae
606 2358 686 2420 erga
711 2336 879 2421 insignem
898 2335 1164 2402 Universitatem
1181 2347 1249 2402 stu·
1276 2334 1426 2449 lam?

136 2442 272 2506 diorum
303 2444 558 2518 Lovaniensem,
575 2444 626 2505 cui
655 2442 777 2507 nobilis
806 2442 885 2505 inde
909 2439 1129 2523 amplificatio
1156 2440 1250 2510 fieret
1275 2480 1301 2513 co
1318 2464 1426 2515 Univer.

136 2548 325 2629 dignitatis.
338 2547 371 2611 A
388 2559 478 2611 recta
491 2550 579 2610 enim
593 2558 627 2611 et
640 2546 790 2629 pleniore
802 2546 1004 2611 christianae
1017 2545 1251 2629 philosophiae
1275 2531 1426 2656 ffifffff'

137 2651 353 2716 institutione
378 2662 542 2736 quantum
573 2653 682 2715 laudis
707 2650 1002 2734 praestantiaeque
1026 2651 1069 2713 ad
1096 2651 1193 2732 lycea
1216 2664 1250 2716 et
1271 2664 1380 2727 philoso-

137 2758 334 2821 academias
359 2760 509 2835 accedat,
533 2777 634 2820 nemo
655 2776 735 2819 sane
759 2777 826 2819 non
854 2756 966 2820 videt:
992 2754 1160 2837 siquidem
1186 2755 1252 2841 illa,
1272 2726 1427 2843 mg?

139 2871 391 2946 praeterquam
409 2861 526 2924 sollers
543 2860 718 2925 doctrinae
734 2880 848 2923 sacrae
865 2859 1025 2932 adiutrix,
1037 2858 1117 2922 item
1131 2858 1253 2922 doctri·
1278 2858 1430 2973 craeppqtri-

140 2967 197 3030 nis
212 2968 330 3029 ceteris
346 2965 495 3048 ipsisque
515 2966 614 3029 bonis
642 2966 769 3029 artibus
794 2962 842 3027 sic
860 2972 939 3026 nata
956 2972 1016 3039 est,
1033 2973 1071 3025 ut
1095 2964 1153 3041 eis,
1169 2974 1254 3027 tam·
1279 2939 1431 3050 frauja.

141 3090 246 3152 quam
271 3071 479 3134 moderatrix
505 3070 681 3151 sapientia,
697 3068 854 3151 praesidii
883 3068 1064 3149 plurimum
1089 3077 1123 3131 et
1148 3069 1254 3131 incor·
1280 3054 1431 3171 Ja't’jlzffff

141 3175 233 3256 rupti
250 3174 363 3237 iudicii
380 3185 413 3238 et
430 3174 521 3239 utilis
538 3173 736 3255 prudentiae
754 3172 872 3236 afferre
884 3173 1104 3236 consueverit.
1116 3171 1166 3236 At
1177 3191 1257 3235 vero
1281 3188 1369 3236 ridear.

141 3286 234 3341 recte
266 3278 431 3361 pleneque
462 3278 692 3360 philosophari
725 3279 747 3341 ii
776 3277 934 3341 nimirum
964 3283 1106 3356 possunt
1137 3274 1194 3358 qui
1222 3276 1256 3339 in
1282 3250 1433 3377 mlenfp‘llf

141 3382 324 3465 disciplina
340 3392 373 3447 et
397 3383 527 3445 ratione
553 3380 843 3447 Scholasticorum
868 3382 925 3445 diu
952 3379 1019 3442 sint
1047 3378 1257 3463 multumque
1282 3380 1408 3459 losqplan'

141 3486 280 3551 versati.
313 3486 352 3550 Id
382 3486 524 3549 Nosmet
549 3488 665 3551 crebro
700 3486 915 3569 graviterque
942 3483 1144 3560 monuimus,
1175 3485 1258 3548 alias
1283 3463 1438 3563 {maz

143 3586 289 3671 professi
306 3586 410 3667 vobis,
422 3600 519 3651 tanto
536 3589 708 3652 meliorem
725 3588 980 3672 disciplinarum
999 3586 1068 3649 lore
1084 3586 1259 3666 rationem,
1284 3576 1436 3694 ‘t'ffissss‘

142 3704 277 3777 quanto
292 3692 335 3755 ad
348 3693 539 3757 doctrinam
554 3694 707 3758 Thomae
719 3692 905 3776 Aquinatis
918 3690 1057 3773 propius
1069 3692 1260 3771 accesserit;
1283 3656 1405 3760 affaltum·

143 3794 250 3875 idque
266 3814 343 3859 cum
360 3796 486 3878 gaudio
503 3798 656 3860 uidemus
684 3798 785 3861 latius
813 3794 964 3879 quotidie
989 3804 1092 3877 atque
1115 3793 1261 3873 uberius,
1284 3776 1394 3892 {ff

146 3898 386 3981 praeiudicatis
399 3900 615 3983 opinionibus
627 3901 760 3966 veritati
777 3900 985 3976 cedentibus,
1001 3897 1144 3963 evenire.
1158 3936 1203 3947 -
1220 3899 1258 3962 ln
1357 3849 1388 3891 u·

145 4004 224 4086 ipso
240 4004 341 4085 igitur
358 4005 538 4071 condendo
555 4028 657 4090 opere
673 4016 707 4071 et
725 4004 923 4088 congruenti
940 4004 1085 4068 tuitione
1101 4003 1261 4084 paranda,

146 4106 257 4173 eluxit
273 4128 406 4191 nempe,
422 4121 459 4174 ut
484 4112 662 4195 explorata
679 4132 757 4194 spes
783 4120 865 4188 erat,
888 4127 1055 4192 generosa
1079 4106 1259 4189 Belgarum
1333 4117 1438 4168 Genero-

1286 4200 1316 4232 sa
1326 4184 1416 4247 Belga·

148 4212 265 4291 virtus,
279 4216 322 4278 ad
341 4215 547 4282 incrementa
573 4218 743 4301 religionis
763 4226 799 4281 et
818 4215 964 4280 civitatis
979 4214 1109 4277 bonum
1130 4230 1262 4294 semper
1287 4263 1426 4311 mmm,

151 4316 272 4380 alacris
287 4328 322 4384 et
349 4319 475 4385 effusa:
502 4324 663 4388 maiorem
680 4342 759 4386 vero
785 4320 818 4386 in
845 4320 983 4385 modum
1009 4315 1125 4381 studia
1150 4326 1261 4380 vestra
