3117 4859
971 412 976 421 Ι
999 402 1018 421 ,ν
1032 402 1055 419 ’,υ
1072 402 1092 421 ,ν
1110 405 1130 423 ’μ

94 1047 457 1123 QIDENTEM
474 1044 635 1126 piumque
650 1045 801 1107 animum
821 1066 899 1126 erga
921 1045 1099 1128 Virginem
1123 1049 1202 1114 bea-

1292 1101 1322 1133 20

156 1156 222 1314 F
305 1149 480 1223 tissimam,
504 1168 604 1230 quem
632 1149 713 1211 inde
740 1169 760 1210 a
788 1153 910 1213 teneris
938 1150 1107 1230 haustum,
1130 1156 1204 1219 tota
1260 1147 1348 1262 {ff

303 1253 372 1315 vita
394 1253 585 1315 studuimus
609 1252 698 1316 alere
721 1258 755 1316 et
779 1272 911 1335 augere,
928 1253 994 1317 iam
1019 1258 1152 1339 saepius
1168 1258 1202 1322 in
1284 1315 1306 1360 B
1329 1236 1381 1360 {la-

302 1375 436 1418 summo
471 1353 670 1418 Pontificatu
710 1357 803 1420 licuit
843 1356 951 1420 Nobis
988 1361 1204 1445 apertiusque
1230 1374 1325 1420 viaet).

95 1463 218 1528 testari.
234 1461 405 1541 Tempora
420 1459 508 1521 enim
520 1460 610 1522 nacti
620 1479 726 1550 aeque
736 1460 935 1524 calamitosa
945 1464 991 1525 rei
1002 1462 1203 1530 christianae
1227 1436 1381 1553 illlullp'p'il.

94 1588 133 1631 ac
150 1564 282 1649 populis
299 1564 379 1646 ipsis
396 1563 594 1645 periculosa,
609 1584 731 1646 nempe
747 1568 966 1647 cognovimus
982 1569 1100 1650 quanti
1117 1570 1201 1633 soret
1227 1556 1381 1672 mag,

94 1673 137 1734 ad
165 1669 421 1752 providendum,
449 1669 686 1732 commendare
717 1669 769 1732 vel
802 1672 951 1734 maxime
977 1670 1058 1734 illud
1085 1673 1201 1736 salutis
1228 1674 1354 1789 mam

93 1775 253 1858 pacisque
276 1772 480 1855 praesidium
504 1773 594 1855 quod
615 1773 649 1836 in
665 1782 809 1854 augusta
826 1772 996 1838 Genitrice
1011 1795 1072 1838 sua
1088 1777 1202 1861 benig·
1226 1793 1348 1848 famam-

94 1881 231 1943 nissime
248 1878 341 1940 Deus
357 1877 507 1940 humano
522 1877 636 1958 generi
652 1878 815 1954 attribuit,
836 1889 1000 1961 perpetuo
1023 1892 1144 1944 eventu
1170 1883 1203 1944 in
1230 1853 1356 1956 mliii,

96 1984 267 2049 Ecclesiae
297 1983 392 2046 lastis
422 1982 560 2064 insigne.
593 1983 854 2048 Hortationibus
885 1987 1040 2068 votisque
1071 1987 1204 2051 Nostris
1230 1971 1352 2075 ζζᾘζζξῇ

96 2089 276 2172 multiplex
286 2087 437 2170 gentium
448 2086 687 2151 catholicarum
699 2087 846 2152 sollertia
857 2092 1204 2175 respondit,religione

94 2193 289 2276 praesertim
321 2190 535 2254 sacratissimi
569 2192 728 2256 ROSARH
757 2195 930 2258 excitata:
968 2214 1076 2277 neque
1106 2198 1204 2278 copia

94 2297 284 2360 desiderata
313 2302 365 2356 est
396 2292 563 2356 fructuum
591 2295 806 2375 optimorum.
832 2295 905 2359 Nos
932 2305 1045 2360 tamen
1074 2298 1203 2380 expleri
1230 2326 1340 2370 lnsranre

95 2416 307 2480 nequaquam
324 2413 503 2476 possumus
519 2395 721 2458 celebranda
737 2397 848 2460 Matre
873 2398 995 2476 divina,
1020 2420 1105 2482 quae
1129 2421 1204 2465 vere
1222 2387 1386 2491 {ssl'ssst'ssssfl’r

95 2512 146 2565 est
161 2501 252 2564 omni
265 2499 362 2562 laude
376 2498 585 2582 drgnhsr'ma,
601 2507 635 2561 et
650 2500 922 2564 commendando
944 2504 1066 2565 amoris
1091 2505 1203 2568 studio
1230 2504 1364 2623 mqu-

94 2604 128 2668 in
146 2605 290 2667 Matrem
309 2605 464 2666 eamdem
480 2602 667 2680 hominum,
682 2623 768 2684 quae
777 2603 878 2685 plena
893 2615 942 2668 est
956 2606 1203 2684 misericordiae,
1219 2624 1343 2682 fidentius

89 2710 188 2791 plena
198 2708 401 2791 gratiarum.
418 2707 624 2787 Quinetiam
640 2709 782 2784 animus,
799 2709 993 2790 apostolicis
1009 2712 1096 2774 curis
1112 2711 1203 2775 dela·
1229 2683 1380 2788 &22⁶ss2ss

95 2816 229 2898 tigatus‚
252 2834 320 2895 quo
342 2814 480 2895 propius
504 2812 606 2877 sentit
628 2813 840 2894 demigrandi
864 2823 996 2898 tempus
1014 2817 1147 2895 instare,
1163 2839 1203 2881 eo
1230 2807 1264 2847 ‘⁵‘

95 2918 301 2982 contentiore
318 2917 440 2980 fiducia
455 2917 590 2998 respicit
608 2916 715 2993 Illam,
728 2938 772 2979 ex
785 2938 861 2999 qua,
871 2929 1044 3000 tamquam
1058 2940 1102 2984 ex
1116 2920 1203 2984 felici

94 3042 222 3100 aurora,
248 3022 446 3084 inocciduae
473 3020 654 3084 laustitatis
684 3020 900 3103 laetitiaeque
932 3027 1093 3103 processit
1124 3027 1204 3089 dies.

95 3125 196 3210 Quod
214 3125 251 3200 si,
262 3125 481 3189 Venerabiles
498 3125 641 3199 Fratres,
654 3125 836 3192 iucundum
856 3137 1042 3191 memoratu
1060 3139 1119 3206 est,
1132 3129 1204 3191 aliis
1231 3163 1326 3206 μω,

95 3231 169 3294 Nos
184 3231 273 3294 datis
289 3251 334 3293 ex
350 3228 527 3293 intervallo
543 3226 663 3291 litteris
679 3227 890 3292 collaudasse
907 3231 1039 3294 Rosarii
1061 3252 1204 3314 precem,
1230 3219 1381 3326 lfflff'

95 3343 213 3416 utpote
228 3355 315 3415 quae
331 3332 446 3397 multis
471 3331 579 3395 modis
602 3343 636 3394 et
659 3342 816 3414 pergrata
842 3335 884 3397 sit
910 3336 939 3397 ei
967 3335 1061 3398 cuius
1085 3336 1203 3399 honori
1230 3339 1329 3444 moe»

95 3438 284 3518 adhibetur,
303 3446 337 3500 et
359 3437 398 3499 iis
421 3436 572 3518 perutilis
594 3435 694 3500 cedat
717 3438 774 3518 qui
798 3437 860 3499 rite
883 3437 1076 3516 adhibeant,
1098 3459 1205 3522 aeque
1230 3460 1381 3504 ratramn-

95 3551 145 3606 est
161 3541 344 3604 iucundum
361 3560 461 3622 posse
477 3559 567 3603 nunc
583 3540 671 3603 idem
689 3540 842 3603 insistere
859 3549 893 3603 et
907 3541 1105 3606 confirmare
1129 3565 1203 3626 pro.
1227 3517 1363 3638 fflffa‘ff

94 3644 251 3728 positum.
270 3644 361 3707 Hinc
385 3654 497 3707 autem
521 3645 693 3727 praeclara
716 3664 751 3707 se
774 3645 833 3708 dat
856 3646 988 3708 occasio
1012 3656 1048 3711 ut
1076 3657 1204 3713 mentes
1230 3637 1325 3684 mm·

95 3749 295 3831 animosque
317 3748 361 3812 ad
385 3748 554 3830 religionis
578 3748 785 3813 incrementa
808 3769 901 3812 more
924 3759 1066 3832 paterno
1085 3752 1205 3816 adhor-

95 3859 213 3929 temur,
231 3862 263 3915 et
276 3873 437 3916 acuamus
453 3855 486 3915 in
503 3853 551 3914 eis
567 3855 791 3935 praemiorum
808 3874 902 3936 spem
920 3840 1170 3920 immortalium.
1370 3933 1385 3942 ..

142 3955 307 4021 Precandi
332 3957 470 4034 formae,
493 3957 536 4020 de
562 3976 629 4038 qua
666 3958 819 4031 dicimus,
843 3958 1026 4040 appellatio
1053 3961 1206 4026 adhaesit
1233 3932 1384 4038 mreqqu

96 4059 232 4141 propria
245 4060 388 4138 Rosarii,
400 4059 491 4123 velut
508 4060 534 4122 si
551 4078 702 4124 rosarum
716 4063 916 4125 suavitatem
929 4073 1206 4150 venustatemque
1228 4053 1386 4172 {2¹:22¹}ssst

97 4173 263 4227 sertorum
280 4173 444 4228 contextu
461 4183 522 4226 suo
537 4163 695 4228 imitetur.
706 4164 807 4248 Quod
825 4166 959 4247 quidem
978 4176 1014 4230 ut
1031 4179 1207 4253 peraptum
1227 4173 1370 4274 somqesr

98 4275 151 4331 est
166 4266 323 4332 instituto
338 4268 500 4333 colendae
516 4268 676 4348 Virginis,
692 4288 778 4351 quae
794 4269 884 4332 Rosa
901 4272 1036 4351 mystica
1061 4274 1209 4339 Paradisi
1235 4244 1376 4336 illidii·

101 4372 224 4435 merito
239 4374 412 4450 salutatur,
428 4392 581 4456 quaeque
598 4373 827 4437 universorum
846 4374 977 4457 Regina
994 4377 1149 4444 stellante
1166 4379 1211 4444 ibi
1256 4351 1389 4467 ‘filim
