3117 4859
225 361 276 411 oa
301 361 501 413 cornacus
528 362 776 413 ccamconuu
799 363 840 413 ru
870 366 1002 417 rubus.
1058 356 1060 367 ¹
1113 349 1181 434 167

81 508 153 570 dem
184 519 338 590 tempore
364 512 587 573 assuescitur:
605 510 651 572 ita
683 519 720 572 ut
752 530 888 575 necesse
915 512 969 590 sit,
999 532 1184 595 europaeos
1274 543 1303 588 η

82 610 224 676 Clericus
240 612 307 677 iilic
323 624 359 677 ut
375 614 408 675 in
421 613 532 678 alieno
542 612 616 681 loco
626 614 1067 699 versariQuaproptercum
1085 636 1186 701 aegre
1244 589 1338 706 'Q'

83 735 115 777 se
131 716 313 780 multitudo
325 718 439 781 credat
456 717 650 800 peregrinis,
663 719 877 799 perspicuum
895 729 955 797 est,
970 719 1185 783 sacerdotum
1213 773 1271 805 rum
1283 758 1364 807 md„

85 818 312 901 indigenarum
325 820 427 902 longe
444 818 589 884 suturam
617 819 872 887 fructuosiorem
896 842 1043 904 operam.
1056 823 1187 906 Explo-
1205 822 1366 899 fructuosior

84 931 150 985 rata
181 923 270 987 enirn
294 922 423 987 habent
449 925 571 1002 studia,
595 924 778 1006 ingenium,
810 945 919 990 mores
943 926 1054 1009 gentis
1081 947 1162 991 suae
1180 950 1188 990 :
1205 888 1351 1017 {mm

84 1037 201 1090 norunt
231 1026 401 1109 loquendi,
421 1037 544 1091 norunt
576 1028 710 1091 tacendi
741 1030 1080 1113 tempora:denique
1111 1031 1188 1095 Indi
1213 1021 1363 1133 {Jaffu'

84 1130 165 1193 inter
180 1130 285 1194 Indos
301 1131 374 1193 sine
390 1131 458 1194 ulla
475 1131 665 1213 suspicione
680 1141 877 1197 versantur:
890 1133 981 1216 quod
997 1133 1057 1199 vix
1067 1135 1189 1198 attinet
1215 1093 1287 1199 nilus

84 1234 188 1299 dicere
200 1236 318 1317 quanti
335 1237 388 1312 sit,
404 1235 556 1298 maxime
571 1236 604 1298 in
625 1236 722 1299 rebus
738 1238 888 1320 trepidis.

122 1339 256 1404 Deinde
270 1350 405 1421 oportet
420 1340 700 1417 animadvertere,
717 1342 950 1412 Missionarios
973 1363 1111 1427 peregre
1127 1345 1187 1408 ad·
1250 1380 1367 1429 ΟΜΝ

85 1452 192 1508 vectos
209 1444 317 1509 multo
331 1444 505 1527 pauciores
530 1464 613 1522 esse,
641 1466 744 1528 quam
770 1458 808 1512 ut
824 1449 1021 1514 excolendis
1037 1452 1087 1528 iis,
1103 1470 1190 1534 quae
1215 1444 1355 1495 Samdtiss

86 1568 167 1611 nunc
194 1559 283 1627 sunt,
309 1550 566 1613 christianorum
600 1552 902 1618 communitatibus
936 1553 1112 1621 sufficiant.
1148 1556 1188 1620 Id
1215 1520 1365 1641 mapa

85 1648 178 1730 plane
194 1647 322 1712 eminet
337 1668 382 1712 ex
398 1649 523 1714 tabulis
540 1648 741 1713 Missionum
758 1677 765 1714 :
781 1671 827 1715 ex
843 1674 950 1737 eoque
974 1655 1191 1720 confirmatur
1215 1658 1293 1771 {²¹:²22
1302 1658 1351 1757 ’ἐξ

87 1749 168 1829 quod
182 1748 363 1812 Missiones
382 1748 519 1812 Indicae
535 1770 555 1812 a
570 1771 666 1813 sacro
689 1752 840 1817 Consilio
863 1755 1046 1837 christiano
1062 1760 1191 1823 nomini
1216 1773 1298 1822 labori

88 1849 300 1930 propagando
317 1847 401 1911 alios
413 1859 515 1932 atque
524 1850 609 1914 alios
622 1850 800 1933 Evangelii
812 1874 994 1936 praecones
1011 1856 1191 1938 implorare
1216 1840 1350 1904 officiant.

88 1957 117 2007 et
131 1946 283 2028 flagitare
299 1967 367 2011 non
384 1947 550 2013 desinunt
565 1950 722 2015 Iamvero
738 1953 765 2015 si
778 1954 931 2018 culturae
947 1955 1135 2020 animorum
1149 1978 1190 2023 ne

87 2045 117 2109 in
131 2067 289 2129 praesens
307 2048 445 2130 quidem
463 2060 541 2113 sunt
566 2071 663 2132 pares
691 2052 883 2116 sacerdotes
899 2055 1040 2132 externi,
1056 2056 1137 2137 quid
1155 2057 1189 2119 in

88 2160 262 2229 posterum,
278 2161 379 2214 aucto
395 2151 651 2217 christianorum
681 2156 845 2216 numero?
872 2173 982 2237 neque
1006 2157 1095 2220 enim
1113 2176 1190 2239 spes

89 2264 134 2318 est
148 2256 218 2319 iore
233 2266 272 2319 ut
287 2276 414 2334 eorum,
429 2276 514 2339 quos
533 2256 669 2342 Europa
686 2258 801 2336 mittit,
817 2269 944 2323 crescat
960 2280 1021 2341 pro
1036 2262 1191 2342 portione

83 2358 183 2447 ¹copia
202 2357 311 2439 igitur
327 2357 355 2420 si
372 2357 485 2440 placet
503 2358 665 2422 Indorum
683 2359 783 2423 saluti
800 2359 983 2435 consulere,
999 2379 1190 2445 nomenque

87 2458 298 2523 christianum
316 2460 350 2527 in
366 2481 462 2543 spem
479 2462 711 2525 diuturnitatis
727 2462 868 2527 fundare
891 2463 924 2525 in
950 2464 1006 2527 illa
1024 2462 1190 2531 infinitate

87 2562 264 2642 regionum,
291 2565 403 2647 legere
427 2585 472 2628 ex
503 2564 671 2646 indigenis
701 2587 787 2650 opus
815 2576 876 2644 est,
904 2568 962 2650 qui
995 2568 1194 2633 muneribus

86 2656 262 2744 officiisque
279 2663 554 2740 sacerdotalibus,
576 2663 731 2747 diligenti
748 2667 1003 2748 praeparatione
1026 2666 1190 2753 adhibita,

87 2763 329 2847 perfungantur.

125 2870 239 2934 Tertio
265 2870 342 2935 loco
367 2870 450 2935 iliud
478 2891 545 2934 non
571 2879 623 2934 est
648 2872 942 2953 praetereundum,
969 2873 1059 2954 quod
1093 2873 1189 2937 abest
1295 2920 1369 2969 Fieri

87 2970 215 3050 quidem
232 2993 253 3035 a
268 2972 337 3035 veri
354 2973 574 3037 similitudine
590 2972 783 3056 plurimum,
809 2971 869 3034 sed
896 2980 1010 3035 tamen
1037 2971 1107 3036 fieri
1131 2974 1190 3037 ali·
1216 2986 1358 3061 erumpe-¹

88 3075 215 3150 quando
242 3095 342 3158 posse
368 3093 468 3138 nemo
494 3072 668 3155 negaverit
697 3096 704 3135 ε
740 3072 897 3134 nimirum
931 3071 1012 3134 talia
1034 3092 1133 3154 posse
1157 3074 1189 3136 in
1216 3052 1356 3165 ssss‘cjfdssr'ff‘

90 3167 219 3253 Europa
237 3173 364 3239 Asiave
379 3173 526 3237 incidere
552 3182 716 3253 tempora,
743 3180 780 3233 ut
805 3174 836 3236 vi
862 3192 901 3235 ac
918 3173 1120 3237 necessitate
1136 3193 1190 3236 co·
1216 3188 1345 3246 cogantur.

89 3280 203 3348 gantur
218 3274 336 3336 Indias
351 3275 532 3337 destituere
548 3272 741 3335 sacerdotes
757 3273 917 3335 advenae.
943 3271 1022 3354 Quo
1039 3271 1138 3349 sacto,
1162 3272 1189 3335 si

89 3368 195 3435 Clerus
211 3374 370 3454 indigena
397 3372 494 3448 desit,
517 3372 574 3454 qui
601 3380 716 3453 posset
742 3371 860 3453 religio
887 3372 981 3435 salva
997 3372 1191 3448 consistere,

89 3475 172 3540 nulio
187 3498 248 3541 nec
265 3478 464 3541 administro
491 3494 660 3539 sacrorum
690 3496 750 3539 nec
779 3476 941 3559 magistro
964 3474 1191 3559 disciplinae?

90 3570 173 3639 Satis
187 3589 304 3658 aperte
319 3577 382 3642 hac
398 3579 441 3642 de
457 3595 493 3640 re
519 3576 661 3638 historia
685 3575 834 3659 loquitur
860 3576 1065 3655 Sinensium,
1091 3576 1189 3659 Iapo-

90 3673 221 3755 niorum,
246 3677 469 3760 Aethiopum.
497 3674 633 3740 Scilicet
661 3675 737 3756 plus
764 3676 868 3739 semel
899 3678 990 3759 apud
1023 3676 1193 3759 Iaponios,

91 3777 172 3853 apud
188 3777 359 3854 Sinenses,
375 3775 647 3840 incumbentibus
671 3774 799 3839 nomini
822 3776 1005 3841 christiano
1021 3778 1108 3841 odiis
1124 3778 1192 3840 cla·

90 3870 254 3961 dibusque,
270 3876 406 3940 inimica
422 3876 481 3952 vis,
497 3878 624 3939 necatis
648 3874 700 3938 vel
724 3874 915 3940 inexilium
934 3880 1020 3942 actis
1038 3877 1192 3942 sacerdo-

91 3972 171 4037 tibus
193 3977 355 4053 externis,
380 3975 532 4057 pepercit
557 3974 679 4038 nativis
709 3998 716 4038 ε
742 3978 800 4059 qui
832 3977 981 4060 linguam
1014 3998 1195 4061 moresque

96 4075 212 4152 patrios
238 4076 393 4159 apprime
430 4075 531 4151 docti,
562 4087 596 4139 et
626 4074 936 4158 propinquitatibus
967 4080 1194 4162 amicitiisque

93 4173 227 4253 subnixi,
243 4196 311 4240 non
329 4177 433 4240 modo
458 4176 596 4258 impune
624 4194 757 4239 manere
782 4177 816 4240 in
843 4180 962 4261 patria,
977 4180 1035 4242 sed
1053 4199 1122 4242 rem
1142 4199 1194 4241 sa-

93 4291 173 4339 cram
189 4277 435 4355 administrare,
450 4286 485 4341 et
501 4275 612 4339 officia
622 4295 709 4356 quae
725 4275 768 4336 ad
787 4279 952 4359 regendos
969 4278 1105 4341 animos
1121 4298 1195 4359 per-

96 4375 203 4456 tinent,
211 4380 315 4444 libere
327 4380 451 4462 exequi
462 4381 496 4443 in
508 4378 665 4443 omnibus
682 4378 861 4461 provinciis
872 4376 1194 4459 potueruntContra
