3117 4859
90 408 142 459 DE
164 406 338 467 CLERICIS
360 407 507 457 CIVILES
531 406 751 457 ACADEMIAS
775 408 1102 459 CELEBRANTIBUS.
1126 407 1198 477 317

134 549 160 611 1.
178 545 353 629 Quatenus
370 546 403 606 in
421 544 668 609 Universitates
691 546 914 610 admittantur
940 548 1042 609 etiam
1065 545 1202 623 alumni,
1244 572 1381 630 ,appan

89 652 147 735 qui
163 651 226 713 sibi
243 649 462 713 idoneitatem
488 652 757 731 comparaverint
785 659 884 714 extra
909 650 1005 733 lycea
1031 648 1203 728 Gubernii,
1228 632 1351 743 ᾗξζξᾞξῗ

91 754 252 837 Episcopi
277 770 317 815 ac
341 751 536 834 Superiores
558 750 724 816 Ordinum
751 763 785 816 et
802 751 1112 837 Congregationum
1130 754 1203 819 reli·

89 858 259 941 giosarum
275 855 430 918 subditos
446 875 525 917 suos
541 858 792 937 praeparandos
807 876 874 920 non
893 858 1031 921 mittant
1047 859 1089 922 ad
1114 859 1205 923 dicta

89 960 195 1043 lycea,
211 960 268 1021 sed
287 958 398 1041 potius
423 960 466 1023 ad
495 959 656 1024 Instituta
680 960 915 1037 ecclesiastica,
930 962 973 1025 ad
1001 962 1144 1041 scholas,
1160 964 1202 1027 ad

90 1063 242 1145 collegia,
271 1082 414 1144 quorum
445 1064 585 1127 omnino
615 1063 793 1146 explorata
823 1066 867 1128 sit
897 1067 1027 1147 optima
1057 1058 1098 1129 ac
1128 1087 1204 1131 vere

89 1166 256 1231 catholica
271 1166 458 1230 instruendi
474 1168 568 1233 ratio.
585 1165 621 1232 Si
637 1187 717 1231 vero
743 1169 788 1231 ob
815 1168 934 1232 talium
962 1168 1204 1248 institutorum,

89 1269 512 1351 scholarum,collegiorum
525 1270 703 1349 defectum,
713 1272 764 1335 vel
775 1273 821 1336 ob
830 1273 914 1336 alias
927 1294 1046 1357 graves
1058 1293 1205 1351 caussas,

89 1374 220 1456 aliquos
237 1350 370 1441 millere
386 1374 428 1437 ad
446 1373 542 1457 lycea
558 1373 719 1439 Gubernii
732 1376 872 1440 omnino
888 1397 1024 1440 necesse
1036 1378 1089 1453 sit,
1107 1398 1203 1443 accu-

90 1489 162 1545 rate
178 1487 351 1540 serventur
366 1478 429 1541 hoc
446 1478 479 1541 in
493 1498 571 1542 casu
588 1498 675 1561 quae
691 1480 778 1543 infra
794 1482 838 1543 de
853 1500 989 1545 accessu
1000 1481 1043 1545 ad
1062 1480 1203 1547 Univer-

91 1583 209 1647 sitates
223 1580 482 1649 constituuntur.

138 1685 184 1750 Il.
200 1686 312 1750 Nemo
336 1705 356 1750 e
379 1686 541 1750 saeculari
563 1687 651 1751 clero
679 1687 927 1754 Universitates
955 1688 1117 1755 Gubernii
1141 1688 1203 1753 fre·
1259 1709 1329 1775 κομι
1353 1703 1382 1750 ιι·-

92 1798 232 1876 quentet
258 1789 386 1871 absque
411 1809 571 1872 expressa
597 1790 733 1855 licentia
760 1791 921 1875 Episcopi
949 1794 999 1856 sui
1015 1814 1024 1871 ;
1039 1793 1097 1875 qui
1114 1794 1147 1855 in
1165 1813 1204 1856 ea
1229 1770 1367 1883 mis„

91 1892 308 1960 concedenda
323 1912 403 1976 prae
418 1895 524 1957 oculis
541 1904 674 1959 tantum
701 1895 826 1959 habeat
852 1897 934 1979 quid
959 1897 1122 1961 dioecesis
1147 1916 1203 1960 ne·
1231 1884 1279 1930 ''²“
1300 1884 1349 1937 sn·

1230 1948 1347 2003 pumtare

91 1997 229 2063 cessitas
255 1998 381 2080 exigat,
404 2008 441 2063 ut
467 1998 501 2061 in
529 1999 691 2063 institutis
722 2001 765 2064 ad
794 2001 1049 2065 instructionem
1077 2000 1205 2077 erectis,
1226 2002 1384 2121 {llfflss'ln

92 2102 162 2167 sive
178 2102 356 2184 erigendis,
368 2102 479 2166 idonei
492 2110 526 2167 et
542 2103 731 2186 diplomata
747 2105 869 2168 muniti
894 2103 1098 2185 professores
1113 2122 1203 2167 com·
1232 2135 1260 2191 νς
1277 2122 1384 2165 saecula·

92 2223 263 2303 parentur.
1232 2195 1258 2226 '²

140 2317 205 2385 111.
221 2317 367 2383 Ordines
383 2329 416 2384 et
433 2320 720 2403 Congregationes
736 2340 825 2403 quae
840 2341 962 2386 munus
977 2320 1120 2385 docendi
1137 2339 1204 2384 non
1250 2344 1384 2411 pnngit.

93 2421 301 2507 profitentur,
328 2440 396 2486 non
422 2423 560 2487 mittant
591 2424 747 2488 alumnos
777 2444 857 2488 suos
884 2426 927 2488 ad
960 2424 1206 2490 Universitates
1233 2403 1311 2453 '‘¹⁷⁸''

94 2526 266 2592 Gubernii.
282 2524 449 2592 Ordinum
466 2536 579 2592 autem
595 2536 631 2605 et
648 2527 958 2613 Congregationum
984 2549 1029 2592 ex
1052 2528 1208 2593 instituto

93 2629 287 2695 docentium
316 2630 434 2695 novitii
462 2651 635 2714 nunquam
664 2632 842 2697 addictas
869 2632 1116 2698 Universitates
1132 2632 1208 2695 mit-

93 2744 231 2800 tantur:
246 2734 386 2816 professi
403 2755 482 2799 vero
505 2755 562 2800 eas
590 2756 655 2800 non
684 2736 906 2818 frequentent,
922 2736 987 2799 nisi
1012 2734 1209 2818 praehabita

95 2860 257 2922 expressa
273 2840 408 2903 licentia
425 2839 613 2923 Superioris
631 2840 816 2919 Generalis,
828 2841 885 2924 qui
902 2860 977 2903 eam
993 2839 1157 2904 concedet
1170 2839 1210 2900 iis

96 2954 229 3009 tantum
245 2946 302 3028 qni
331 2945 543 3027 requiruntur
569 2954 603 3010 et
628 2944 797 3009 sufficiunt
822 2965 883 3027 pro
908 2946 977 3007 suis
1001 2944 1151 3025 collegiis
1176 2955 1211 3006 et

96 3049 228 3114 scholis.

143 3154 201 3221 lV.
234 3154 421 3237 Utriusque
451 3154 529 3217 cleri
555 3154 681 3217 alumni
710 3173 749 3217 ea
776 3161 909 3217 tantum
941 3152 1145 3217 emetiantur
1176 3149 1209 3212 in
1237 3164 1394 3269 affluu-

97 3258 195 3321 dictis
213 3258 497 3323 Universitatibus
513 3258 700 3322 studiorum
724 3256 896 3332 curricula,
912 3274 999 3339 quae
1024 3253 1211 3317 referuntur
1237 3282 1374 3329 „,„,·„,„·,

96 3363 140 3425 ad
172 3362 320 3427 lauream
347 3362 399 3426 vel
429 3361 472 3425 ad
494 3363 619 3444 gradus
650 3361 871 3437 academicos,
896 3360 1017 3443 quibus
1049 3358 1212 3440 indigent,
1237 3343 1393 3456 ssss‘mm

96 3467 311 3535 obtinendos.

141 3571 184 3638 V.
200 3572 345 3637 Maximi
368 3571 528 3655 ponderis
555 3581 606 3634 est
634 3569 877 3634 mittendorum
904 3570 947 3632 ad
967 3567 1211 3634 Universitates
1252 3578 1392 3639 paremn-

97 3686 272 3740 accuratus
302 3676 462 3739 delectus.
491 3674 602 3739 Venia
634 3693 700 3737 non
726 3674 825 3737 detur
856 3671 1002 3735 alumnis
1026 3680 1210 3753 antequam
1236 3639 1363 3743 zm

97 3782 311 3847 laudabiliter
326 3780 530 3845 absolverint
544 3780 714 3861 integrum
730 3795 863 3841 cursum
880 3785 953 3840 tum
978 3773 1210 3857 philosophiae
1234 3757 1373 3875 muitu-

98 3898 170 3954 tum
187 3886 423 3968 theologiae,a
447 3882 582 3947 statutis
609 3880 818 3953 dioecesanis
845 3899 906 3963 pro
923 3878 1012 3942 clero
1038 3876 1209 3953 saeculari,
1230 3876 1367 3994 mgr}

97 4014 117 4059 a
130 3990 438 4058 Constitutionibus
450 3986 588 4053 Ordinis
601 4005 659 4049 seu
672 3984 953 4067 congregationis
965 4002 1026 4066 pro
1036 3981 1209 4063 religiosis,
1232 3993 1289 4051 dor

82 4136 85 4141 ·
97 4098 349 4184 praescriptum.

140 4201 203 4267 VI.
220 4198 463 4264 Attendendae
479 4195 635 4279 equidem
653 4200 731 4256 sunt
758 4192 792 4255 in
819 4192 993 4255 mittendis
1017 4188 1207 4253 intellectus
1233 4182 1386 4291 samm

96 4310 148 4373 vis
163 4318 198 4374 et
212 4302 426 4390 perspicacia,
443 4300 622 4365 assiduitas
632 4298 665 4361 in
678 4297 806 4375 studiis,
817 4297 941 4380 ingenii
954 4294 1093 4371 indoles,
1104 4313 1206 4376 quam
1297 4304 1387 4375 quarn

98 4413 184 4475 bene
200 4410 376 4474 educatam
394 4424 466 4469 esse
481 4404 590 4481 decet,
613 4402 733 4466 fortem
759 4400 861 4464 etiam
887 4409 921 4464 et
947 4396 1027 4462 boni
1043 4397 1207 4481 propositi
1231 4362 1386 4476 mm&
