3117 4859
369 378 436 428 122
607 362 612 369 ’
654 378 837 431 cursuum
866 366 886 395 ‘⁸
906 380 1061 432 rururca
1077 379 1150 431 vrs.
1165 356 1182 385 '’

363 548 497 613 anceps,
512 530 539 593 si
556 540 666 595 sectae
682 531 855 613 ingenium
873 538 1062 613 spectetur:
1080 530 1204 594 nullius
1220 538 1335 595 tamen
1353 531 1466 615 despe-

362 635 468 699 randa
479 634 620 711 sanatio,
634 635 713 717 quia
728 634 878 699 caritatis
902 633 1109 717 apostolicae
1138 634 1221 699 mira
1244 636 1294 698 vis
1310 643 1372 715 est,
1394 634 1467 700 Deo

362 738 518 803 nimirum
543 738 740 822 opitulante,
766 739 860 803 cuius
886 738 919 801 in
947 748 1115 821 potestate
1144 738 1352 822 arbitrioque
1378 740 1468 823 ipsae

363 852 440 905 sunt
452 841 628 907 hominum
643 842 846 907 voluntates.

219 956 338 1005 Nonnut·
408 944 495 1009 Dein
519 945 758 1011 excubandum
785 946 819 1009 iu
847 964 983 1009 omnem
1009 946 1233 1023 occasionem,
1259 956 1294 1010 ut
1320 948 1430 1012 sanari
1445 949 1467 1011 ii

185 1022 340 1137 {imm
363 1064 496 1132 quoque
514 1050 654 1132 possint,
668 1050 726 1132 qui
742 1049 925 1113 timiditate
941 1050 974 1112 in
992 1050 1056 1114 hoc
1073 1070 1194 1133 genere
1221 1065 1387 1133 peccaut:
1413 1055 1469 1137 qui

182 1154 340 1231 elabuntur
362 1152 518 1217 videlicet
533 1173 600 1217 uon
618 1162 739 1235 suopte
751 1152 887 1235 ingenio
898 1172 1011 1235 pravo,
1023 1154 1082 1217 sed
1095 1153 1239 1220 mollitia
1250 1157 1356 1220 animi
1371 1166 1472 1240 atque

186 1219 338 1335 {222¹foss
361 1254 476 1338 inopia
491 1257 622 1320 consilii
637 1256 681 1320 ad
698 1256 880 1321 favendum
897 1258 1026 1337 coeptis
1041 1258 1242 1323 Massonicis
1259 1259 1470 1326 delabuntur.

186 1350 337 1480 Emi&
363 1358 562 1423 Admodum
578 1361 690 1442 gravis
713 1370 764 1423 est
790 1360 847 1425 illa
877 1360 998 1423 Felicis
1017 1360 1070 1425 111
1095 1362 1279 1425 decessoris
1298 1362 1415 1428 Nostri
1438 1366 1469 1429 in

186 1482 336 1531 damarim.
363 1462 449 1526 hanc
466 1482 535 1527 rem
552 1464 738 1527 sententia:
755 1463 873 1541 Error,
888 1464 943 1527 cui
957 1484 1020 1528 nun
1047 1465 1222 1543 resistitur,
1249 1467 1471 1549 approbatum·

202 1548 339 1663 mam
362 1576 395 1629 et
416 1566 549 1646 veritas,
571 1589 653 1650 quae
679 1588 742 1631 non
768 1567 970 1649 defensatur,
996 1567 1236 1651 opprimitur...
1272 1570 1350 1634 Non
1387 1581 1474 1635 caret

273 1694 339 1755 prpe
362 1670 511 1753 scrupulo
525 1672 688 1736 societatis
713 1672 859 1748 occultae,
885 1672 945 1754 qui
958 1672 1103 1736 evidenti
1107 1672 1262 1753 facinori
1284 1674 1410 1739 desinit
1423 1674 1471 1740 ob·

197 1742 339 1859 „ima
363 1775 463 1839 viare.
481 1776 619 1842 Fructus
636 1776 757 1841 horum
784 1778 921 1859 spiritus
949 1776 1104 1841 attollere
1132 1797 1268 1841 necesse
1283 1787 1344 1855 est,
1360 1780 1472 1843 tradu-

185 1874 337 1989 nefontrudu
364 1879 479 1943 cendis
495 1880 757 1962 cogitationibus
773 1881 816 1944 ad
843 1880 1003 1963 exempla
1029 1880 1205 1959 maiorum,
1231 1882 1274 1946 ad
1294 1884 1470 1947 custodem

218 1978 223 1990 ’
363 1981 702 2066 officiietdignitatis,
713 1982 959 2062 fortitudinem,
970 1985 1283 2067 utpigeatomuino
1295 2004 1335 2049 ac
1346 1986 1471 2068 pudeat

363 2087 471 2152 facere
496 2090 675 2173 quicquam
708 2097 766 2151 aut
795 2086 913 2152 iecisse
940 2108 1008 2153 non
1029 2089 1175 2155 viriliter.
1203 2090 1265 2154 Est
1291 2090 1380 2153 enim
1404 2091 1470 2154 vita

363 2204 478 2258 nostra
493 2193 604 2256 omnis
619 2194 754 2257 cuidam
771 2192 982 2258 dimicationi
999 2195 1181 2277 proposita,
1194 2194 1305 2277 inqua
1322 2196 1471 2259 maxime

362 2297 405 2359 de
432 2296 540 2360 salute
564 2296 764 2373 decernitur,
789 2295 939 2380 nihilque
965 2295 1094 2362 homini
1126 2298 1308 2363 christiano
1331 2296 1470 2380 turpius,

362 2418 465 2481 quam
482 2398 672 2463 claudicare
688 2399 721 2462 in
738 2398 849 2463 officio
866 2409 1004 2483 propter
1017 2400 1196 2483 ignaviam.

255 2523 340 2571 Multi
408 2502 535 2567 Pariter
549 2502 706 2567 omnibus
723 2502 832 2567 modis
849 2500 1017 2577 fulciendi,
1045 2504 1101 2585 qui
1127 2522 1186 2587 per
1209 2502 1469 2585 imprudentiam

196 2590 340 2718 'lxm-
363 2616 486 2671 ruunt:
501 2606 543 2668 de
559 2605 598 2667 iis
614 2604 842 2687 intelligimus,
870 2626 931 2669 nec
951 2606 1077 2689 exiguo
1094 2626 1245 2683 numero,
1260 2607 1317 2689 qui
1334 2606 1469 2671 simula·

200 2736 290 2772 mmm
302 2735 336 2769 se·
363 2712 455 2775 tione
470 2710 559 2791 capti
576 2708 742 2793 variisque
759 2710 923 2773 illecebris
939 2709 1079 2787 deliniti,
1103 2711 1223 2793 illigari
1250 2732 1286 2775 se
1309 2712 1470 2775 societate

208 2796 259 2837 ctae
270 2786 337 2835 dede·

186 2862 269 2910 „mn
284 2851 338 2899 tuis
364 2814 556 2879 Massonica
572 2814 695 2892 sinunt,
722 2814 816 2877 inscii
842 2816 923 2897 quid
951 2824 1063 2897 agant.
1092 2815 1145 2879 De
1170 2816 1222 2879 his
1248 2836 1373 2899 magna
1396 2832 1469 2897 spes

239 2920 337 3031 dempn-
363 2940 436 2983 esse
452 2919 562 2996 debet,
576 2917 796 2982 Venerabiles
822 2918 966 2995 Fratres,
992 2918 1184 3001 aliquando,
1202 2919 1277 2983 Deo
1293 2922 1470 3003 aspirante,

184 2990 338 3101 ,jjssffmffj
362 3040 462 3104 posse
487 3040 630 3084 errorem
658 3021 827 3103 deponere
855 3032 888 3085 ct
914 3040 993 3083 vera
1018 3040 1161 3099 cernere,
1187 3024 1337 3087 maxime
1360 3025 1471 3097 sivos,

202 3117 338 3230 ,ffl‘ss
362 3127 453 3209 quod
465 3124 681 3188 vehementer
691 3122 1059 3206 rogamus,studueritis
1072 3122 1186 3188 fictam
1199 3134 1312 3187 sectae
1324 3127 1468 3209 speciem

197 3197 336 3323 nariritlaejs-
362 3229 547 3307 detrahere,
573 3238 607 3293 et
641 3227 775 3293 occulta
802 3227 1018 3292 consiliorum
1056 3237 1214 3311 retegere.
1255 3229 1469 3313 Quamquam

198 3326 337 3428 ,mg
361 3335 445 3398 haec
462 3354 504 3397 ne
519 3332 652 3396 occulta
671 3332 808 3415 quidem
834 3352 921 3395 nunc
945 3332 1049 3395 videri
1074 3340 1225 3414 possunt,
1249 3344 1468 3417 posteaquam

231 3442 336 3506 liutem}
362 3440 497 3521 ipsimet
512 3436 636 3501 conscii
654 3436 769 3499 multis
787 3437 896 3499 modis
913 3436 1098 3516 prodidere.
1113 3435 1177 3499 His
1194 3436 1274 3518 ipsis
1291 3436 1469 3519 postremis

186 3509 337 3625 „222²ssss
363 3541 535 3603 mensibus
551 3539 667 3603 audita
683 3540 803 3603 iterum
820 3559 877 3619 per
896 3540 1031 3604 Italiam
1049 3560 1119 3604 vox
1147 3550 1198 3602 est
1222 3540 1363 3604 consilia
1380 3540 1470 3605 Mas·

188 3640 292 3689 nititur.
363 3663 483 3707 sonum
508 3663 614 3726 usque
636 3643 678 3707 ad
705 3644 968 3708 ostentationem
985 3643 1087 3727 vulgo
1111 3644 1331 3709 enunciantis.
1359 3642 1469 3726 Repu·

362 3747 447 3810 diari
463 3747 615 3811 funditus
631 3746 828 3828 religionem
855 3746 931 3810 Deo
955 3757 1094 3812 auctore
1118 3748 1351 3825 constitutam,
1371 3756 1470 3832 atque

363 3852 477 3915 omnia
492 3870 569 3913 cum
580 3850 710 3932 privata
722 3861 794 3914 turn
807 3850 942 3932 publica
956 3852 1056 3915 meris
1068 3850 1286 3914 naturalismi
1299 3850 1467 3934 principiis

363 3954 589 4020 administrari
605 3955 745 4020 volunt:
762 3957 865 4037 idque
882 3954 1162 4021 instaurationem
1180 3956 1352 4019 societatis
1364 3955 1466 4019 civilis
1504 3937 1512 3957 ⁸

363 4059 467 4142 impie
483 4059 581 4122 simul
598 4080 637 4122 ac
653 4060 755 4123 stulte
770 4059 951 4141 appellant.
979 4058 1058 4141 Quo
1086 4060 1187 4141 igitur
1212 4060 1466 4140 praecipitatura

364 4164 492 4239 civitas,
507 4162 535 4225 si
551 4162 695 4245 populus
711 4163 911 4227 christianus
940 4183 1006 4226 non
1031 4163 1204 4226 induxerit
1219 4164 1370 4229 animum
1387 4158 1465 4241 vigi·

365 4263 442 4338 lare,
459 4262 618 4339 laborare,
634 4262 734 4325 saluti
751 4263 950 4326 consulere?

214 4406 273 4458 Non
284 4411 340 4454 tan·
410 4366 477 4432 Sed
495 4367 528 4430 in
545 4377 640 4430 tauta
657 4386 766 4429 rerum
785 4366 949 4430 malarum
963 4366 1115 4447 audacia,
1127 4386 1187 4429 nec
1198 4368 1279 4430 satis
1293 4376 1343 4429 est
1354 4378 1465 4427 cavere
