3117 4859
247 382 300 434 nn
326 383 448 437 sumo
474 384 685 438 couvsuru
713 384 1043 438 nurruxssourco
1154 375 1223 452 197

110 538 277 594 sectarum
294 529 362 591 vim
374 527 542 592 efficacius
555 528 598 592 sit
613 529 822 594 enitendum.
841 528 915 592 Has
928 527 1064 610 quidem
1076 525 1223 591 rationes
1249 549 1334 598 mour.
1350 552 1379 592 ur

110 633 145 697 in
171 632 310 698 Litteris
334 631 526 714 Encyclicis
553 651 661 714 nuper
684 633 962 697 commemoratis
988 629 1124 714 copiose
1149 627 1222 694 Nos
1247 605 1402 723 ma„

111 737 342 818 exposuimus,
353 755 441 818 quae
450 744 565 800 tamen
577 755 695 802 omnes
706 737 739 800 in
752 737 787 800 id
798 756 903 801 unum
917 734 1059 801 conferri
1070 742 1222 818 possunt,
1243 726 1398 782 ΨΜ·

109 849 148 905 ut
164 841 199 903 in
215 840 338 922 quibus
354 840 505 905 maxime
521 841 734 924 oppugnatio
757 862 777 906 a
794 841 1011 904 Massonibus
1027 839 1223 916 instituitur,

109 947 144 1010 in
162 945 203 1009 iis
218 945 300 1028 ipsis
315 966 336 1008 a
351 945 448 1008 vobis
470 946 697 1028 propugnatio
719 947 929 1028 suscipiatur.
953 944 1101 1027 Oportet
1120 943 1223 1026 igitur

109 1069 150 1113 ea
172 1047 368 1132 pontificiae
389 1049 601 1114 auctoritatis
624 1049 926 1133 providentiaeque
944 1050 1150 1113 documenta
1175 1045 1222 1111 sic

108 1153 299 1217 habeantur
333 1161 368 1217 et
398 1162 559 1218 maneant
590 1164 766 1238 tamquam
805 1154 1012 1236 praescripta
1044 1161 1221 1235 certaeque

107 1276 256 1336 normae,
270 1257 394 1340 quibus
409 1258 562 1322 maxima
571 1277 648 1323 cum
659 1259 823 1342 religione
838 1259 1100 1341 obtemperetur,
1116 1274 1219 1338 quum

106 1360 238 1424 avobis
255 1360 520 1427 deliberantibus
544 1370 617 1426 tum
635 1363 678 1427 ab
694 1363 735 1426 iis
761 1363 905 1427 subinde
925 1370 1094 1446 quotquot
1109 1360 1218 1424 eidem

105 1483 245 1528 caussae
260 1465 435 1548 ingenium
452 1485 549 1530 suum
566 1487 606 1532 ac
622 1486 759 1551 operam
786 1467 854 1531 sint
874 1465 1038 1531 collaturi.
1054 1503 1098 1516 -
1119 1464 1219 1530 Certe
1244 1487 1399 1536 Massonttus

104 1576 230 1645 autem,
251 1569 342 1651 quod
371 1568 454 1633 alias
469 1569 629 1649 diximus,
656 1573 902 1637 audacissimae
925 1569 1109 1653 impietatis
1134 1568 1218 1651 dog·
1243 1549 1398 1668 zmil„

106 1681 209 1748 mata,
243 1691 330 1755 quae
360 1683 451 1738 secta
482 1673 540 1739 illa
569 1683 783 1739 consectatur
813 1684 847 1739 et
876 1673 1065 1757 flagitiosae
1095 1673 1217 1755 quibus
1241 1671 1342 1726 “tim

104 1777 223 1841 nititur
246 1786 345 1855 artes,
360 1777 472 1842 minus
492 1775 634 1843 afferent
655 1778 867 1856 calamitatis,
883 1778 1076 1859 sensimque
1100 1794 1217 1859 perse
1332 1781 1338 1804 ”

103 1880 291 1959 consident,
316 1882 342 1944 si
370 1881 527 1945 catholici
553 1881 710 1947 homines
731 1883 850 1948 faciem
877 1903 973 1946 suam
997 1881 1215 1947 Massonibus

102 1984 312 2048 reddendam
324 1986 526 2069 impensiore
535 1986 683 2051 sollertia
693 1988 852 2052 curent.li
865 1988 1021 2051 nimirum
1037 1985 1214 2050 mendacio

102 2089 318 2170 tenebrisque
336 2088 444 2154 fidunt
458 2113 467 2170 ;
482 2099 534 2155 ast
549 2093 712 2156 ementita
728 2091 856 2175 species
872 2092 900 2155 si
917 2089 1122 2166 detrahatur,
1138 2109 1214 2171 pro·

102 2211 184 2254 num
208 2202 260 2258 est
284 2202 322 2258 ut
347 2204 516 2276 quotquot
538 2206 627 2259 recte
653 2197 803 2261 sentiunt
830 2215 946 2261 eorum
972 2195 1212 2279 nequissimam

100 2298 356 2375 perversitatem
385 2299 498 2363 norint
523 2321 561 2363 ac
582 2298 800 2365 detestentur.
828 2337 872 2351 -
899 2301 1024 2367 Christi
1052 2299 1157 2382 igitur
1179 2305 1214 2360 et
1241 2331 1378 2378 c„,„„„„,·

99 2399 289 2465 animarum
324 2413 467 2486 urgente
495 2405 646 2482 caritate,
682 2406 813 2488 coeptis
844 2405 965 2470 vestris
995 2404 1212 2487 gratulamur,
1231 2391 1372 2509 §ssss‘cffi'

99 2505 215 2588 eisque
230 2514 267 2570 ut
285 2506 349 2570 Dei
362 2505 554 2590 benignitas
565 2507 677 2573 faveat
693 2530 869 2592 precamur
884 2509 1045 2574 volentes.
1063 2507 1211 2574 -Con-
1236 2485 1370 2602 „wmss

98 2607 235 2673 fidimus
261 2629 343 2674 sane
367 2621 573 2676 conventum
596 2623 744 2677 vestrum
776 2633 882 2678 novos
907 2613 1082 2678 catholicis
1115 2611 1211 2677 addi·
1238 2617 1321 2663 '⁰³⁹⁹‘

1237 2670 1316 2709 monet
1323 2669 1351 2708 ut

98 2722 211 2777 turum
228 2713 392 2792 stimulos,
408 2722 443 2778 ut
461 2727 638 2797 parcentes
661 2718 861 2794 errantibus,
876 2719 978 2782 errori
1001 2738 1043 2781 ne
1059 2727 1211 2800 parcant,
1236 2723 1377 2840 {mim

98 2819 133 2872 et
152 2829 239 2892 quae
256 2809 411 2875 Christus
426 2811 620 2876 hominibus
636 2813 798 2896 impertiit
811 2815 1102 2896 praestantissima
1119 2815 1209 2879 bona
1237 2855 1389 2900 ...quaquam

97 2913 215 2977 violari
225 2913 294 2978 ullo
306 2915 410 2979 modo
423 2935 464 2978 ne
476 2917 595 2982 sinaut.
611 2918 707 2983 Haec
723 2929 888 2983 autemut
905 2939 966 3001 pro
979 2918 1067 2982 votis
1076 2919 1208 2996 cedant,
1230 2914 1378 3018 ,vjssssff

96 3018 170 3095 tibi,
184 3018 307 3083 dilecte
324 3017 380 3099 fili,
400 3019 630 3104 universisque
639 3023 696 3105 qui
713 3023 907 3105 congressui
924 3023 1118 3099 intererunt,
1134 3043 1209 3087 aus·

96 3123 206 3205 picem
240 3123 436 3188 caelestium
476 3144 651 3189 munerum
690 3134 724 3191 et
761 3125 1019 3190 benevolentiae
1063 3126 1209 3190 Nostrae

94 3227 462 3310 testem,Apostolicam
479 3229 749 3295 benedictionem
766 3230 998 3294 amantissime
1009 3229 1041 3292 in
1056 3229 1206 3295 Domino

94 3331 286 3416 elargimur.

183 3436 312 3500 Datum
344 3437 476 3500 Rornae
506 3438 595 3520 apud
621 3438 655 3505 S.
687 3441 825 3504 Petrum
856 3437 911 3504 die
950 3452 978 3502 11
1006 3438 1207 3522 septembris

93 3553 318 3620 MDCCCXCV1,
335 3540 555 3606 Pontificatus
572 3543 689 3609 Nostri
702 3564 793 3609 anno
809 3543 942 3608 decimo
958 3562 1060 3610 nono.

721 3697 818 3764 LEO
837 3699 899 3765 ΡΡ.
916 3699 1018 3764 XIII.

601 3949 703 4085 ,Q
