3117 4859
455 360 703 410 maurusam
732 361 947 412 accuasrns.
1190 340 1256 430 185

152 497 228 561 illae
250 499 293 561 de
316 497 418 561 beato
431 499 532 562 Petro
548 500 735 580 singulares
752 511 902 564 veterum
916 501 1113 576 locutiones,
1128 501 1259 581 quaein
1350 534 1381 578 29

151 619 287 665 summo
311 602 487 683 dignitatis
510 603 756 686 potestatisque
783 605 890 684 gradu
915 604 1063 668 locatum
1090 603 1261 667 luculente
1322 580 1415 697 'rw'

151 704 354 785 praedicant.
379 705 566 788 Appellant
587 706 935 790 passim-principem
952 707 1260 790 coetusdiscipulo·
1288 747 1317 795 d,
1326 747 1432 794 m„

152 819 450 874 rum-sanctorum
469 809 713 892 Apostolorum
730 811 918 893 principem
932 812 1047 874 -chori
1061 809 1148 874 illius
1165 830 1259 890 cory-
1287 808 1426 867 singulam

1288 873 1395 912 veterum

152 911 370 991 phaeum·os
395 912 641 995 Apostolorum
660 915 953 996 omnium-caput
978 915 1065 978 illius
1088 914 1260 978 familiae·
1288 926 1424 996 lunenses.

151 1009 242 1078 orbis
251 1017 356 1080 totius
366 1017 707 1100 praepositum-inter
718 1017 905 1101 Apostolos
915 1017 1261 1100 primum-Ecclesiae
1283 999 1432 1104 Ξῖζξάῖῗης

151 1119 315 1184 columen.
340 1119 437 1202 Quae
474 1123 589 1184 omnia
623 1122 824 1185 concludere
851 1123 1045 1187 Bernardus
1080 1123 1120 1186 iis
1151 1120 1261 1185 verbis
1284 1117 1428 1221 mm·

152 1223 283 1286 videtur
299 1224 341 1287 ad
355 1225 546 1308 Eugenium
559 1226 686 1307 Papam
700 1252 707 1290 :
720 1224 836 1308 (Quis
852 1230 911 1290 es?
925 1225 1092 1292 Sacerdos
1109 1244 1261 1308 magnus,
1289 1224 1425 1328 msul-

153 1340 339 1391 tsummus
361 1327 526 1410 pontifex.
557 1328 608 1392 Tu
636 1329 793 1412 princeps
825 1331 1072 1412 episcoporum,
1100 1338 1136 1393 tu
1165 1330 1260 1392 heres
1289 1341 1438 1393 amaram,

154 1444 172 1496 tt
188 1429 473 1512 Apostolorum...
486 1432 538 1495 Tu
550 1453 594 1508 es,
607 1433 659 1497 cui
670 1433 781 1496 claves
792 1435 946 1510 traditae,
957 1435 1008 1496 cui
1023 1454 1103 1497 oves
1112 1433 1261 1497 creditae
1288 1401 1419 1506 gfff...

153 1547 170 1599 t
187 1543 274 1599 sunt.
287 1534 376 1600 Sunt
391 1535 527 1618 quidem
540 1548 573 1598 et
589 1536 647 1600 alii
663 1535 747 1600 caeli
766 1537 927 1602 ianitores
943 1549 978 1601 et
994 1557 1133 1620 gregum
1147 1546 1260 1620 pasto·
1285 1521 1413 1624 msere·-

151 1649 169 1702 t<
187 1639 319 1717 res;sed
332 1649 368 1703 tu
379 1648 477 1703 tanto
487 1639 848 1722 gloriosius,quantoet
859 1639 1070 1705 differentius
1081 1650 1261 1722 utrumque

155 1758 171 1808 t
186 1762 267 1825 prae
279 1744 397 1806 ceteris
410 1763 534 1807 nornen
552 1743 756 1808 hereditasti.
772 1745 912 1808 Habent
935 1745 983 1808 illi
997 1745 1059 1808 sibi
1071 1745 1261 1826 assignatos

135 1843 139 1852 ’
154 1861 172 1914 tt
190 1866 319 1930 greges,
334 1847 457 1930 singuli
471 1849 632 1928 singulos,
642 1848 704 1912 tibi
721 1850 866 1911 universi
879 1849 1007 1924 crediti,
1021 1849 1076 1912 uni
1091 1869 1188 1925 unus,
1201 1867 1262 1911 nec

156 1965 173 2016 t
192 1952 294 2015 modo
318 1951 443 2027 ovium,
459 1952 518 2016 sed
541 1964 573 2014 et
599 1963 782 2033 pastorum,
799 1962 835 2016 tu
853 1973 939 2016 unus
961 1953 1113 2016 omniurn
1136 1963 1261 2034 pastor.

157 2068 174 2121 t
190 2055 294 2120 Unde
307 2055 340 2117 id
358 2056 495 2137 probem
509 2057 649 2139 quaeris.
663 2056 719 2119 Ex
733 2057 836 2120 verbo
852 2055 1000 2120 Domini.
1012 2056 1075 2120 Cui
1086 2057 1260 2133 enim,non

155 2173 173 2225 t<
190 2159 267 2223 dico
284 2161 529 2242 episcoporum,
544 2163 603 2223 sed
628 2161 730 2223 etiarn
762 2160 1019 2242 Apostolorum,
1035 2162 1082 2225 sic
1108 2159 1262 2224 absolute

155 2272 222 2329 tet
247 2262 426 2328 indiscrete
448 2273 541 2328 totae
567 2265 768 2327 commissae
791 2274 870 2328 sunt
889 2268 993 2328 oves?
1017 2264 1053 2330 Si
1078 2284 1134 2328 me
1157 2284 1259 2340 amas

157 2367 295 2444 tPetre,
317 2387 417 2449 pasce
436 2387 515 2432 oves
540 2388 639 2431 meas.
663 2367 781 2451 Quas?
812 2368 899 2432 illius
920 2368 972 2432 vel
998 2369 1086 2432 illins
1116 2368 1260 2450 populos

156 2472 333 2538 «civitatis
350 2483 408 2535 aut
429 2472 585 2554 regionis,
608 2481 666 2535 aut
679 2474 759 2536 certi
773 2475 892 2555 regni?
915 2473 1006 2539 Oves
1029 2491 1130 2548 meas,
1142 2472 1261 2554 inquit.

152 2589 169 2642 tt
186 2573 248 2641 Cui
270 2595 337 2638 non
354 2574 503 2658 planum,
523 2596 589 2639 non
614 2577 809 2662 designasse
827 2577 965 2659 aliquas,
989 2577 1047 2640 sed
1070 2577 1260 2658 assignasse

155 2685 330 2746 lomnes?
352 2679 445 2742 Nihil
468 2681 645 2761 excipitur,
666 2680 722 2744 ubi
744 2681 964 2762 distinguitur
980 2681 1063 2744 nihil
1082 2679 1171 2763 (¹).)

196 2783 282 2847 Illud
296 2803 375 2846 vero
396 2783 553 2846 abhorret
564 2803 584 2845 a
595 2785 746 2862 veritate,
762 2793 797 2848 et
816 2795 934 2866 aperte
954 2793 1120 2868 repugnat
1136 2783 1257 2848 consti-

150 2887 272 2950 tutioni
288 2886 662 2963 divinae,iurisdictionl
680 2907 897 2952 romanorum
916 2887 1117 2952 Pontificum
1129 2889 1259 2970 episco·
1285 2849 1437 2977 rufum*

149 3009 212 3072 pos
227 2990 364 3054 subesse
379 2991 534 3073 singulos,
551 2993 601 3054 ius
615 3010 689 3054 esse
704 2991 902 3070 ;rmiversos,
915 2991 966 3055 ius
983 3012 1051 3055 non
1061 3012 1143 3057 esse.
1161 2991 1259 3055 Haec
1284 2973 1421 3086 fflffssj

73 3101 76 3106 “
149 3095 239 3157 enim
257 3095 367 3158 omnis
391 3104 443 3158 est
463 3114 582 3158 caussa
598 3094 752 3175 ratioque
777 3095 1001 3170 fundamenti,
1026 3106 1064 3159 ut
1092 3096 1257 3160 unitatem
1285 3087 1437 3132 “mm

1283 3146 1372 3192 subesse
1380 3158 1418 3190 ro-

148 3198 436 3281 stabilitatemque
462 3198 524 3262 toti
557 3199 670 3280 potius
694 3198 859 3277 aedificio,
884 3219 986 3282 quam
1006 3200 1162 3281 partibus
1186 3200 1258 3264 eius
1285 3218 1432 3321 mmm

47 3323 52 3332 ·
148 3303 292 3385 singulis
307 3313 448 3367 tueatur.
461 3301 561 3384 Quod
575 3311 627 3366 est
643 3304 675 3365 in
690 3322 818 3380 caussa,
829 3305 871 3367 de
887 3324 955 3389 qua
971 3304 1258 3388 loquimur,mult0
1281 3323 1435 3393 ferirentu-

147 3409 266 3483 verius,
291 3407 370 3490 quia
388 3405 542 3471 Christus
561 3405 730 3470 Dominus
747 3405 959 3472 fundamenti
976 3411 1101 3473 virtute
1120 3406 1256 3472 confieri
1278 3397 1419 3501 ,3,ξῖξῇ

146 3511 265 3589 voluit,
276 3520 312 3574 ut
325 3520 443 3592 portae
464 3509 560 3573 inferi
576 3531 641 3573 non
656 3512 874 3592 praevaleant
886 3512 1046 3576 adversus
1059 3512 1257 3578 Ecclesiam.
1283 3502 1410 3607 2213?

147 3613 248 3698 Quod
262 3615 465 3697 promissum
483 3613 634 3678 divinum
652 3624 785 3679 constat
809 3616 894 3678 inter
910 3635 1029 3680 omnes
1041 3617 1085 3680 de
1103 3616 1256 3681 Ecclesia
1274 3621 1425 3725 mrim·

147 3719 300 3782 universa
317 3718 459 3800 intelligi
485 3727 649 3800 oportere,
671 3737 736 3781 non
763 3721 806 3782 de
831 3719 973 3802 singulis
995 3720 1066 3783 eius
1093 3721 1255 3803 partibus,
1281 3738 1400 3786 suunt-

146 3823 272 3905 quippe
288 3842 374 3905 quae
391 3824 506 3906 utique
530 3821 616 3884 vinci
640 3821 820 3885 inferorum
838 3823 966 3906 impetu
994 3834 1147 3906 possunt,
1171 3843 1255 3886 non·
1281 3811 1425 3910 ffi‘ssf'

146 3925 313 4010 nullisque
334 3945 459 4004 earum,
476 3935 512 3990 ut
523 3927 744 4002 vincerentur,
760 3927 957 4008 singillatim
979 3929 1100 3991 evenit.
1115 3927 1256 4004 Rursus,
1277 3915 1412 4023 zm?

145 4034 202 4114 qui
224 4032 317 4114 gregi
339 4029 550 4113 praepositus
566 4039 617 4094 est
638 4031 803 4106 universo,
823 4051 900 4096 eum
918 4051 986 4094 non
1011 4032 1114 4096 modo
1126 4031 1160 4095 in
1173 4050 1256 4095 oves
1276 4035 1365 4097 enei:

145 4137 324 4218 dispersas,
338 4135 398 4198 sed
413 4153 548 4216 prorsus
565 4134 597 4196 in
610 4132 862 4198 multitudinem
877 4135 1012 4207 insimul
1032 4146 1253 4218 congregata·

148 4260 220 4304 rum
248 4240 373 4304 habere
399 4239 576 4320 imperium
608 4257 744 4300 necesse
775 4248 836 4302 est.
865 4237 957 4302 Num
984 4247 1079 4320 regat
1108 4250 1255 4322 agatque

177 4386 196 4419 1.
209 4373 247 4418 De
257 4371 458 4423 Consideratr'one.
470 4369 512 4416 lib.
525 4379 552 4423 tt,
565 4384 618 4428 oep.
632 4372 653 4416 8.
