3117 4859
306 328 308 333 ’
363 340 435 429 248
464 360 580 411 amsa.
604 360 761 410 sueves.
787 346 808 374 ‘⁴
826 358 1025 409 canituris
1049 357 1424 422 snovrnxxnsaous.
1447 332 1464 359 ”

224 520 332 583 parsit
357 514 390 569 et
415 504 467 569 sit
495 505 648 588 Utraque
670 506 752 581 laus,
775 525 862 587 quae
889 506 1043 569 doctrina
1073 526 1156 568 sana
1170 507 1327 588 vitaeque
1343 504 1464 567 sancti-

180 583 329 699 ‘mg
357 612 470 674 monia
498 610 675 693 praecipue
702 610 904 683 continetur,
933 611 966 671 in
989 610 1203 673 adolescente
1226 610 1364 693 quidem
1380 608 1466 673 clero

221 718 330 792 trtnaet
355 714 528 795 potissime
559 712 747 777 accuranda
778 720 839 788 est,
870 732 978 794 neque
1009 723 1122 776 tamen
1155 714 1266 776 minus
1283 722 1336 775 est
1353 721 1462 775 custo·

177 786 316 831 mmm
354 819 478 883 dienda
507 827 541 881 et
573 816 788 900 provehenda
819 817 853 879 in
884 815 974 881 clero
1006 817 1133 895 adulto,
1156 816 1213 900 qui
1240 818 1399 899 proxime
1417 818 1464 878 in·

353 922 481 986 cumbit
497 921 544 985 ad
555 920 862 985 consummationem
877 931 1063 983 sanctorum
1080 920 1115 983 in
1130 932 1208 1003 opus
1223 920 1417 996 ministerii,
1431 920 1464 983 in

352 1026 607 1110 aedificationem
632 1026 773 1107 corporis
801 1023 928 1089 Christi
938 1025 951 1109 (
969 1025 990 1108 ).
1010 1062 1055 1075 -
1081 1025 1134 1088 De
1150 1028 1253 1088 sacris
1276 1025 1464 1088 seminariis

239 1148 328 1196 Clems
353 1132 549 1195 clericorum
574 1130 659 1193 bene
675 1140 727 1195 est
749 1129 858 1192 Nobis
875 1130 1061 1213 cognitum,
1085 1128 1306 1193 Venerabiles
1321 1129 1465 1205 Fratres,

188 1212 328 1328 fflffij
354 1234 491 1297 minime
516 1244 628 1316 partes
648 1233 766 1297 deesse
793 1243 921 1297 vestras
941 1256 949 1312 ;
974 1244 1020 1312 ut,
1036 1234 1149 1316 potius
1165 1252 1267 1316 quam
1284 1235 1464 1297 admovea-

194 1344 324 1405 minariis,
353 1358 428 1402 mus
455 1339 683 1415 incitamenta,
725 1338 1040 1420 comprobationem
1071 1339 1187 1402 testari
1219 1338 1341 1402 deceat
1371 1337 1464 1401 vobis

172 1418 328 1538 praesiiiibo
353 1444 467 1526 eisque
491 1445 647 1508 omnibus
664 1463 807 1526 quorum
835 1444 908 1527 ipsa
935 1444 1103 1508 laetantur
1131 1446 1333 1528 procurandi
1350 1453 1385 1509 et
1408 1446 1464 1506 do·

209 1548 329 1669 “zm
352 1548 449 1610 cendi
481 1547 594 1611 labore
619 1548 764 1613 assiduo
793 1548 893 1624 Sane,
920 1548 1129 1629 temporibus
1160 1570 1247 1632 quae
1274 1548 1463 1613 inciderunt

213 1675 328 1721 ‚stasim
353 1662 422 1715 tam
450 1650 621 1715 Ecclesiae
648 1651 781 1732 iniquis,
805 1670 909 1732 quum
933 1650 1048 1714 hostes
1074 1653 1226 1717 veritatis
1243 1652 1462 1723 invalescunt,

177 1738 330 1852 “imm
353 1776 456 1837 quum
488 1754 750 1838 corruptelarum
776 1754 881 1837 pestis
909 1755 976 1816 iam
1005 1774 1071 1817 non
1102 1757 1206 1837 serpit
1229 1753 1376 1828 occulta,
1405 1752 1461 1815 sed

196 1869 326 1946 scientiam
354 1860 532 1940 impudens
556 1860 590 1921 in
618 1858 733 1922 omnia
756 1868 936 1940 grassatur,
961 1857 988 1919 si
1018 1858 1113 1939 plura
1128 1878 1230 1941 quam
1254 1867 1360 1921 antea
1375 1857 1460 1919 leva·

175 1940 326 2048 “pavum-
355 1974 468 2025 menta
495 1972 528 2026 et
558 1962 706 2026 remedia
733 1962 947 2043 expectanda
971 1972 1086 2025 sunta
1109 1962 1309 2026 sacerdotali
1335 1961 1463 2034 ordine,

354 2067 382 2129 is
398 2066 555 2129 nimirum
573 2066 698 2129 maiore
715 2086 815 2148 quam
841 2078 940 2128 antea
964 2086 1044 2128 cura
1060 2076 1093 2129 et
1108 2066 1359 2130 exercitatione
1374 2083 1461 2127 com·

355 2172 524 2254 parandus
548 2181 599 2234 est
626 2172 669 2233 ad
697 2169 824 2233 bonum
849 2179 1018 2233 certamen
1048 2168 1172 2233 fideiet
1188 2170 1229 2233 ad
1259 2190 1377 2253 parem
1402 2168 1462 2230 vir·

231 2300 327 2361 Magn.
355 2276 436 2339 tutis
463 2274 573 2338 omnis
599 2275 812 2357 dignitatem.
843 2272 940 2356 Quae
972 2276 1015 2337 de
1042 2274 1172 2338 ratione
1198 2274 1378 2357 dirigenda
1394 2282 1458 2335 stu-

206 2366 329 2479 {wilm
355 2380 487 2443 diorum
513 2388 627 2442 sunta
655 2376 763 2441 Nobis
790 2377 975 2441 identidem
1005 2398 1142 2442 normae
1167 2380 1401 2461 praestitutae,
1429 2378 1459 2438 in

228 2497 328 2545 diorum
355 2506 390 2549 re
405 2484 600 2567 praesertim
626 2482 870 2567 philosophica,
896 2482 1096 2565 theologica,
1123 2484 1257 2559 biblica,
1282 2482 1390 2564 probe
1405 2500 1459 2543 no·

201 2568 329 2677 “gagg
354 2587 436 2651 stis:
460 2588 503 2651 ad
531 2607 587 2651 eas
616 2588 740 2653 instate
768 2596 805 2650 ut
832 2606 904 2649 sese
927 2588 1077 2669 magistri
1109 2588 1350 2669 perdiligenter
1374 2603 1460 2649 com·

187 2693 327 2757 praescrip·
353 2702 491 2775 ponant,
518 2711 601 2754 neve
628 2691 731 2755 ullam
763 2690 1035 2773 praetermittant
1062 2711 1108 2755 ex
1138 2692 1300 2756 doctrinis
1332 2689 1458 2761 ceteris,

177 2764 241 2807 ‘am'
352 2814 439 2878 quae
454 2794 663 2877 gravioribus
674 2793 737 2857 illis
748 2803 949 2857 ornamento
958 2804 1046 2871 sunt,
1063 2804 1096 2857 et
1113 2795 1380 2859 sacerdotalibus
1391 2810 1458 2855 mu-

203 2924 324 2988 Disctpli-
353 2898 416 2961 niis
442 2898 573 2962 addunt
589 2896 928 2961 commendationem.
957 2896 1166 2960 Instantibus
1190 2897 1345 2961 similiter
1358 2894 1458 2967 vobis,

175 2990 325 3105 rm&
352 3003 579 3066 moderatores
609 3001 807 3084 disciplinae
833 3011 867 3063 et
897 2999 1033 3082 pietatis
1054 2999 1222 3081 (homines
1238 3000 1295 3081 qui
1312 3018 1388 3062 esse
1400 2998 1454 3059 de-

199 3126 324 3182 taganra-
351 3110 431 3173 bent
458 3110 650 3193 integritate
670 3119 704 3173 et
732 3109 912 3190 prudentia
936 3108 1199 3190 spectatissimi),
1226 3110 1274 3170 sic
1289 3110 1453 3171 rationem

185 3188 326 3301 ,22:22⁸ss
350 3223 538 3296 temperent
564 3214 653 3278 vitae
678 3214 877 3289 communis,
902 3213 949 3273 sic
975 3210 1186 3275 alumnorum
1217 3214 1351 3275 animos
1380 3232 1455 3275 con·

215 3318 325 3366 inarum
350 3317 495 3381 forment
519 3325 775 3398 exerceantque,
805 3324 844 3379 ut
874 3316 1036 3379 virtutum
1067 3318 1325 3399 congruentium
1350 3316 1456 3400 quoti·

174 3398 323 3446 quaererer·
376 3421 383 3435 .
433 3420 475 3435 ..
527 3421 534 3435 .
580 3421 588 3434 .
1257 3420 1265 3434 .
1395 3420 1403 3434 .

195 3448 324 3497 daremus-
350 3422 441 3485 drani
466 3440 499 3483 ru
525 3440 605 3502 rpsrs
632 3440 826 3501 progressus
854 3417 1029 3481 eluceant:
1056 3432 1157 3503 atque
1174 3420 1239 3482 huc
1256 3420 1339 3482 rllud
1357 3431 1455 3482 ettam

173 3520 325 3627 “mm
350 3533 487 3606 spectet,
512 3542 647 3585 omnem
676 3534 713 3586 ut
738 3522 916 3586 addiscant
933 3534 1128 3605 matureque
1151 3524 1295 3586 induant
1311 3524 1455 3605 pruden-

190 3645 324 3707 prudentt-
350 3627 431 3689 tiam
463 3626 496 3687 in
524 3626 564 3687 iis
591 3626 798 3707 attingendis
829 3644 915 3706 quae
946 3624 1052 3687 civilis
1077 3627 1144 3689 sint
1172 3628 1362 3709 potestatis.
1381 3624 1453 3689 Hoc

172 3711 326 3839 mm
350 3749 430 3791 sane
457 3730 558 3791 modo
573 3748 615 3791 ex
634 3730 735 3792 sacris
763 3728 827 3791 illis
843 3728 947 3791 veluti
972 3728 1147 3809 palaestris
1175 3741 1209 3794 et
1224 3732 1343 3793 castris
1373 3747 1454 3792 nova

189 3856 252 3917 quar
264 3842 325 3889 civi·
350 3833 561 3896 continenter
586 3832 714 3910 militia,
729 3851 836 3915 eaque
862 3832 990 3913 optime
1007 3832 1180 3917 instructa,
1195 3834 1356 3915 prodibit,
1372 3853 1454 3917 quae

172 3906 325 4020 2222?pr
350 3935 522 4019 suppetias
547 3936 660 3999 veniat
694 3935 927 4001 laborantibus
956 3936 989 3997 in
1018 3937 1154 4018 pulvere
1181 3947 1215 4001 et
1240 3938 1320 4015 sole,
1357 3949 1454 4020 atque

252 4086 324 4135 clero
349 4037 498 4102 defessos
522 4039 746 4120 emeritosque
781 4040 912 4120 integra
949 4040 1114 4120 suppleat.
1148 4040 1286 4116 Verum,
1321 4042 1355 4104 in
1384 4042 1452 4121 ipsa

171 4152 325 4227 aureusque·
349 4160 517 4205 sacrorum
544 4161 719 4207 munerum
746 4142 988 4227 perfunctione,
1014 4143 1111 4207 facile
1140 4145 1262 4209 videtis
1289 4156 1451 4228 quantum

164 4232 322 4280 Jamnnms-
348 4248 485 4330 periculi
511 4248 615 4312 virtus
642 4250 694 4312 vel
719 4249 828 4312 solida
854 4246 1014 4323 offendat,
1029 4261 1063 4311 et
1080 4272 1181 4333 quam
1198 4252 1240 4314 sit
1269 4250 1450 4315 humanum

171 4283 234 4331 tario
243 4298 312 4331 sacro

379 4386 397 4417 1.
414 4372 483 4431 Epa,
496 4382 532 4425 ιν,
546 4386 581 4418 12.
