3117 4859
311 371 381 439 ²92
437 370 620 422 nrrsroca
638 368 851 421 aucrcuca
870 358 891 387 “
912 368 1087 423 rucuuua
1105 368 1262 422 sannen.
1284 346 1301 373 ''

130 532 278 609 coquum
307 540 373 603 que
399 523 552 599 occurrit,
566 542 635 604 qua
660 522 765 585 divini
793 520 922 585 consilii
953 519 1157 585 excellentia
1183 518 1251 596 fiat,
1282 528 1327 597 ut,
1350 540 1416 602 ope

130 603 268 712 w*
308 632 450 711 Rosarii‚
464 644 498 697 et
514 632 717 715 impetrandi
727 632 850 698 fiducia
865 633 899 695 in
915 632 1046 696 animos
1062 632 1271 714 precantium
1287 634 1416 697 suavis·

306 740 390 803 sime
405 738 522 803 influat
538 750 571 803 et
587 750 739 803 materna
752 738 785 802 in
797 737 949 801 homines
960 736 1069 801 almae
1083 736 1231 821 Virginis
1244 737 1416 803 miseratio

158 827 252 945 ffi·
306 862 438 907 summa
452 844 663 926 benignitate
679 844 722 907 ad
738 841 975 925 opitulandum
993 841 1202 923 respondeat.

162 990 281 1042 Mariam
349 947 450 1031 Quod
472 948 601 1012 Mariae
627 948 830 1030 praesidium
858 945 987 1011 orando
1012 947 1212 1029 quaerimus,
1229 945 1293 1011 hoc
1322 965 1415 1024 sane,

128 1058 262 1109 renim
303 1062 477 1133 tamquam
499 1053 532 1114 in
558 1050 789 1129 fundamento,
806 1052 839 1115 in
871 1070 1008 1115 munere
1033 1050 1151 1114 nititur
1181 1048 1414 1113 conciliandae

126 1138 277 1254 9ώαῖἓῖ
303 1154 401 1217 nobis
415 1152 550 1217 divinae
565 1155 702 1235 gratiae,
718 1171 786 1236 quo
812 1153 886 1236 ipsa
912 1154 1123 1217 continenter
1149 1149 1298 1233 fungitur
1320 1152 1412 1231 apud

156 1270 278 1369 mum?
303 1258 425 1336 Deum,
439 1259 604 1341 dignitate
620 1270 654 1325 et
670 1261 796 1325 meritis
813 1260 1057 1341 acceptissima,
1084 1258 1250 1340 longeque
1275 1254 1413 1322 Caeliti-

119 1334 200 1435 {Vm
228 1336 278 1435 ni}
302 1362 364 1426 bus
380 1362 505 1426 sanctis
524 1363 682 1427 omnibus
698 1364 850 1444 potentia
873 1362 1083 1427 antecellens.
1103 1362 1179 1426 Hoc
1194 1380 1273 1424 vero
1290 1378 1413 1423 munus

122 1450 276 1567 ζζζὶἪ
301 1466 334 1530 in
351 1466 444 1531 nullo
471 1467 611 1531 fortasse
626 1468 745 1532 orandi
773 1468 876 1531 modo
895 1478 965 1531 tarn
984 1475 1077 1549 patet
1092 1484 1289 1549 expressum
1306 1482 1411 1547 quam

123 1596 180 1631 vm
194 1582 275 1631 omne·-
300 1570 333 1632 in
348 1570 491 1634 Rosario
505 1590 514 1649 ;
530 1570 563 1633 in
579 1590 647 1653 quo
662 1580 774 1652 partes
790 1590 877 1653 quae
894 1569 1027 1635 fuerunt
1044 1568 1193 1651 Virginis
1205 1566 1248 1633 ad
1265 1568 1410 1632 salutem

119 1653 275 1777 xm‘ff„
300 1674 473 1738 hominurn
491 1674 735 1756 procurandam
746 1675 794 1738 sic
806 1684 987 1750 recurrunt,
999 1674 1095 1757 quasi
1109 1672 1276 1755 praesenti
1287 1668 1409 1736 effectu

159 1779 273 1855 nnana,
300 1779 490 1862 explicatae
508 1802 515 1843 :
532 1779 565 1843 id
577 1780 669 1861 quod
686 1778 789 1843 habet
803 1779 966 1843 eximium
980 1778 1116 1861 pietatis
1132 1776 1413 1861 emolumentum,

121 1859 274 1973 mm}
298 1883 368 1946 sive
383 1882 485 1946 sacris
502 1880 669 1962 mysteriis
681 1881 724 1949 ad
735 1881 1035 1964 contemplandum
1057 1879 1322 1955 succedentibus,
1339 1880 1413 1943 sive

150 1975 275 2089 {7⁸:955}
296 1986 450 2069 precibus
464 2005 522 2049 ore
543 1986 599 2067 pio
626 1985 795 2051 iterandis.
807 2022 850 2035 -
865 1984 1036 2069 Principio
1049 2005 1159 2049 coram
1180 1992 1259 2047 sunt
1275 1996 1411 2048 Gavnu

166 2056 272 2183 sufferam
298 2092 583 2175 mysteria.Filius
605 2094 695 2156 enim
713 2092 776 2155 Dei
794 2102 950 2157 aeternus
973 2112 1046 2156 sese
1075 2092 1215 2155 inclinat
1239 2092 1282 2154 ad
1299 2090 1411 2153 horni-

133 2170 273 2300 sso'ssffl
296 2216 366 2277 nes,
395 2197 498 2262 homo
526 2196 653 2277 lactus;
669 2188 874 2261 assentiente
904 2218 982 2261 vero
1012 2196 1121 2262 Maria
1150 2206 1184 2261 et
1217 2194 1413 2277 concipiente

138 2301 206 2363 eam,
219 2303 272 2351 sin·
295 2300 335 2366 de
352 2300 483 2384 Spiritu
498 2312 615 2367 sancto.
632 2300 721 2367 Tum
735 2302 881 2365 Ioannes
898 2310 1050 2365 materno
1080 2300 1114 2363 in
1142 2309 1238 2364 utero
1263 2296 1411 2378 sanctifi·

128 2368 271 2431 eulmen
486 2406 495 2423 .
631 2406 639 2422 .
685 2407 692 2421 .
745 2407 753 2421 .
852 2408 859 2423 .
1044 2406 1051 2421 .
1202 2404 1208 2418 .
1367 2402 1372 2415 .
1408 2401 1415 2413 .

142 2438 270 2496 nanimy-
296 2416 393 2470 catur
404 2406 605 2472 charismate
630 2427 763 2489 insigni,
784 2406 944 2490 lectisque
971 2408 1069 2471 donas
1099 2404 1147 2469 ad
1170 2426 1245 2470 vias
1268 2402 1411 2467 Domzne

119 2497 271 2613 ἑξήρη·
288 2510 464 2593 parandas
478 2512 652 2575 instruitur
666 2534 674 2591 ;
690 2511 773 2575 haec
790 2520 902 2575 tamen
919 2510 1120 2593 contingunt
1135 2530 1181 2574 ex
1205 2507 1411 2573 salutatione

157 2598 165 2623 ’
298 2615 436 2692 Mariae,
458 2624 637 2696 cognatam
654 2616 771 2679 divino
786 2614 900 2679 afflatu
918 2614 1065 2678 visentis.
1085 2612 1123 2677 In
1141 2614 1249 2677 lucem
1266 2610 1407 2675 tandem

296 2718 406 2781 editur
421 2715 583 2797 Christus,
593 2719 768 2801 expectatio
777 2720 940 2803 gentium,
952 2738 996 2782 ex
1014 2718 1155 2801 Virgine
1172 2717 1281 2781 editur
1295 2737 1304 2793 ;
1319 2714 1408 2777 eius-

295 2842 361 2903 que
375 2823 419 2885 ad
437 2822 639 2888 incunabula
668 2834 821 2906 pastores
853 2834 886 2887 et
918 2824 1018 2906 magi,
1049 2822 1216 2905 primitiae
1239 2819 1326 2897 fidei,
1350 2819 1407 2901 pie

295 2924 501 3000 festinantes,
516 2924 687 3005 Infantem
703 2927 879 2991 inveniunt
891 2948 964 2990 cnm
976 2926 1096 2991 Maria
1111 2926 1227 2989 Matre
1240 2924 1318 2989 eius.
1336 2922 1406 3007 Qui

294 3029 426 3106 deinde,
442 3038 480 3093 ut
498 3040 605 3096 semet
631 3031 776 3095 hostiam
807 3031 882 3096 Deo
911 3032 1000 3095 Patri
1026 3031 1090 3095 ritu
1122 3031 1257 3113 publico
1283 3029 1406 3107 tradat,

294 3130 366 3197 vult
381 3132 455 3216 ipse
470 3133 503 3197 in
519 3133 684 3217 templum
711 3134 821 3199 afferri
837 3157 845 3213 ;
862 3135 1046 3200 ministerio
1071 3144 1185 3199 autern
1213 3134 1332 3199 Matris
1358 3134 1406 3198 ibi

293 3234 429 3301 se'stitur
441 3236 593 3300 Domino.
611 3235 750 3315 Eadem,
769 3240 802 3302 in
829 3258 950 3303 arcana
974 3238 1070 3303 Pueri
1087 3238 1277 3314 amissione,
1293 3238 1404 3320 ipsum

293 3343 399 3406 anxia
413 3341 638 3406 sollicitudine
654 3344 821 3425 quaeritat
837 3345 1027 3427 reperitque
1054 3343 1183 3426 ingenti
1214 3342 1347 3426 gaudio.
1360 3380 1405 3393 -

294 3446 413 3525 Neque
435 3446 531 3510 aliter
547 3446 729 3529 loquuntur
744 3460 906 3513 DOLORIS
923 3448 1090 3532 mysteria.
1117 3446 1156 3510 In
1183 3446 1403 3513 Gethsemani

293 3549 401 3627 horto,
416 3550 473 3613 ubi
492 3550 599 3614 lesus
615 3560 716 3633 pavet
736 3562 930 3634 moeretque
955 3551 997 3614 ad
1018 3561 1170 3627 mortem,
1197 3561 1231 3614 et
1254 3550 1288 3614 in
1309 3568 1402 3632 prae-

292 3654 388 3730 torio,
417 3652 475 3716 ubi
501 3652 613 3735 flagris
644 3654 803 3732 caeditur,
841 3655 957 3737 spinea
994 3674 1117 3718 corona
1154 3654 1403 3737 compungitur,

291 3756 456 3839 supplicio
487 3756 658 3834 multatur,
687 3759 784 3821 abest
822 3778 861 3822 ea
891 3760 1027 3841 quidem
1060 3758 1178 3836 Maria,
1210 3758 1291 3823 talia
1323 3777 1402 3821 vero

291 3860 418 3925 iamdiu
448 3860 549 3924 habet
576 3862 712 3943 cognita
743 3873 776 3925 et
804 3872 988 3945 perspecta.
1004 3861 1118 3946 Quum
1144 3863 1233 3927 enim
1262 3882 1298 3926 se
1325 3860 1403 3926 Deo

290 3966 343 4029 vel
360 3963 516 4028 ancillam
541 3966 584 4029 ad
609 3967 724 4029 matris
751 3966 899 4030 officium
926 3967 1080 4032 exhibuit
1105 3965 1158 4030 vel
1186 3976 1295 4029 totam
1322 3984 1400 4029 cum

291 4072 377 4136 Filio
393 4072 426 4135 in
443 4072 572 4155 templo
587 4074 733 4151 devovit,
756 4086 900 4157 utroque
927 4095 971 4138 ex
1006 4074 1096 4139 facto
1126 4076 1193 4138 iam
1220 4083 1293 4137 tum
1320 4092 1402 4137 con-

290 4194 361 4238 sors
385 4194 462 4239 cum
489 4194 531 4238 eo
557 4176 672 4241 extitit
692 4177 879 4242 laboriosae
895 4197 956 4262 pro
971 4179 1120 4243 humano
1136 4197 1258 4261 genere
1280 4176 1401 4259 expia-

289 4280 417 4345 tionis:
440 4300 484 4344 ex
512 4300 580 4363 quo
603 4282 715 4359 etiam,
745 4284 778 4345 in
804 4282 1024 4347 acerbissimis
1052 4283 1129 4348 Filii
1159 4281 1340 4365 angoribus
1363 4292 1402 4347 et

290 4382 533 4462 cruciamentis,
548 4386 699 4450 maxime
718 4388 832 4450 animo
848 4387 1058 4452 condoluisse
1082 4386 1308 4453 dubitandum
1327 4403 1398 4451 non
