3117 4859
319 370 370 420 AD
398 367 548 420 ANGLOS
576 367 627 416 DE
654 365 759 418 FIDEI
788 365 969 417 UNITATE.
1153 365 1201 433 43

91 453 1199 480 ...—-—-——-—-—--—-——-—---

92 528 143 578 tas
159 514 235 578 fidei
253 522 287 578 et
298 513 522 587 voluntatum,
532 513 626 573 cuius
642 510 752 591 gratia
764 509 976 590 Redemptor
991 517 1026 571 et
1038 507 1204 588 Magister
1291 536 1319 581 ιφ

91 627 204 682 noster
218 619 253 682 in
270 637 310 682 ea
331 616 578 699 supplicatione
600 613 815 695 ingemebat:
830 632 933 695 quarn
959 612 1134 688 unitatem,
1156 613 1202 672 rei
1248 579 1362 691 Aiibis

91 741 224 805 quoque
248 721 338 785 civili
358 720 452 785 domi
477 717 627 800 lorisque
652 717 841 798 perutilem,
865 717 949 781 haec
973 715 1026 779 vel
1052 715 1204 778 maxime

90 835 253 908 tempora,
262 825 452 890 dissociatis
465 823 553 885 adeo
564 821 836 904 perturbatisque
847 821 979 896 animis,
988 819 1089 902 plane
1098 820 1202 900 depo·

91 939 197 995 scunt.
214 930 387 1013 Quantum
405 928 439 991 in
456 926 567 990 Nobis
583 923 655 1003 fuit,
672 925 755 988 nihil
772 926 957 988 admodum
973 926 1065 1007 quod
1079 923 1203 987 Christi
1299 949 1330 995 1,
1343 950 1384 994 roc

91 1035 288 1119 exemplum
315 1042 350 1098 et
372 1032 579 1096 conscientia
603 1029 704 1094 officii
720 1031 928 1106 admoneret,
941 1028 1095 1092 videmur
1110 1045 1205 1109 prae·
1232 1009 1349 1128 lew,
1433 1100 1437 1106 ἱ

93 1139 275 1202 termisisse
290 1137 474 1222 vigilando,
489 1136 668 1210 hortando,
684 1135 910 1218 providendo;
927 1134 1070 1215 Deoque
1086 1131 1205 1214 implo-
1232 1142 1375 1221 maresca--

92 1243 223 1306 ratione
246 1242 510 1324 supplicavimus
537 1239 659 1304 humili
685 1249 718 1303 et
742 1239 981 1321 supplicamus,
997 1246 1035 1300 ut
1051 1237 1207 1300 nationes
1233 1194 1365 1301 iiim

93 1347 135 1410 de
150 1345 219 1409 lide
233 1347 415 1410 christiana
430 1345 670 1408 dissentientes
687 1343 863 1424 pristinam
886 1343 1024 1406 tandem
1051 1346 1207 1422 repetant

93 1451 268 1515 unitatem.
300 1451 339 1513 ld
371 1450 530 1532 proximo
563 1457 715 1528 tempore
747 1467 814 1511 non
842 1447 945 1510 semel
976 1444 1207 1525 affirmateque

93 1553 365 1635 significavimus,
381 1572 490 1634 neque
515 1571 584 1614 uno
612 1550 742 1613 consilii
771 1553 873 1616 modo
895 1552 1041 1614 acriores
1067 1549 1100 1610 in
1116 1548 1206 1612 idem

94 1677 188 1720 curas
204 1658 357 1721 conferre
373 1657 589 1720 instituimus.
608 1653 720 1736 Quam
738 1676 817 1719 vero
834 1655 973 1719 feliciter
998 1653 1106 1717 Nobis
1129 1652 1207 1714 bea·
1234 1657 1389 1728 sperandus

95 1770 203 1842 teque,
219 1761 247 1824 si
263 1763 428 1824 rationem
446 1771 620 1842 pastorum
639 1759 780 1841 principi
792 1761 941 1823 instante
964 1759 1031 1822 iam
1056 1767 1208 1836 tempore
1234 1716 1388 1824 mm

96 1864 284 1942 reddituris,
299 1866 333 1928 id
350 1866 526 1946 contingat
542 1875 579 1927 ut
595 1865 638 1926 de
654 1863 705 1926 his
722 1863 818 1939 votis,
833 1883 921 1946 quae
936 1865 1012 1946 ipso
1038 1862 1208 1943 aspirante
1227 1838 1389 1958 J'ssclssffiss,

96 1981 129 2032 et
145 1971 292 2032 ducente
307 1970 457 2052 aggressi
474 1988 590 2031 sumus
606 1965 773 2050 perficere,
790 1966 974 2031 libamenta
990 1969 1021 2032 ei
1045 1987 1112 2030 non
1136 1963 1208 2028 exi·
1235 1959 1376 2063 ssssss‘mm

96 2093 160 2156 gua
187 2072 357 2136 fructuum
383 2071 582 2136 afferamus!
603 2109 646 2120 -
670 2073 733 2136 Per
759 2073 822 2136 hos
846 2082 959 2136 autem
986 2073 1059 2135 dies
1085 2088 1210 2152 magna
1267 2101 1339 2146 Lacu
1353 2113 1389 2144 η,

97 2198 171 2241 cum
197 2176 434 2242 benevolentia
458 2186 491 2240 et
518 2197 577 2258 spe
602 2177 766 2240 habemus
789 2178 941 2242 animum
958 2178 1001 2241 ad
1018 2176 1208 2259 Anglorum
1237 2160 1391 2266 ζξῗξίζῖζξζω

98 2291 234 2364 gentem
261 2300 477 2358 conversum;
493 2281 526 2342 in
544 2299 612 2363 qua
628 2281 799 2345 intuemur
823 2283 989 2346 crebriora
1013 2289 1049 2344 et
1071 2278 1216 2343 manile.
1234 2279 1333 2340 gratiae

98 2388 200 2452 stiora
219 2385 344 2450 indicia
355 2386 491 2449 divinae
507 2385 645 2467 gratiae,
661 2387 853 2450 salutariter
866 2388 998 2450 animos
1014 2404 1210 2467 permoveri·
1239 2338 1377 2444 illim

99 2492 150 2556 tis.
165 2490 259 2556 Satis
285 2493 375 2554 enim
400 2501 552 2572 apparet,
579 2499 616 2554 ut
644 2492 798 2573 quotidie
822 2489 973 2555 offendat
1002 2511 1068 2554 non
1087 2509 1211 2571 paucos
1239 2461 1383 2570 mi?

101 2596 383 2660 communitatum
400 2613 536 2658 suarum
553 2594 586 2657 in
609 2595 708 2658 rebus
736 2597 896 2660 maximis
912 2596 963 2660 vel
992 2595 1144 2659 conlusio
1159 2591 1210 2656 vel

102 2700 342 2783 repugnantia;
357 2708 395 2761 ut
410 2699 467 2761 alii
484 2697 621 2763 videant
633 2720 700 2783 qua
715 2720 802 2783 opus
818 2702 861 2764 sit
878 2700 1037 2765 firmitate
1052 2701 1212 2764 adversus

100 2825 227 2869 novum
250 2805 446 2886 variumque
471 2825 627 2882 errorem,
655 2807 687 2868 in
713 2826 817 2887 prava
845 2815 985 2869 naturae
1009 2817 1042 2867 et
1074 2803 1213 2867 rationis

105 2908 230 2992 placita
246 2908 445 2987 abeuntem;
465 2919 503 2972 ut
527 2921 687 2992 augescat
711 2913 887 2974 hominurn
909 2929 1066 2972 numerus
1082 2908 1213 2988 religio·

102 3015 228 3078 siorum
255 3033 294 3076 ac
320 3012 585 3094 prudentiorum,
613 3015 669 3095 qui
696 3015 926 3078 coniunctioni
954 3033 1029 3077 cum
1062 3011 1215 3074 Ecclesia

102 3117 270 3182 catholica
285 3117 525 3180 instaurandae
540 3139 584 3180 ex
601 3119 715 3180 animo
733 3119 943 3200 multumque
955 3119 1124 3182 studeant.
1136 3116 1214 3178 Elo-

103 3223 161 3305 qui
176 3224 235 3285 vix
249 3240 427 3304 possumus
437 3240 539 3302 quarn
553 3221 769 3285 vehementer
786 3231 820 3284 et
835 3222 919 3284 haec
935 3231 970 3284 et
984 3220 1109 3283 similia
1119 3222 1215 3302 plura
1242 3185 1395 3292 ‘iili‘riiiiae

102 3330 277 3391 caritatem
295 3324 419 3390 Christi
437 3327 470 3387 in
489 3326 597 3389 Nobis
612 3337 736 3388 acuant
743 3347 753 3404 ;
779 3329 973 3408 quantique
999 3325 1215 3388 contentione
1242 3316 1353 3422 fiffi,

104 3431 264 3495 uberioris
276 3451 297 3493 a
310 3429 386 3492 Deo
397 3432 527 3513 gratiae
545 3449 684 3493 munera
700 3432 914 3507 devocemus,
928 3449 1015 3510 quae
1031 3429 1153 3490 animis
1170 3429 1216 3490 ita
1242 3424 1374 3529 mm·
1468 3447 1472 3454 ·

104 3535 233 3602 affectis
249 3534 369 3612 inlusa,
385 3535 418 3597 in
437 3534 562 3598 fructus
578 3545 704 3598 exeant
720 3534 959 3616 optatissimos.
978 3533 1047 3595 Eos
1061 3532 1217 3595 videlicet
1313 3516 1319 3528 ¹

103 3639 237 3716 fructus,
254 3651 290 3704 ut
305 3641 513 3702 occurramus
534 3659 644 3702 omnes
665 3639 700 3701 in
723 3638 883 3700 unitatem
889 3636 978 3719 fidei
991 3647 1022 3699 et
1035 3635 1218 3718 agnitrimis

105 3745 190 3810 Filii
206 3744 273 3808 Dei
287 3745 338 3826 (1).
356 3741 500 3807 Solliciti
524 3763 656 3806 seruarc
681 3744 840 3805 um'tatem
864 3741 1004 3823 spiritus
1029 3741 1064 3804 in
1089 3739 1218 3803 vinculo

101 3851 209 3931 pacis:
224 3869 328 3912 unum
343 3859 457 3930 corpus
470 3858 502 3910 et
516 3869 602 3911 unus
616 3847 764 3930 spiritur,
779 3847 863 3908 sicut
878 3846 986 3908 vocati
999 3844 1077 3907 estis
1098 3845 1134 3906 in
1150 3865 1218 3907 una

105 3964 159 4036 spe
173 3955 350 4018 vocationis
364 3963 492 4017 vestrae
499 3977 516 4028 ,·
541 3972 628 4016 unus
644 3952 820 4028 Dominus,
836 3971 904 4012 una
910 3949 1008 4032 fides,
1023 3970 1127 4010 unum
1142 3947 1218 4030 bap-

104 4060 205 4123 tisma
221 4061 234 4138 (
252 4059 273 4143 ).

148 4167 220 4230 Vos
247 4169 348 4249 igitur
374 4184 502 4240 omnes,
532 4161 677 4224 cuiusvis
702 4158 957 4223 communitatis
983 4158 1035 4219 vel
1063 4157 1218 4232 instituti,
1275 4166 1397 4236 omaus„

108 4279 334 4354 quotcumque
359 4271 393 4331 in
412 4268 538 4349 Augila
565 4267 646 4328 estis
671 4267 714 4327 ad
743 4265 806 4326 hoc
834 4264 973 4325 unitatis
989 4273 1127 4323 sanctae
1143 4280 1217 4339 pro·
1243 4225 1397 4331 {imm

111 4362 1216 4388 .-.....-.----—--————-———-—·--

140 4412 160 4444 1.
177 4399 249 4456 Epa,
263 4409 298 4450 lv.
312 4413 346 4457 13.
357 4421 386 4432 -
402 4411 424 4443 2.
441 4397 486 4447 lb..
499 4407 545 4452 3·5.
