3117 4859
355 676 1439 816 22—:1

233 1233 263 1278 18
536 1225 753 1277 EMPESTATE
793 1212 1018 1277 infensissima
1047 1214 1090 1278 ad
1115 1214 1203 1276 Petri
1239 1212 1455 1290 Cathedram,

204 1293 292 1408 ¹1be
556 1329 638 1382 nutu
682 1316 746 1381 Dei
772 1317 988 1399 providentis,
1018 1293 1135 1394 evecti,
1175 1317 1256 1380 nihil
1282 1319 1454 1401 antiquius

506 1439 532 1514 p
554 1423 732 1486 habuimus
756 1441 858 1503 quam
884 1431 921 1485 ut
961 1421 1111 1485 humano
1135 1422 1258 1504 generi,
1287 1423 1455 1486 diuturnis

215 1459 256 1504 Ex
271 1459 324 1504 onr't

234 1465 326 1624 1:74„
500 1517 698 1589 idnimium
743 1525 918 1588 discordiis
955 1535 1091 1600 vexato,
1128 1545 1257 1608 pacem,
1301 1526 1457 1589 utilitatis

210 1517 324 1578 Pontifex

170 1637 325 1756 nem?
350 1635 460 1697 omnis
476 1633 635 1706 altricem,
647 1629 739 1693 omni
752 1649 820 1712 qua
832 1650 1008 1711 possemus
1020 1631 1184 1695 industria
1195 1629 1457 1694 conciliaremus.

212 1757 325 1802 norm-
356 1738 431 1802 Huc
441 1757 521 1800 sane
534 1736 644 1799 studia
659 1734 785 1798 Nostra
795 1736 1007 1798 continenter
1015 1745 1226 1817 spectarunt;
1242 1754 1349 1817 eaque
1359 1755 1457 1816 prop·

185 1821 326 1934 mm
350 1852 409 1918 ter,
435 1839 671 1904 communibus
698 1857 800 1921 saepe
822 1838 910 1902 datis
941 1838 1070 1915 litteris,
1099 1839 1168 1902 sive
1198 1839 1242 1902 de
1270 1837 1458 1902 ordinanda

169 1942 325 2040 {xssjrfff‘fff
351 1947 495 2021 civitate,
518 1945 588 2007 sive
603 1943 646 2006 de
662 1942 816 2006 libertate
832 1943 895 2005 rite
911 1955 1067 2024 recteque
1083 1943 1304 2021 aestimanda,
1319 1943 1391 2004 sive
1417 1941 1458 2003 de

210 2060 325 2158 ”mg
351 2049 508 2133 opificum
525 2050 719 2113 conditione
737 2058 770 2110 ct
794 2048 975 2111 sanctitate
1000 2048 1149 2130 coniugii
1166 2046 1316 2130 eloquuti
1332 2065 1457 2120 sumus,

171 2219 174 2226 ,
226 2175 321 2218 miano.
351 2156 419 2218 sive
435 2157 571 2220 demum
596 2154 638 2216 de
664 2151 801 2229 insidiis,
822 2171 909 2233 quae
933 2172 978 2214 ex
995 2151 1175 2215 socialismi
1198 2152 1402 2215 commentis
1423 2159 1456 2211 et

350 2259 556 2322 occultarum
581 2255 869 2319 consociationum
894 2255 1200 2318 machinationibus
1219 2255 1375 2318 societati
1400 2273 1455 2335 pa·

231 2365 325 2436 Gaura
350 2375 471 2428 rantur.
499 2361 615 2443 Nuper
641 2371 765 2435 autem,
790 2379 903 2440 quum,
929 2360 1183 2441 ingravescente
1209 2369 1332 2436 aetate,
1347 2357 1455 2440 urgeri

186 2427 325 2470 concordent
755 2464 763 2477 ,
946 2463 953 2477 ,
1240 2463 1248 2478 ,
1343 2463 1350 2476 ,

199 2493 260 2543 spem
271 2499 323 2529 con-
350 2467 423 2530 Nos
439 2466 482 2530 ad
505 2466 689 2530 humanum
707 2474 837 2526 exitum
862 2465 1120 2544 pervideremus,
1138 2463 1265 2545 placuit
1280 2464 1323 2525 ad
1341 2481 1454 2525 meun-

233 2550 322 2603 ΨΜ
349 2573 427 2634 dam
455 2570 684 2650 tuendamque
700 2587 817 2650 pacem
835 2568 1002 2650 principes
1018 2568 1228 2650 populosque
1243 2567 1365 2630 iterum
1382 2565 1456 2628 hor·

348 2674 411 2739 tari
443 2674 614 2737 universos
645 2681 678 2734 et
710 2667 834 2736 Christi
867 2670 1054 2734 Ecclesiam
1087 2672 1134 2734 uti
1161 2681 1289 2734 certum
1318 2671 1456 2734 unitatis

348 2779 515 2842 vinculum
547 2776 703 2857 gentibus
730 2775 888 2837 omnibus
915 2775 1105 2856 perhibere;
1136 2793 1210 2838 eam
1242 2775 1276 2837 in
1305 2773 1455 2836 Domino

347 2882 591 2966 praecipientes
630 2899 734 2961 spem,
769 2879 926 2960 proxime
962 2879 1171 2942 exordientis
1203 2878 1328 2942 saeculi
1360 2877 1454 2940 initia

197 2997 322 3056 augeria
348 2995 485 3068 optatae
515 2983 714 3048 concordiae
745 2984 902 3065 auspiciis
932 3005 1004 3047 esse
1035 2983 1233 3048 dedicanda
1273 2982 1341 3046 His
1370 2981 1454 3045 votis

207 3057 323 3161 nmis
350 3090 492 3166 Nostris,
507 3089 638 3172 paterni
654 3087 757 3150 animi
774 3089 913 3151 caritate
929 3072 1111 3171 conceptis,
1127 3086 1278 3152 nonnulli
1294 3087 1454 3149 obsecun-

190 3177 324 3280 ’Ἥῇζξ
349 3193 469 3258 dantes
485 3193 581 3257 electi
599 3193 658 3254 viri
676 3193 707 3254 in
726 3211 801 3254 eam
826 3191 992 3254 devenere
1013 3192 1226 3268 sententiam,
1249 3201 1286 3254 ut
1312 3189 1454 3254 labentis

177 3294 324 3399 {222ssss
349 3300 470 3363 aetatis
486 3297 667 3361 terminum
684 3295 827 3359 solemni
853 3297 1001 3377 quodam
1025 3298 1264 3379 communique
1288 3293 1454 3377 religionis

182 3411 323 3482 remman]-
350 3401 543 3466 testimonio
559 3377 800 3463 consecrarent.
820 3399 859 3462 Id
878 3400 949 3463 Nos
966 3402 1148 3483 probamus
1164 3401 1315 3466 libentes.
1330 3398 1454 3482 Quam·

165 3485 249 3576 mi
260 3475 323 3576 liiii.
349 3507 399 3571 vis
415 3515 527 3568 autem
544 3505 589 3567 ob
607 3504 765 3580 maxima,
780 3503 902 3585 quibus
919 3503 1013 3568 Deus
1030 3525 1090 3568 nos
1106 3505 1266 3581 cumulat,
1287 3501 1455 3574 beneficia,

169 3591 324 3708 ffldjfl'l'jg
350 3629 390 3673 eo
415 3607 537 3672 debeat
561 3605 711 3670 fidelium
737 3618 890 3690 spectare
915 3609 1024 3691 pietas
1048 3621 1085 3672 ut
1111 3609 1244 3673 debitas
1268 3604 1453 3690 providenti

182 3709 323 3813 mmm
350 3713 490 3776 Numini
508 3711 699 3794 persolvant
715 3714 856 3794 gratias;
868 3721 905 3777 at
918 3712 1025 3777 multo
1037 3713 1187 3776 maxime
1203 3732 1245 3775 eo
1260 3732 1397 3775 necesse
1408 3719 1454 3773 est

189 3828 323 3886 rratiasob
349 3816 498 3880 converti
529 3815 669 3892 animos,
697 3824 742 3893 ut,
769 3815 912 3897 supplici
941 3817 1147 3900 instantique
1178 3836 1286 3899 prece,
1316 3813 1453 3880 turbatis

208 3888 324 4002 pilli-{ii}
350 3919 549 3984 mortalibus
580 3921 767 3983 miserentis
806 3919 871 3983 Dei
902 3919 1058 3984 voluntas
1087 3921 1294 3986 concilietur.
1330 3919 1452 3983 Audiat

197 4005 325 4109 Ἢξξζζ
351 4025 479 4087 utinam
504 4022 704 4086 clementiae
731 4023 830 4087 Pater
855 4025 1064 4105 precantium
1089 4025 1245 4107 gemitus,
1270 4035 1305 4089 et
1332 4019 1450 4088 Christi

179 4121 325 4225 'ffirffi‘tss
350 4127 527 4188 servatoris
550 4129 714 4206 sanguine
748 4127 909 4207 placatus,
939 4149 1098 4212 exurgens
1128 4129 1326 4193 misereatur
1354 4125 1451 4192 Sion!

216 4239 324 4353 ruffi
351 4225 492 4308 Optimo
508 4229 640 4292 interim
658 4227 808 4294 fidelium
825 4231 992 4295 desiderio
1019 4231 1130 4296 faveat
1153 4233 1306 4297 caelestis
1328 4229 1449 4315 gratiae

170 4355 320 4402 ‚nr-„mm
349 4330 546 4406 subsidium,
558 4329 661 4394 Cuius
672 4334 842 4415 auspicem
854 4345 888 4398 et
900 4335 1156 4401 benevolentiae
1169 4335 1315 4400 Nostrae
1326 4346 1448 4408 testem,
