3117 4859
330 344 434 394 DE
472 341 1042 394 SAECULARIBUS
1082 343 1500 395 SOLEMNIIS
1538 342 1596 392 S.
1640 343 1972 394 PHILIPPI
2010 345 2251 396 NERII.
2346 332 2431 395 61

218 499 442 554 torum
477 487 933 561 conversione,
952 506 1032 549 ac
1062 499 1338 550 sanctae
1373 486 1614 548 Matris
1648 487 1994 551 Ecclesiae
2024 491 2442 553 exaltatione

217 594 365 677 pias
397 592 484 655 ad
519 590 745 653 Deum
778 609 1012 671 preces
1044 588 1424 666 effuderint,
1462 590 1832 671 plenariam
1870 593 2174 657 omnium
2210 615 2438 677 pecca-

216 707 438 760 torum
490 713 764 756 suorum
815 693 1310 774 indulgentiam
1345 707 1413 757 et
1461 695 1943 772 remissionem,
1987 717 2191 779 quam
2236 704 2438 760 etiam

216 800 575 863 animabus
608 795 1184 873 Christifidelium‚
1218 817 1389 880 quae
1424 797 1576 860 Deo
1609 798 1678 860 in
1710 800 1990 864 caritate
2042 803 2438 868 coniunctae

213 907 302 970 ab
353 901 483 966 hac
535 904 682 965 luce
737 901 1191 983 migraverint,
1232 922 1350 982 per
1405 903 1682 966 modum
1739 903 2039 987 suffragii
2101 907 2438 989 applicare

215 1006 497 1091 possint,
530 1006 1050 1069 misericorditer
1081 1007 1146 1067 in
1201 1006 1503 1068 Domino
1547 1008 1982 1072 concedimus
2031 1018 2234 1092 atque
2274 1012 2438 1076 elas*

214 1114 454 1197 gimur.
493 1109 585 1172 Iis
610 1128 770 1172 vero
803 1106 1130 1185 fidelibus,
1162 1109 1282 1190 qui
1313 1094 1755 1174 so'llemnibus
1789 1113 1977 1175 sestis
2008 1115 2073 1176 in
2101 1115 2229 1178 hac
2262 1116 2438 1180 alma

221 1216 428 1292 Urbe,
459 1215 785 1297 vigesima
818 1225 1018 1276 sexta
1049 1215 1298 1276 mensis
1330 1218 1653 1277 vertentis
1692 1217 1803 1279 die
1850 1218 2182 1282 habendis
2230 1224 2434 1284 adsti-

213 1322 441 1397 terint,
470 1318 906 1382 concedimus
938 1328 1012 1380 ut
1043 1329 1307 1399 praeter
1338 1320 1817 1383 antecedentes
1862 1323 2116 1386 dictam
2165 1325 2438 1388 celebri*

218 1435 453 1502 tatem,
485 1434 558 1487 ut
589 1442 812 1504 supra,
843 1421 1006 1498 dies,
1036 1424 1239 1484 etiam
1287 1424 1353 1485 in
1397 1425 1706 1504 sequenti
1738 1426 2033 1505 octidu0,
2064 1429 2314 1496 scilicet
2350 1436 2434 1496 ad

213 1529 583 1591 secundam
641 1546 852 1609 usque
906 1527 1204 1607 proximi
1265 1525 1440 1588 Iunii
1502 1530 1751 1590 mensis
1805 1530 2006 1608 diem,
2064 1533 2430 1615 plenariam

214 1633 504 1696 similem
539 1630 1033 1712 indulgentiam
1070 1629 1308 1693 lucrari
1344 1631 1540 1710 licite,
1573 1635 1853 1696 servatis
1889 1640 2252 1718 servandis,
2282 1664 2430 1724 pos-

209 1739 348 1802 sint
377 1758 457 1801 ac
489 1737 777 1801 valeant,
811 1735 1185 1800 Contrariis
1215 1737 1752 1820 quibuscumque
1807 1760 1939 1804 non
1987 1743 2434 1816 obstantibus.

214 1843 692 1907 Praesentibus
747 1843 944 1905 unice
999 1852 1263 1905 tantum
1317 1843 1634 1908 valituris.
1665 1843 2001 1909 Volumus
2054 1861 2302 1928 autem,
2358 1868 2428 1916 ut

208 1950 666 2033 praesentium
725 1945 1097 2010 litterarum
1152 1950 1597 2029 transumptis
1658 1969 1775 2011 seu
1836 1953 2170 2034 exemplis
2227 1960 2430 2020 etiam

212 2054 574 2135 impressis,
596 2072 801 2116 manu
822 2052 1100 2114 alicuius
1124 2050 1186 2113 N
1193 2051 1386 2114 otarii
1409 2053 1661 2134 publici
1683 2054 2095 2137 subscriptiS,
2119 2070 2186 2123 et
2213 2064 2266 2124 si
2270 2064 2434 2144 gillo

210 2177 541 2240 personae
603 2156 670 2219 in
733 2156 1189 2224 ecclesiastica
1252 2155 1585 2237 dignitate
1654 2159 2061 2223 constitutae
2138 2168 2430 2244 munitiS,

213 2263 453 2325 eadem
515 2281 787 2342 prorsus
848 2260 1250 2324 adhibeatur
1312 2260 1496 2336 fides,
1550 2282 1723 2342 quae
1784 2263 2215 2332 adhiberetur
2270 2272 2430 2352 ipsis

201 2367 690 2447 praesentibuS,
719 2365 775 2426 si
810 2363 1030 2428 forent
1062 2366 1409 2429 exhibitae
1441 2366 1544 2428 vel
1580 2383 1908 2432 ostensae,

294 2471 556 2534 Datum
612 2471 874 2534 Romae
927 2472 1108 2551 apud
1167 2469 1235 2536 S.
1287 2471 1557 2534 Petrum
1616 2473 1744 2535 sub
1803 2474 2008 2538 anulo
2070 2476 2426 2544 Piscatoris

201 2579 314 2647 die
345 2593 487 2645 vl11
521 2579 689 2647 Maii
723 2591 1139 2658 MDCCCXCV,
1190 2577 1631 2643 Pontificatus
1662 2577 1899 2642 Nostri
1936 2599 2117 2645 anno
2162 2583 2426 2652 decimo

199 2701 460 2755 Octavo.

1136 2774 1210 2840 C.
1258 2773 1488 2839 CARI).
1539 2773 1674 2836 DE
1722 2772 2249 2843 RVGGIERO.

2566 512 2735 612 ΜΞΝ,

2584 624 2723 684 1195,
