3117 4859
317 361 368 410 DE
395 362 444 412 RE
470 361 686 412 CATHOLICA
714 362 753 410 ΙΝ
784 359 965 412 Attamen.
1148 357 1195 426 23

83 515 225 588 propter
240 505 518 568 consuetudinem
536 523 703 585 usumque
727 503 968 568 catholicorum
986 521 1063 564 cum
1079 501 1198 565 alienis
1293 515 1310 562 e

82 608 255 674 catholico
270 608 429 671 nomine:
444 627 532 690 quae
547 619 637 671 certe
646 627 765 672 caussa
777 616 829 670 est
841 607 1061 690 quamobrem
1074 607 1197 670 nostris
1266 576 1339 690 1¹39}

83 730 220 776 summa
236 712 339 774 animi
367 712 560 793 provisione
585 712 846 793 constantiaque
867 709 1028 792 singulari
1043 709 1087 772 sit
1103 730 1197 794 opus.
1223 742 1325 806 mm„-
1338 759 1377 792 ca-

85 814 224 878 Erudiri
240 835 298 878 eos
309 835 445 887 necesse
457 824 517 890 est,
527 815 712 891 admoneri,
724 813 915 878 confirmari
926 814 1050 890 animo,
1065 813 1196 876 incitari
1223 808 1323 886 ‘'wlf“’f

83 920 130 982 ad
158 919 271 982 studia
294 920 466 996 virtutum,
493 919 535 982 ad
564 917 674 981 officia
699 939 779 1000 erga
808 918 1006 992 Ecclesiam,
1030 917 1063 979 in
1091 919 1195 980 tantis
1221 874 1354 1003 1σῖΙῇΙῆ

81 1021 310 1086 offensionum
326 1023 462 1100 caussis,
481 1021 624 1085 fideliter
639 1023 815 1086 servanda.
832 1022 905 1086 Ista
919 1021 1056 1103 quidem
1080 1040 1195 1084 curare
1220 1019 1276 1053 Μ·

80 1137 189 1210 atque
203 1127 236 1189 in
254 1127 326 1189 istis
342 1125 524 1205 elaborare,
536 1147 658 1190 munus
671 1137 722 1191 est
739 1125 828 1191 Cleri
848 1128 1020 1208 proprium
1039 1125 1196 1208 idemque

81 1250 332 1314 permagnum:
358 1231 417 1294 sed
444 1241 557 1294 tamen
584 1251 604 1294 a
630 1231 850 1313 scriptoribus
877 1231 1132 1313 ephemeridum
1162 1243 1195 1294 et

81 1337 178 1400 locus
194 1343 227 1396 et
243 1343 378 1416 tempus
397 1335 555 1418 postulat,
572 1337 662 1399 idem
679 1346 717 1400 ut
733 1336 797 1418 ipsi
813 1345 986 1413 conentur,
1009 1335 1196 1417 eademque

85 1459 150 1524 pro
164 1458 291 1516 caussa,
305 1441 418 1521 quoad
436 1451 587 1523 possunt,
602 1440 820 1503 contendant.
844 1437 940 1503 Serio
956 1451 1070 1503 tamen
1087 1440 1194 1502 consi·
1265 1473 1373 1536 Smpta

82 1545 215 1618 derent,
231 1543 397 1606 scribendi
413 1563 561 1626 operam,
576 1545 603 1606 si
621 1545 732 1608 minus
743 1543 947 1620 obfuturam,
970 1562 1089 1625 parum
1105 1555 1196 1608 certe
1222 1553 1262 1586 ’θ’
1273 1539 1333 1651 Νέ,

83 1643 239 1727 religioni
256 1645 474 1728 profuturam,
500 1645 677 1712 deficiente
693 1648 883 1711 animorum
899 1647 989 1709 idem
1006 1647 1194 1728 petentium
1220 1618 1375 1718 mrum

86 1751 278 1814 concordia.
303 1748 370 1833 Qui
397 1749 569 1814 Ecclesiae
595 1752 718 1814 servire
743 1750 880 1824 utiliter,
905 1750 963 1832 qui
990 1750 1194 1815 catholicum

55 1873 211 1941 ‘nomen
237 1873 281 1918 ex
307 1855 422 1918 animo
446 1855 531 1917 tueri
559 1855 738 1920 scribendo
762 1865 941 1938 expetunt,
965 1874 1195 1919 summocon-

82 1981 195 2034 sensu‚
213 1981 252 2024 ac
268 1981 372 2042 prope
389 1960 570 2023 contractis
586 1960 692 2042 copiis
704 1968 839 2042 oportet
850 1959 1011 2022 dimicare
1024 1983 1031 2022 :
1046 1971 1084 2024 ut
1096 1960 1195 2042 plane

84 2085 153 2130 non
171 2075 240 2127 tam
258 2063 427 2146 repellere,
441 2083 544 2146 quarn
561 2063 682 2128 inferre
697 2065 833 2144 bellum,
848 2068 875 2129 si
897 2068 954 2149 qui
969 2067 1055 2130 vires
1070 2066 1194 2131 discor·

83 2172 143 2235 dia
157 2169 332 2250 dissipant,
347 2168 533 2232 videantur.
555 2205 599 2217 -
625 2170 704 2232 Non
731 2170 876 2234 absimili
903 2172 1033 2234 ratione
1057 2191 1194 2253 operam
1220 2186 1357 2249 crapaco-

83 2293 182 2338 suam
200 2294 244 2336 ex
262 2271 420 2356 frugifera
435 2282 469 2336 et
485 2271 656 2338 fructuosa
671 2275 705 2337 in
721 2274 878 2338 vitiosam
896 2275 1196 2357 calamitosamque
1218 2259 1364 2367 fiam„

85 2378 266 2460 scriptores
283 2385 493 2455 convertunt,
507 2375 786 2458 quotiescumque
802 2373 943 2438 consilia
965 2375 1018 2437 vel
1035 2384 1112 2438 acta
1127 2376 1195 2458 epi·
1221 2384 1356 2459 obseroare,

85 2500 269 2564 scoporum
297 2480 340 2542 ad
365 2499 462 2543 suum
491 2498 646 2543 revocare
669 2477 830 2542 iudicium
855 2478 976 2557 ausint,
998 2480 1198 2566 abiectaque
1222 2457 1352 2563 wa?

85 2586 291 2652 verecundia
306 2586 430 2662 debita,
444 2603 590 2666 carpere,
605 2581 873 2664 reprehendere:
888 2604 933 2646 ex
949 2604 1018 2666 quo
1044 2604 1112 2647 non
1129 2605 1198 2649 cer·
1221 2581 1329 2643 prosint.

85 2700 174 2756 nunt
188 2703 316 2773 quanta
329 2687 537 2771 perturbatio
549 2686 685 2762 ordinis,
701 2695 785 2769 quot
801 2686 1092 2769 malagignantur.
1105 2688 1198 2771 Ergo

86 2795 305 2861 meminerint
322 2791 435 2870 officii,
450 2811 489 2856 ac
506 2792 611 2854 iustos
629 2792 817 2854 modestiae
833 2789 916 2855 fines
938 2810 982 2854 ne
996 2793 1196 2858 transiliant.

88 2902 129 2966 ln
157 2898 295 2962 excelso
319 2897 531 2960 auctoritatis
554 2897 660 2976 gradu
688 2893 862 2958 collocatis
892 2896 1195 2977 obtemperandum
1283 2879 1288 2886 ¹

86 2998 268 3081 Episcopis
285 3007 346 3075 est,
361 3007 396 3061 et
410 2998 615 3060 conveniens
639 3007 955 3080 consentaneosque
971 2999 1198 3082 magnitudini

85 3125 127 3168 ac
143 3103 316 3166 sanctitati
334 3101 481 3166 muneris
496 3099 673 3162 habendus
689 3100 806 3163 honos.
825 3102 932 3166 Istam
949 3123 1029 3165 vero
1047 3123 1197 3166 reveren·
1306 3119 1314 3135 ·

83 3209 180 3284 tiam,
195 3211 212 3239 “
228 3227 329 3290 quam
346 3204 615 3288 praetermittere
628 3203 704 3266 licet
722 3205 857 3282 nemini,
870 3206 1020 3269 maxime
1032 3208 1065 3268 in
1082 3205 1197 3269 catho-

83 3311 193 3375 “licis
220 3309 473 3395 ephemeridum
500 3308 693 3371 auctoribus
716 3306 923 3372 luculentam
949 3329 1022 3372 esse
1048 3321 1082 3372 et
1108 3310 1199 3372 velut

84 3421 103 3452 “
120 3414 315 3497 expositam
332 3413 376 3478 ad
392 3413 588 3496 exemplum
607 3431 744 3474 necesse
767 3423 830 3476 est.
848 3413 1092 3496 Ephemerides
1108 3415 1198 3476 enim

83 3527 102 3558 ‘⁴
120 3522 165 3584 ad
183 3519 283 3601 longe
299 3516 434 3599 lateque
457 3517 710 3599 pervagandum
737 3529 847 3594 natae,
871 3517 904 3579 in
931 3517 1022 3580 obvii
1038 3517 1201 3599 cuiusque

83 3633 102 3663 ‘¹
120 3643 243 3690 manus
268 3622 421 3706 quotidie
447 3622 597 3698 veniunt,
622 3631 656 3684 et
681 3621 714 3683 in
738 3621 956 3705 opinionibus
984 3621 1201 3704 moribusque

84 3736 103 3766 ⁸⁸
123 3727 351 3795 multitudinis
367 3746 434 3790 non
451 3745 570 3807 parum
587 3735 729 3807 possunt
746 3725 800 3807 (Ι).
815 3724 832 3750 ”
854 3725 964 3789 Multa
981 3725 1096 3788 multis
1120 3726 1202 3789 locis

86 3831 301 3914 Nosmetipsi
317 3833 361 3894 de
376 3829 489 3894 officio
512 3829 684 3911 scriptoris
708 3828 790 3892 boni
816 3831 1070 3913 praecepimus:
1094 3830 1201 3894 multa

86 3943 170 4005 item
188 3947 222 4001 et
242 3958 263 4001 a
284 3927 437 4002 Concilio
460 3935 698 3999 Baltimorensi
726 3935 792 4012 ΙΙΙ,
816 3944 850 3997 et
865 3935 909 3998 ab
925 3935 1200 4017 Archiepiscopis

87 4043 149 4129 qui
181 4041 372 4124 Chigagum
386 4059 477 4104 anno
494 4053 769 4104 MDCCCLXXXIH
792 4048 1029 4115 convenerant,
1050 4041 1094 4102 de
1108 4058 1199 4101 com·

88 4149 190 4213 muni
208 4147 376 4210 sententia
387 4153 466 4208 sunt
478 4155 647 4208 renovata.
661 4142 868 4207 Huiusmodi
878 4142 981 4223 igitur
994 4144 1199 4206 documenta

122 4317 143 4350 1.
157 4303 202 4361 Ep.
219 4303 320 4360 cognita
332 4302 407 4347 Nobis
416 4301 449 4345 ad
455 4299 584 4355 Arclrlepp
595 4306 619 4343 et
628 4297 693 4356 Epp.
702 4297 883 4344 Provinciarum
891 4297 1021 4342 Taurinen.
1035 4297 1197 4342 Mediolanen.

89 4370 236 4422 Venetiam,
249 4380 306 4414 xxv
318 4369 369 4416 lan.
382 4381 422 4416 an.
436 4375 633 4413 uocccnxxxrr.
