<?xml version="1.0" encoding="UTF-8"?>
<!DOCTYPE html PUBLIC "-//W3C//DTD XHTML 1.0 Transitional//EN"
    "http://www.w3.org/TR/xhtml1/DTD/xhtml1-transitional.dtd">
<html xmlns="http://www.w3.org/1999/xhtml" xml:lang="en" lang="en">
 <head>
  <title>
</title>
<meta http-equiv="Content-Type" content="text/html;charset=utf-8" />
  <meta name='ocr-system' content='tesseract 3.04.00' />
  <meta name='ocr-capabilities' content='ocr_page ocr_carea ocr_par ocr_line ocrx_word'/>
</head>
<body>
  <div class='ocr_page' id='page_1' title='image "./sanctissimidomi04xiiigoog_0186.png"; bbox 0 0 3117 4859; ppageno 0'>
   <div class='ocr_carea' id='block_1_1' title="bbox 498 520 1260 785">
    <p class='ocr_par' dir='ltr' id='par_1_1' title="bbox 498 520 1260 785">
     <span class='ocr_line' id='line_1_1' title="bbox 728 520 1051 605; baseline -0.012 0"><span class='ocrx_word' id='word_1_1' title='bbox 728 520 1051 605; x_wconf 85' lang='lat' dir='ltr'>EPISTOLA</span> 
     </span>
     <span class='ocr_line' id='line_1_2' title="bbox 498 710 1260 785; baseline -0.001 -14"><span class='ocrx_word' id='word_1_2' title='bbox 498 713 554 771; x_wconf 83' lang='lat' dir='ltr'>Ad</span> <span class='ocrx_word' id='word_1_3' title='bbox 576 712 915 785; x_wconf 77' lang='lat' dir='ltr'>archiepiscopum</span> <span class='ocrx_word' id='word_1_4' title='bbox 938 710 1260 782; x_wconf 76' lang='lat' dir='ltr'>Burdigalensem.</span> 
     </span>
    </p>
   </div>
   <div class='ocr_carea' id='block_1_2' title="bbox 144 1158 1438 1763">
    <p class='ocr_par' dir='ltr' id='par_1_2' title="bbox 144 1158 1438 1763">
     <span class='ocr_line' id='line_1_3' title="bbox 147 1158 1438 1261; baseline 0.005 -38"><span class='ocrx_word' id='word_1_5' title='bbox 147 1174 294 1261; x_wconf 51' lang='lat' dir='ltr'>mgffl</span> <span class='ocrx_word' id='word_1_6' title='bbox 510 1174 635 1226; x_wconf 78' lang='lat' dir='ltr'><strong>RATAE</strong></span> <span class='ocrx_word' id='word_1_7' title='bbox 674 1158 889 1224; x_wconf 88' lang='lat' dir='ltr'>vehementer</span> <span class='ocrx_word' id='word_1_8' title='bbox 931 1158 1040 1221; x_wconf 91' lang='lat' dir='ltr'>Nobis</span> <span class='ocrx_word' id='word_1_9' title='bbox 1072 1159 1204 1223; x_wconf 86' lang='lat' dir='ltr'>litterae</span> <span class='ocrx_word' id='word_1_10' title='bbox 1237 1164 1438 1243; x_wconf 88' lang='lat' dir='ltr'>extiterunt,</span> 
     </span>
     <span class='ocr_line' id='line_1_4' title="bbox 186 1262 1435 1429; baseline 0.01 -109"><span class='ocrx_word' id='word_1_11' title='bbox 186 1272 258 1335; x_wconf 78' lang='lat'><em>1893·</em></span> <span class='ocrx_word' id='word_1_12' title='bbox 378 1268 456 1429; x_wconf 74' lang='lat' dir='ltr'>C</span> <span class='ocrx_word' id='word_1_13' title='bbox 530 1284 614 1348; x_wconf 89' lang='lat' dir='ltr'>quas</span> <span class='ocrx_word' id='word_1_14' title='bbox 639 1265 694 1328; x_wconf 92' lang='lat' dir='ltr'>die</span> <span class='ocrx_word' id='word_1_15' title='bbox 721 1277 813 1326; x_wconf 78' lang='lat' dir='ltr'>xxvr</span> <span class='ocrx_word' id='word_1_16' title='bbox 840 1262 1019 1345; x_wconf 90' lang='lat' dir='ltr'>superioris</span> <span class='ocrx_word' id='word_1_17' title='bbox 1046 1264 1170 1326; x_wconf 80' lang='lat' dir='ltr'>mensis</span> <span class='ocrx_word' id='word_1_18' title='bbox 1196 1263 1272 1329; x_wconf 92' lang='lat' dir='ltr'>Iulii</span> <span class='ocrx_word' id='word_1_19' title='bbox 1296 1269 1340 1330; x_wconf 92' lang='lat' dir='ltr'>ad</span> <span class='ocrx_word' id='word_1_20' title='bbox 1357 1268 1435 1333; x_wconf 91' lang='lat' dir='ltr'>Nos</span> 
     </span>
     <span class='ocr_line' id='line_1_5' title="bbox 221 1158 1434 1535; baseline 0.001 -99"><span class='ocrx_word' id='word_1_21' title='bbox 221 1388 296 1439; x_wconf 76' lang='lat' dir='ltr'>Laeto</span> <span class='ocrx_word' id='word_1_22' title='bbox 320 1158 508 1535; x_wconf 47' lang='lat' dir='ltr'>iffi}</span> <span class='ocrx_word' id='word_1_23' title='bbox 530 1368 677 1444; x_wconf 89' lang='lat' dir='ltr'>dedisti;</span> <span class='ocrx_word' id='word_1_24' title='bbox 702 1386 826 1430; x_wconf 92' lang='lat' dir='ltr'>novum</span> <span class='ocrx_word' id='word_1_25' title='bbox 857 1366 948 1429; x_wconf 90' lang='lat' dir='ltr'>enim</span> <span class='ocrx_word' id='word_1_26' title='bbox 980 1366 1164 1447; x_wconf 84' lang='lat' dir='ltr'>praebuere</span> <span class='ocrx_word' id='word_1_27' title='bbox 1193 1382 1434 1450; x_wconf 81' lang='lat' dir='ltr'>argumentum</span> 
     </span>
     <span class='ocr_line' id='line_1_6' title="bbox 173 1454 1437 1583; baseline 0.007 -51"><span class='ocrx_word' id='word_1_28' title='bbox 173 1454 297 1583; x_wconf 49' lang='lat' dir='ltr'>pom}</span> <span class='ocrx_word' id='word_1_29' title='bbox 354 1460 507 1533; x_wconf 51' lang='lat' dir='ltr'>W</span> <span class='ocrx_word' id='word_1_30' title='bbox 529 1481 606 1534; x_wconf 92' lang='lat' dir='ltr'>tuae</span> <span class='ocrx_word' id='word_1_31' title='bbox 622 1490 702 1553; x_wconf 89' lang='lat' dir='ltr'>erga</span> <span class='ocrx_word' id='word_1_32' title='bbox 719 1470 792 1533; x_wconf 91' lang='lat' dir='ltr'>Nos</span> <span class='ocrx_word' id='word_1_33' title='bbox 820 1468 1011 1544; x_wconf 87' lang='lat' dir='ltr'>voluntatis,</span> <span class='ocrx_word' id='word_1_34' title='bbox 1038 1478 1072 1531; x_wconf 91' lang='lat' dir='ltr'>et</span> <span class='ocrx_word' id='word_1_35' title='bbox 1095 1468 1340 1549; x_wconf 81' lang='lat' dir='ltr'>sollicitudinis,</span> <span class='ocrx_word' id='word_1_36' title='bbox 1363 1493 1437 1555; x_wconf 82' lang='lat' dir='ltr'>qua</span> 
     </span>
     <span class='ocr_line' id='line_1_7' title="bbox 172 1572 1438 1662; baseline 0.009 -31"><span class='ocrx_word' id='word_1_37' title='bbox 172 1586 295 1662; x_wconf 58' lang='lat' dir='ltr'>nuntium</span> <span class='ocrx_word' id='word_1_38' title='bbox 320 1574 405 1637; x_wconf 87' lang='lat' dir='ltr'>duas</span> <span class='ocrx_word' id='word_1_39' title='bbox 420 1595 556 1639; x_wconf 87' lang='lat' dir='ltr'>caussas</span> <span class='ocrx_word' id='word_1_40' title='bbox 572 1574 793 1657; x_wconf 89' lang='lat' dir='ltr'>prosequeris,</span> <span class='ocrx_word' id='word_1_41' title='bbox 817 1594 903 1656; x_wconf 90' lang='lat' dir='ltr'>quae</span> <span class='ocrx_word' id='word_1_42' title='bbox 926 1572 1036 1636; x_wconf 90' lang='lat' dir='ltr'>Nobis</span> <span class='ocrx_word' id='word_1_43' title='bbox 1062 1573 1212 1637; x_wconf 88' lang='lat' dir='ltr'>maxime</span> <span class='ocrx_word' id='word_1_44' title='bbox 1235 1574 1327 1639; x_wconf 91' lang='lat' dir='ltr'>cordi</span> <span class='ocrx_word' id='word_1_45' title='bbox 1343 1588 1438 1657; x_wconf 90' lang='lat' dir='ltr'>sunt,</span> 
     </span>
     <span class='ocr_line' id='line_1_8' title="bbox 144 1656 1437 1763; baseline 0.005 -25"><span class='ocrx_word' id='word_1_46' title='bbox 144 1656 293 1763; x_wconf 47' lang='lat' dir='ltr'>“2952ssss</span> <span class='ocrx_word' id='word_1_47' title='bbox 321 1679 447 1761; x_wconf 88' lang='lat' dir='ltr'>quippe</span> <span class='ocrx_word' id='word_1_48' title='bbox 462 1679 633 1762; x_wconf 83' lang='lat' dir='ltr'>religionis</span> <span class='ocrx_word' id='word_1_49' title='bbox 649 1688 683 1742; x_wconf 92' lang='lat' dir='ltr'>et</span> <span class='ocrx_word' id='word_1_50' title='bbox 700 1677 850 1743; x_wconf 90' lang='lat' dir='ltr'>Gallicae</span> <span class='ocrx_word' id='word_1_51' title='bbox 862 1676 972 1759; x_wconf 85' lang='lat' dir='ltr'>gentis</span> <span class='ocrx_word' id='word_1_52' title='bbox 989 1675 1115 1739; x_wconf 92' lang='lat' dir='ltr'>bonum</span> <span class='ocrx_word' id='word_1_53' title='bbox 1133 1676 1324 1759; x_wconf 80' lang='lat' dir='ltr'>respiciunt</span> <span class='ocrx_word' id='word_1_54' title='bbox 1339 1678 1437 1745; x_wconf 89' lang='lat' dir='ltr'>Sane</span> 
     </span>
    </p>
   </div>
   <div class='ocr_carea' id='block_1_3' title="bbox 135 1778 1435 3423">
    <p class='ocr_par' dir='ltr' id='par_1_3' title="bbox 143 1778 1435 2277">
     <span class='ocr_line' id='line_1_9' title="bbox 163 1778 1433 1864; baseline 0.002 -21"><span class='ocrx_word' id='word_1_55' title='bbox 163 1781 295 1859; x_wconf 61' lang='lat' dir='ltr'>cordiqeqr</span> <span class='ocrx_word' id='word_1_56' title='bbox 319 1800 364 1843; x_wconf 88' lang='lat' dir='ltr'>ex</span> <span class='ocrx_word' id='word_1_57' title='bbox 391 1791 548 1846; x_wconf 88' lang='lat' dir='ltr'>accurata</span> <span class='ocrx_word' id='word_1_58' title='bbox 574 1780 801 1864; x_wconf 86' lang='lat' dir='ltr'>descriptione</span> <span class='ocrx_word' id='word_1_59' title='bbox 830 1799 898 1862; x_wconf 90' lang='lat' dir='ltr'>qua</span> <span class='ocrx_word' id='word_1_60' title='bbox 925 1788 1136 1859; x_wconf 89' lang='lat' dir='ltr'>praesentem</span> <span class='ocrx_word' id='word_1_61' title='bbox 1153 1778 1249 1842; x_wconf 92' lang='lat' dir='ltr'>istius</span> <span class='ocrx_word' id='word_1_62' title='bbox 1281 1780 1433 1863; x_wconf 82' lang='lat' dir='ltr'>regionis</span> 
     </span>
     <span class='ocr_line' id='line_1_10' title="bbox 157 1852 1435 1965; baseline -0.003 -14"><span class='ocrx_word' id='word_1_63' title='bbox 157 1852 294 1961; x_wconf 46' lang='lat' dir='ltr'>Gallim</span> <span class='ocrx_word' id='word_1_64' title='bbox 318 1895 443 1948; x_wconf 90' lang='lat' dir='ltr'>statum</span> <span class='ocrx_word' id='word_1_65' title='bbox 471 1886 578 1949; x_wconf 91' lang='lat' dir='ltr'>Nobis</span> <span class='ocrx_word' id='word_1_66' title='bbox 604 1884 799 1960; x_wconf 86' lang='lat' dir='ltr'>exhibuisti,</span> <span class='ocrx_word' id='word_1_67' title='bbox 827 1882 1030 1965; x_wconf 85' lang='lat' dir='ltr'>perlibenter</span> <span class='ocrx_word' id='word_1_68' title='bbox 1065 1882 1266 1964; x_wconf 86' lang='lat' dir='ltr'>agnovimus</span> <span class='ocrx_word' id='word_1_69' title='bbox 1293 1883 1327 1947; x_wconf 92' lang='lat' dir='ltr'>in</span> <span class='ocrx_word' id='word_1_70' title='bbox 1357 1884 1435 1947; x_wconf 91' lang='lat' dir='ltr'>dies</span> 
     </span>
     <span class='ocr_line' id='line_1_11' title="bbox 143 1978 1434 2071; baseline 0.001 -20"><span class='ocrx_word' id='word_1_71' title='bbox 143 1978 268 2027; x_wconf 55' lang='lat' dir='ltr'>&#39;‘W&#39;‘</span> <span class='ocrx_word' id='word_1_72' title='bbox 320 1992 427 2071; x_wconf 89' lang='lat' dir='ltr'>magis</span> <span class='ocrx_word' id='word_1_73' title='bbox 444 1988 646 2053; x_wconf 86' lang='lat' dir='ltr'>invalescere</span> <span class='ocrx_word' id='word_1_74' title='bbox 661 1988 772 2053; x_wconf 87' lang='lat' dir='ltr'>studia</span> <span class='ocrx_word' id='word_1_75' title='bbox 789 1986 1020 2052; x_wconf 89' lang='lat' dir='ltr'>conciliandae</span> <span class='ocrx_word' id='word_1_76' title='bbox 1044 1988 1245 2051; x_wconf 86' lang='lat' dir='ltr'>concordiae</span> <span class='ocrx_word' id='word_1_77' title='bbox 1271 1998 1305 2051; x_wconf 89' lang='lat' dir='ltr'>et</span> <span class='ocrx_word' id='word_1_78' title='bbox 1327 1990 1434 2071; x_wconf 89' lang='lat' dir='ltr'>pacis,</span> 
     </span>
     <span class='ocr_line' id='line_1_12' title="bbox 318 2090 1434 2175; baseline 0.002 -20"><span class='ocrx_word' id='word_1_79' title='bbox 318 2112 414 2175; x_wconf 93' lang='lat' dir='ltr'>quae,</span> <span class='ocrx_word' id='word_1_80' title='bbox 430 2092 518 2155; x_wconf 91' lang='lat' dir='ltr'>datis</span> <span class='ocrx_word' id='word_1_81' title='bbox 534 2093 655 2157; x_wconf 88' lang='lat' dir='ltr'>iterum</span> <span class='ocrx_word' id='word_1_82' title='bbox 672 2094 863 2173; x_wconf 88' lang='lat' dir='ltr'>iterumque</span> <span class='ocrx_word' id='word_1_83' title='bbox 878 2090 1007 2166; x_wconf 89' lang='lat' dir='ltr'>litteris,</span> <span class='ocrx_word' id='word_1_84' title='bbox 1017 2090 1163 2153; x_wconf 89' lang='lat' dir='ltr'>cordatis</span> <span class='ocrx_word' id='word_1_85' title='bbox 1179 2092 1256 2154; x_wconf 87' lang='lat' dir='ltr'>istic</span> <span class='ocrx_word' id='word_1_86' title='bbox 1272 2093 1434 2158; x_wconf 87' lang='lat' dir='ltr'>omnibus</span> 
     </span>
     <span class='ocr_line' id='line_1_13' title="bbox 318 2192 1432 2277; baseline 0 -20"><span class='ocrx_word' id='word_1_87' title='bbox 318 2194 497 2277; x_wconf 87' lang='lat' dir='ltr'>probisque</span> <span class='ocrx_word' id='word_1_88' title='bbox 528 2196 604 2259; x_wconf 92' lang='lat' dir='ltr'>viris</span> <span class='ocrx_word' id='word_1_89' title='bbox 635 2195 736 2258; x_wconf 86' lang='lat' dir='ltr'>enixe</span> <span class='ocrx_word' id='word_1_90' title='bbox 766 2192 1089 2258; x_wconf 84' lang='lat' dir='ltr'>commendavimus.</span> <span class='ocrx_word' id='word_1_91' title='bbox 1121 2192 1291 2275; x_wconf 82' lang='lat' dir='ltr'>Equidem</span> <span class='ocrx_word' id='word_1_92' title='bbox 1322 2193 1432 2258; x_wconf 81' lang='lat' dir='ltr'>felicis</span> 
     </span>
    </p>

    <p class='ocr_par' dir='ltr' id='par_1_4' title="bbox 317 2295 1430 2379">
     <span class='ocr_line' id='line_1_14' title="bbox 317 2295 1430 2379; baseline -0.001 -19"><span class='ocrx_word' id='word_1_93' title='bbox 317 2299 422 2362; x_wconf 92' lang='lat' dir='ltr'>instar</span> <span class='ocrx_word' id='word_1_94' title='bbox 449 2300 571 2362; x_wconf 90' lang='lat' dir='ltr'>ominis</span> <span class='ocrx_word' id='word_1_95' title='bbox 602 2298 685 2362; x_wconf 95' lang='lat' dir='ltr'>illud</span> <span class='ocrx_word' id='word_1_96' title='bbox 718 2299 882 2363; x_wconf 90' lang='lat' dir='ltr'>habemus</span> <span class='ocrx_word' id='word_1_97' title='bbox 912 2297 1003 2379; x_wconf 92' lang='lat' dir='ltr'>quod</span> <span class='ocrx_word' id='word_1_98' title='bbox 1036 2295 1257 2379; x_wconf 86' lang='lat' dir='ltr'>intelligimus</span> <span class='ocrx_word' id='word_1_99' title='bbox 1288 2298 1430 2361; x_wconf 89' lang='lat' dir='ltr'>rationis</span> 
     </span>
    </p>

    <p class='ocr_par' dir='ltr' id='par_1_5' title="bbox 316 2400 1429 2484">
     <span class='ocr_line' id='line_1_15' title="bbox 316 2400 1429 2484; baseline -0.002 -19"><span class='ocrx_word' id='word_1_100' title='bbox 316 2403 455 2465; x_wconf 92' lang='lat' dir='ltr'>vocibus</span> <span class='ocrx_word' id='word_1_101' title='bbox 467 2402 585 2465; x_wconf 86' lang='lat' dir='ltr'>cedere</span> <span class='ocrx_word' id='word_1_102' title='bbox 599 2400 700 2466; x_wconf 87' lang='lat' dir='ltr'>salsas</span> <span class='ocrx_word' id='word_1_103' title='bbox 712 2402 926 2484; x_wconf 87' lang='lat' dir='ltr'>opinationes</span> <span class='ocrx_word' id='word_1_104' title='bbox 939 2400 1110 2464; x_wconf 90' lang='lat' dir='ltr'>mentibus</span> <span class='ocrx_word' id='word_1_105' title='bbox 1123 2400 1247 2466; x_wconf 89' lang='lat' dir='ltr'>inditas</span> <span class='ocrx_word' id='word_1_106' title='bbox 1257 2402 1301 2465; x_wconf 91' lang='lat' dir='ltr'>de</span> <span class='ocrx_word' id='word_1_107' title='bbox 1313 2401 1429 2465; x_wconf 90' lang='lat' dir='ltr'>Eccle-</span> 
     </span>
    </p>

    <p class='ocr_par' dir='ltr' id='par_1_6' title="bbox 316 2503 1427 2693">
     <span class='ocr_line' id='line_1_16' title="bbox 316 2503 1426 2589; baseline 0.001 -21"><span class='ocrx_word' id='word_1_108' title='bbox 316 2505 374 2585; x_wconf 91' lang='lat' dir='ltr'>sia,</span> <span class='ocrx_word' id='word_1_109' title='bbox 390 2507 484 2588; x_wconf 89' lang='lat' dir='ltr'>quasi</span> <span class='ocrx_word' id='word_1_110' title='bbox 501 2506 546 2568; x_wconf 91' lang='lat' dir='ltr'>sit</span> <span class='ocrx_word' id='word_1_111' title='bbox 562 2507 672 2587; x_wconf 90' lang='lat' dir='ltr'>gentis</span> <span class='ocrx_word' id='word_1_112' title='bbox 689 2506 903 2589; x_wconf 89' lang='lat' dir='ltr'>prosperitati</span> <span class='ocrx_word' id='word_1_113' title='bbox 929 2503 1068 2582; x_wconf 87' lang='lat' dir='ltr'>infensa,</span> <span class='ocrx_word' id='word_1_114' title='bbox 1093 2504 1250 2588; x_wconf 90' lang='lat' dir='ltr'>ultroque</span> <span class='ocrx_word' id='word_1_115' title='bbox 1270 2508 1314 2569; x_wconf 90' lang='lat' dir='ltr'>ad</span> <span class='ocrx_word' id='word_1_116' title='bbox 1340 2515 1426 2569; x_wconf 91' lang='lat' dir='ltr'>tem-</span> 
     </span>
     <span class='ocr_line' id='line_1_17' title="bbox 316 2608 1427 2693; baseline -0.001 -20"><span class='ocrx_word' id='word_1_117' title='bbox 316 2610 498 2691; x_wconf 89' lang='lat' dir='ltr'>peratiores</span> <span class='ocrx_word' id='word_1_118' title='bbox 514 2628 631 2673; x_wconf 90' lang='lat' dir='ltr'>sensus</span> <span class='ocrx_word' id='word_1_119' title='bbox 647 2610 827 2693; x_wconf 89' lang='lat' dir='ltr'>aequitatis</span> <span class='ocrx_word' id='word_1_120' title='bbox 852 2608 928 2673; x_wconf 87' lang='lat' dir='ltr'>ferri</span> <span class='ocrx_word' id='word_1_121' title='bbox 955 2628 1059 2691; x_wconf 91' lang='lat' dir='ltr'>quum</span> <span class='ocrx_word' id='word_1_122' title='bbox 1085 2610 1174 2672; x_wconf 93' lang='lat' dir='ltr'>viros</span> <span class='ocrx_word' id='word_1_123' title='bbox 1197 2610 1314 2674; x_wconf 89' lang='lat' dir='ltr'>acriori</span> <span class='ocrx_word' id='word_1_124' title='bbox 1330 2629 1427 2692; x_wconf 88' lang='lat' dir='ltr'>prae·</span> 
     </span>
    </p>

    <p class='ocr_par' dir='ltr' id='par_1_7' title="bbox 316 2715 1426 2800">
     <span class='ocr_line' id='line_1_18' title="bbox 316 2715 1426 2800; baseline -0.003 -20"><span class='ocrx_word' id='word_1_125' title='bbox 316 2717 404 2780; x_wconf 93' lang='lat' dir='ltr'>ditos</span> <span class='ocrx_word' id='word_1_126' title='bbox 420 2716 566 2799; x_wconf 88' lang='lat' dir='ltr'>ingenio,</span> <span class='ocrx_word' id='word_1_127' title='bbox 582 2726 654 2781; x_wconf 93' lang='lat' dir='ltr'>tum</span> <span class='ocrx_word' id='word_1_128' title='bbox 672 2716 851 2800; x_wconf 89' lang='lat' dir='ltr'>populares</span> <span class='ocrx_word' id='word_1_129' title='bbox 867 2716 1031 2790; x_wconf 91' lang='lat' dir='ltr'>homines,</span> <span class='ocrx_word' id='word_1_130' title='bbox 1046 2716 1103 2797; x_wconf 93' lang='lat' dir='ltr'>qui</span> <span class='ocrx_word' id='word_1_131' title='bbox 1120 2715 1290 2798; x_wconf 91' lang='lat' dir='ltr'>simplices</span> <span class='ocrx_word' id='word_1_132' title='bbox 1305 2722 1426 2797; x_wconf 86' lang='lat' dir='ltr'>suapte</span> 
     </span>
    </p>

    <p class='ocr_par' dir='ltr' id='par_1_8' title="bbox 314 2818 1422 3008">
     <span class='ocr_line' id='line_1_19' title="bbox 315 2818 1421 2901; baseline -0.001 -18"><span class='ocrx_word' id='word_1_133' title='bbox 315 2829 434 2884; x_wconf 85' lang='lat' dir='ltr'>natura</span> <span class='ocrx_word' id='word_1_134' title='bbox 450 2822 492 2885; x_wconf 92' lang='lat' dir='ltr'>ad</span> <span class='ocrx_word' id='word_1_135' title='bbox 509 2830 598 2884; x_wconf 91' lang='lat' dir='ltr'>recte</span> <span class='ocrx_word' id='word_1_136' title='bbox 615 2822 830 2886; x_wconf 89' lang='lat' dir='ltr'>sentiendum</span> <span class='ocrx_word' id='word_1_137' title='bbox 847 2819 1007 2884; x_wconf 83' lang='lat' dir='ltr'>seruntur.</span> <span class='ocrx_word' id='word_1_138' title='bbox 1020 2820 1060 2882; x_wconf 90' lang='lat' dir='ltr'>Id</span> <span class='ocrx_word' id='word_1_139' title='bbox 1073 2818 1197 2883; x_wconf 91' lang='lat' dir='ltr'>laetam</span> <span class='ocrx_word' id='word_1_140' title='bbox 1208 2819 1316 2883; x_wconf 89' lang='lat' dir='ltr'>Nobis</span> <span class='ocrx_word' id='word_1_141' title='bbox 1328 2838 1421 2901; x_wconf 91' lang='lat' dir='ltr'>spem</span> 
     </span>
     <span class='ocr_line' id='line_1_20' title="bbox 314 2923 1422 3008; baseline 0 -21"><span class='ocrx_word' id='word_1_142' title='bbox 314 2924 471 3003; x_wconf 91' lang='lat' dir='ltr'>ostendit,</span> <span class='ocrx_word' id='word_1_143' title='bbox 496 2923 579 2989; x_wconf 81' lang='lat' dir='ltr'>felix</span> <span class='ocrx_word' id='word_1_144' title='bbox 606 2926 688 2989; x_wconf 92' lang='lat' dir='ltr'>illud</span> <span class='ocrx_word' id='word_1_145' title='bbox 713 2935 816 3008; x_wconf 91' lang='lat' dir='ltr'>atque</span> <span class='ocrx_word' id='word_1_146' title='bbox 840 2924 1090 3008; x_wconf 85' lang='lat' dir='ltr'>optatissimum</span> <span class='ocrx_word' id='word_1_147' title='bbox 1115 2934 1250 3006; x_wconf 89' lang='lat' dir='ltr'>tempus</span> <span class='ocrx_word' id='word_1_148' title='bbox 1265 2934 1422 3007; x_wconf 86' lang='lat' dir='ltr'>appetere</span> 
     </span>
    </p>

    <p class='ocr_par' dir='ltr' id='par_1_9' title="bbox 312 3028 1420 3113">
     <span class='ocr_line' id='line_1_21' title="bbox 312 3028 1420 3113; baseline -0.001 -22"><span class='ocrx_word' id='word_1_149' title='bbox 312 3028 440 3093; x_wconf 91' lang='lat' dir='ltr'>solidae</span> <span class='ocrx_word' id='word_1_150' title='bbox 456 3030 557 3112; x_wconf 76' lang='lat' dir='ltr'>paciS,</span> <span class='ocrx_word' id='word_1_151' title='bbox 574 3049 642 3113; x_wconf 93' lang='lat' dir='ltr'>quo</span> <span class='ocrx_word' id='word_1_152' title='bbox 657 3051 741 3113; x_wconf 87' lang='lat' dir='ltr'>gens</span> <span class='ocrx_word' id='word_1_153' title='bbox 766 3029 899 3094; x_wconf 89' lang='lat' dir='ltr'>Gallica</span> <span class='ocrx_word' id='word_1_154' title='bbox 915 3028 1021 3111; x_wconf 90' lang='lat' dir='ltr'>possit</span> <span class='ocrx_word' id='word_1_155' title='bbox 1044 3029 1213 3109; x_wconf 91' lang='lat' dir='ltr'>dispersas</span> <span class='ocrx_word' id='word_1_156' title='bbox 1229 3029 1314 3092; x_wconf 84' lang='lat' dir='ltr'>vires</span> <span class='ocrx_word' id='word_1_157' title='bbox 1330 3028 1420 3092; x_wconf 89' lang='lat' dir='ltr'>colli·</span> 
     </span>
    </p>

    <p class='ocr_par' dir='ltr' id='par_1_10' title="bbox 311 3130 1420 3216">
     <span class='ocr_line' id='line_1_22' title="bbox 311 3130 1420 3216; baseline -0.002 -19"><span class='ocrx_word' id='word_1_158' title='bbox 311 3154 399 3215; x_wconf 90' lang='lat' dir='ltr'>gere,</span> <span class='ocrx_word' id='word_1_159' title='bbox 425 3153 548 3216; x_wconf 91' lang='lat' dir='ltr'>easque</span> <span class='ocrx_word' id='word_1_160' title='bbox 574 3135 617 3199; x_wconf 92' lang='lat' dir='ltr'>ad</span> <span class='ocrx_word' id='word_1_161' title='bbox 645 3153 825 3198; x_wconf 91' lang='lat' dir='ltr'>commune</span> <span class='ocrx_word' id='word_1_162' title='bbox 857 3131 983 3194; x_wconf 91' lang='lat' dir='ltr'>bonum</span> <span class='ocrx_word' id='word_1_163' title='bbox 1010 3130 1208 3194; x_wconf 91' lang='lat' dir='ltr'>coniunctas</span> <span class='ocrx_word' id='word_1_164' title='bbox 1238 3130 1420 3196; x_wconf 88' lang='lat' dir='ltr'>intendere.</span> 
     </span>
    </p>

    <p class='ocr_par' dir='ltr' id='par_1_11' title="bbox 135 3232 1418 3423">
     <span class='ocr_line' id='line_1_23' title="bbox 213 3232 1418 3312; baseline -0.004 -13"><span class='ocrx_word' id='word_1_165' title='bbox 213 3250 284 3299; x_wconf 68' lang='lat' dir='ltr'>Vele-</span> <span class='ocrx_word' id='word_1_166' title='bbox 311 3237 438 3300; x_wconf 91' lang='lat' dir='ltr'>Verum</span> <span class='ocrx_word' id='word_1_167' title='bbox 455 3238 517 3300; x_wconf 90' lang='lat' dir='ltr'>etsi</span> <span class='ocrx_word' id='word_1_168' title='bbox 535 3238 654 3301; x_wconf 91' lang='lat' dir='ltr'>merito</span> <span class='ocrx_word' id='word_1_169' title='bbox 665 3257 709 3300; x_wconf 85' lang='lat' dir='ltr'>ex</span> <span class='ocrx_word' id='word_1_170' title='bbox 720 3236 811 3299; x_wconf 91' lang='lat' dir='ltr'>hisce</span> <span class='ocrx_word' id='word_1_171' title='bbox 824 3235 969 3298; x_wconf 89' lang='lat' dir='ltr'>iucunde</span> <span class='ocrx_word' id='word_1_172' title='bbox 979 3232 1174 3312; x_wconf 89' lang='lat' dir='ltr'>afficiamur,</span> <span class='ocrx_word' id='word_1_173' title='bbox 1186 3232 1294 3297; x_wconf 86' lang='lat' dir='ltr'>lacere</span> <span class='ocrx_word' id='word_1_174' title='bbox 1305 3243 1418 3297; x_wconf 89' lang='lat' dir='ltr'>tamen</span> 
     </span>
     <span class='ocr_line' id='line_1_24' title="bbox 135 3322 1417 3423; baseline -0.005 -19"><span class='ocrx_word' id='word_1_175' title='bbox 135 3322 230 3363; x_wconf 76' lang='lat' dir='ltr'>menter</span> <span class='ocrx_word' id='word_1_176' title='bbox 237 3332 276 3365; x_wconf 52' lang='grc' dir='ltr'>’θ’</span> <span class='ocrx_word' id='word_1_177' title='bbox 310 3361 377 3404; x_wconf 93' lang='lat' dir='ltr'>non</span> <span class='ocrx_word' id='word_1_178' title='bbox 394 3361 584 3423; x_wconf 89' lang='lat' dir='ltr'>possumus,</span> <span class='ocrx_word' id='word_1_179' title='bbox 594 3342 675 3423; x_wconf 93' lang='lat' dir='ltr'>quin</span> <span class='ocrx_word' id='word_1_180' title='bbox 687 3360 788 3422; x_wconf 89' lang='lat' dir='ltr'>aegre</span> <span class='ocrx_word' id='word_1_181' title='bbox 804 3339 952 3402; x_wconf 82' lang='lat' dir='ltr'>ieramus</span> <span class='ocrx_word' id='word_1_182' title='bbox 961 3338 1175 3421; x_wconf 88' lang='lat' dir='ltr'>graviterque</span> <span class='ocrx_word' id='word_1_183' title='bbox 1190 3337 1417 3419; x_wconf 91' lang='lat' dir='ltr'>improbemus</span> 
     </span>
    </p>
   </div>
   <div class='ocr_carea' id='block_1_4' title="bbox 153 3382 283 3445">
    <p class='ocr_par' dir='ltr' id='par_1_12' title="bbox 153 3382 283 3445">
     <span class='ocr_line' id='line_1_25' title="bbox 153 3382 283 3445; baseline 0.031 -18"><span class='ocrx_word' id='word_1_184' title='bbox 153 3382 283 3445; x_wconf 78' lang='lat' dir='ltr'>reprehen-</span> 
     </span>
    </p>
   </div>
   <div class='ocr_carea' id='block_1_5' title="bbox 187 3440 1418 3525">
    <p class='ocr_par' dir='ltr' id='par_1_13' title="bbox 187 3440 1418 3525">
     <span class='ocr_line' id='line_1_26' title="bbox 187 3440 1418 3525; baseline 0 -22"><span class='ocrx_word' id='word_1_185' title='bbox 187 3447 227 3495; x_wconf 79' lang='lat' dir='ltr'>dit</span> <span class='ocrx_word' id='word_1_186' title='bbox 255 3448 286 3496; x_wconf 80' lang='lat' dir='ltr'>ui</span> <span class='ocrx_word' id='word_1_187' title='bbox 309 3444 535 3523; x_wconf 87' lang='lat' dir='ltr'>quorumdam</span> <span class='ocrx_word' id='word_1_188' title='bbox 551 3462 681 3519; x_wconf 93' lang='lat' dir='ltr'>ausum,</span> <span class='ocrx_word' id='word_1_189' title='bbox 697 3443 754 3525; x_wconf 92' lang='lat' dir='ltr'>qui</span> <span class='ocrx_word' id='word_1_190' title='bbox 771 3440 977 3505; x_wconf 86' lang='lat' dir='ltr'>catholicum</span> <span class='ocrx_word' id='word_1_191' title='bbox 1005 3459 1128 3503; x_wconf 91' lang='lat' dir='ltr'>nomen</span> <span class='ocrx_word' id='word_1_192' title='bbox 1157 3440 1418 3523; x_wconf 81' lang='lat' dir='ltr'>praeseferentes</span> 
     </span>
    </p>
   </div>
   <div class='ocr_carea' id='block_1_6' title="bbox 143 3527 1418 3641">
    <p class='ocr_par' dir='ltr' id='par_1_14' title="bbox 143 3527 1418 3641">
     <span class='ocr_line' id='line_1_27' title="bbox 143 3527 1418 3641; baseline 0 -31"><span class='ocrx_word' id='word_1_193' title='bbox 143 3527 283 3641; x_wconf 48' lang='lat' dir='ltr'>ww</span> <span class='ocrx_word' id='word_1_194' title='bbox 309 3558 342 3612; x_wconf 90' lang='lat' dir='ltr'>et</span> <span class='ocrx_word' id='word_1_195' title='bbox 358 3569 506 3614; x_wconf 91' lang='lat' dir='ltr'>amorem</span> <span class='ocrx_word' id='word_1_196' title='bbox 535 3550 645 3613; x_wconf 91' lang='lat' dir='ltr'>avitae</span> <span class='ocrx_word' id='word_1_197' title='bbox 661 3550 845 3631; x_wconf 85' lang='lat' dir='ltr'>religionis,</span> <span class='ocrx_word' id='word_1_198' title='bbox 870 3548 918 3611; x_wconf 90' lang='lat' dir='ltr'>ita</span> <span class='ocrx_word' id='word_1_199' title='bbox 942 3568 978 3611; x_wconf 90' lang='lat' dir='ltr'>se</span> <span class='ocrx_word' id='word_1_200' title='bbox 999 3548 1147 3629; x_wconf 88' lang='lat' dir='ltr'>partium</span> <span class='ocrx_word' id='word_1_201' title='bbox 1174 3549 1296 3612; x_wconf 91' lang='lat' dir='ltr'>studiis</span> <span class='ocrx_word' id='word_1_202' title='bbox 1311 3546 1418 3629; x_wconf 89' lang='lat' dir='ltr'>abripi</span> 
     </span>
    </p>
   </div>
   <div class='ocr_carea' id='block_1_7' title="bbox 132 3642 1418 4357">
    <p class='ocr_par' dir='ltr' id='par_1_15' title="bbox 132 3642 1418 4357">
     <span class='ocr_line' id='line_1_28' title="bbox 148 3642 1416 3757; baseline -0.003 -42"><span class='ocrx_word' id='word_1_203' title='bbox 148 3642 282 3757; x_wconf 47' lang='lat' dir='ltr'>‘&#39;27:2⁸ss</span> <span class='ocrx_word' id='word_1_204' title='bbox 308 3653 430 3729; x_wconf 90' lang='lat' dir='ltr'>sinunt,</span> <span class='ocrx_word' id='word_1_205' title='bbox 455 3662 501 3730; x_wconf 87' lang='lat' dir='ltr'>ut,</span> <span class='ocrx_word' id='word_1_206' title='bbox 528 3653 725 3735; x_wconf 91' lang='lat' dir='ltr'>procacibus</span> <span class='ocrx_word' id='word_1_207' title='bbox 750 3652 886 3734; x_wconf 89' lang='lat' dir='ltr'>scriptis</span> <span class='ocrx_word' id='word_1_208' title='bbox 912 3652 943 3715; x_wconf 93' lang='lat' dir='ltr'>in</span> <span class='ocrx_word' id='word_1_209' title='bbox 973 3651 1095 3733; x_wconf 91' lang='lat' dir='ltr'>vulgus</span> <span class='ocrx_word' id='word_1_210' title='bbox 1120 3650 1231 3729; x_wconf 89' lang='lat' dir='ltr'>editis,</span> <span class='ocrx_word' id='word_1_211' title='bbox 1255 3650 1416 3714; x_wconf 89' lang='lat' dir='ltr'>violenter</span> 
     </span>
     <span class='ocr_line' id='line_1_29' title="bbox 132 3752 1417 3840; baseline -0.005 -19"><span class='ocrx_word' id='word_1_212' title='bbox 132 3772 256 3835; x_wconf 70' lang='lat' dir='ltr'>infimus.</span> <span class='ocrx_word' id='word_1_213' title='bbox 308 3757 455 3819; x_wconf 90' lang='lat' dir='ltr'>audeant</span> <span class='ocrx_word' id='word_1_214' title='bbox 470 3758 559 3820; x_wconf 90' lang='lat' dir='ltr'>viros</span> <span class='ocrx_word' id='word_1_215' title='bbox 576 3758 739 3839; x_wconf 90' lang='lat' dir='ltr'>impetere</span> <span class='ocrx_word' id='word_1_216' title='bbox 755 3757 812 3840; x_wconf 92' lang='lat' dir='ltr'>qui</span> <span class='ocrx_word' id='word_1_217' title='bbox 831 3756 1017 3838; x_wconf 89' lang='lat' dir='ltr'>praecelsas</span> <span class='ocrx_word' id='word_1_218' title='bbox 1033 3755 1240 3821; x_wconf 90' lang='lat' dir='ltr'>obtinentin</span> <span class='ocrx_word' id='word_1_219' title='bbox 1266 3752 1417 3818; x_wconf 88' lang='lat' dir='ltr'>Ecclesia</span> 
     </span>
     <span class='ocr_line' id='line_1_30' title="bbox 309 3858 1417 3943; baseline -0.003 -22"><span class='ocrx_word' id='word_1_220' title='bbox 309 3858 373 3921; x_wconf 92' lang='lat' dir='ltr'>Dei</span> <span class='ocrx_word' id='word_1_221' title='bbox 390 3860 583 3941; x_wconf 89' lang='lat' dir='ltr'>dignitates,</span> <span class='ocrx_word' id='word_1_222' title='bbox 598 3881 658 3924; x_wconf 90' lang='lat' dir='ltr'>nec</span> <span class='ocrx_word' id='word_1_223' title='bbox 674 3862 786 3943; x_wconf 89' lang='lat' dir='ltr'>ipsum</span> <span class='ocrx_word' id='word_1_224' title='bbox 804 3879 999 3943; x_wconf 90' lang='lat' dir='ltr'>supremum</span> <span class='ocrx_word' id='word_1_225' title='bbox 1024 3858 1225 3922; x_wconf 86' lang='lat' dir='ltr'>Antistitem</span> <span class='ocrx_word' id='word_1_226' title='bbox 1241 3867 1417 3941; x_wconf 87' lang='lat' dir='ltr'>expertem</span> 
     </span>
     <span class='ocr_line' id='line_1_31' title="bbox 309 3961 1418 4044; baseline 0.001 -20"><span class='ocrx_word' id='word_1_227' title='bbox 309 3962 433 4027; x_wconf 85' lang='lat' dir='ltr'>saciant</span> <span class='ocrx_word' id='word_1_228' title='bbox 459 3964 618 4028; x_wconf 90' lang='lat' dir='ltr'>conviciis</span> <span class='ocrx_word' id='word_1_229' title='bbox 647 3965 725 4031; x_wconf 90' lang='lat' dir='ltr'>suis.</span> <span class='ocrx_word' id='word_1_230' title='bbox 754 3965 829 4028; x_wconf 93' lang='lat' dir='ltr'>lmo</span> <span class='ocrx_word' id='word_1_231' title='bbox 856 3965 919 4028; x_wconf 92' lang='lat' dir='ltr'>etsi</span> <span class='ocrx_word' id='word_1_232' title='bbox 947 3962 987 4025; x_wconf 91' lang='lat' dir='ltr'>iis</span> <span class='ocrx_word' id='word_1_233' title='bbox 1015 3963 1120 4043; x_wconf 89' lang='lat' dir='ltr'>probe</span> <span class='ocrx_word' id='word_1_234' title='bbox 1145 3980 1288 4044; x_wconf 90' lang='lat' dir='ltr'>gnarum</span> <span class='ocrx_word' id='word_1_235' title='bbox 1312 3961 1366 4038; x_wconf 91' lang='lat' dir='ltr'>sit,</span> <span class='ocrx_word' id='word_1_236' title='bbox 1381 3981 1418 4025; x_wconf 89' lang='lat' dir='ltr'>se</span> 
     </span>
     <span class='ocr_line' id='line_1_32' title="bbox 307 4066 1414 4153; baseline -0.002 -22"><span class='ocrx_word' id='word_1_237' title='bbox 307 4069 388 4131; x_wconf 92' lang='lat' dir='ltr'>nihil</span> <span class='ocrx_word' id='word_1_238' title='bbox 405 4068 470 4131; x_wconf 94' lang='lat' dir='ltr'>hoc</span> <span class='ocrx_word' id='word_1_239' title='bbox 486 4071 621 4133; x_wconf 91' lang='lat' dir='ltr'>tramite</span> <span class='ocrx_word' id='word_1_240' title='bbox 638 4072 781 4153; x_wconf 88' lang='lat' dir='ltr'>assequi,</span> <span class='ocrx_word' id='word_1_241' title='bbox 797 4091 865 4153; x_wconf 92' lang='lat' dir='ltr'>quo</span> <span class='ocrx_word' id='word_1_242' title='bbox 891 4068 1000 4150; x_wconf 90' lang='lat' dir='ltr'>magis</span> <span class='ocrx_word' id='word_1_243' title='bbox 1020 4087 1140 4131; x_wconf 91' lang='lat' dir='ltr'>caussa</span> <span class='ocrx_word' id='word_1_244' title='bbox 1151 4066 1298 4150; x_wconf 90' lang='lat' dir='ltr'>politica,</span> <span class='ocrx_word' id='word_1_245' title='bbox 1313 4086 1414 4148; x_wconf 89' lang='lat' dir='ltr'>quam</span> 
     </span>
     <span class='ocr_line' id='line_1_33' title="bbox 307 4169 1414 4254; baseline -0.001 -21"><span class='ocrx_word' id='word_1_246' title='bbox 307 4179 450 4248; x_wconf 87' lang='lat' dir='ltr'>tuentur,</span> <span class='ocrx_word' id='word_1_247' title='bbox 466 4171 629 4254; x_wconf 88' lang='lat' dir='ltr'>proficiat,</span> <span class='ocrx_word' id='word_1_248' title='bbox 644 4172 708 4235; x_wconf 93' lang='lat' dir='ltr'>hoc</span> <span class='ocrx_word' id='word_1_249' title='bbox 725 4182 839 4239; x_wconf 87' lang='lat' dir='ltr'>tamen</span> <span class='ocrx_word' id='word_1_250' title='bbox 867 4191 934 4235; x_wconf 92' lang='lat' dir='ltr'>uno</span> <span class='ocrx_word' id='word_1_251' title='bbox 958 4171 1107 4253; x_wconf 86' lang='lat' dir='ltr'>gaudere</span> <span class='ocrx_word' id='word_1_252' title='bbox 1127 4171 1282 4235; x_wconf 78' lang='lat' dir='ltr'>videntur</span> <span class='ocrx_word' id='word_1_253' title='bbox 1305 4169 1414 4233; x_wconf 77' lang='lat' dir='ltr'>fructu</span> 
     </span>
     <span class='ocr_line' id='line_1_34' title="bbox 306 4259 1415 4357; baseline 0 -22"><span class='ocrx_word' id='word_1_254' title='bbox 306 4273 430 4338; x_wconf 91' lang='lat' dir='ltr'>laboris</span> <span class='ocrx_word' id='word_1_255' title='bbox 444 4278 504 4354; x_wconf 89' lang='lat' dir='ltr'>sui,</span> <span class='ocrx_word' id='word_1_256' title='bbox 518 4278 610 4357; x_wconf 91' lang='lat' dir='ltr'>quod</span> <span class='ocrx_word' id='word_1_257' title='bbox 627 4275 805 4340; x_wconf 86' lang='lat' dir='ltr'>conatibus</span> <span class='ocrx_word' id='word_1_258' title='bbox 835 4276 969 4340; x_wconf 92' lang='lat' dir='ltr'>Nostris</span> <span class='ocrx_word' id='word_1_259' title='bbox 992 4294 1120 4338; x_wconf 90' lang='lat' dir='ltr'>moram</span> <span class='ocrx_word' id='word_1_260' title='bbox 1148 4259 1251 4357; x_wconf 83' lang='lat' dir='ltr'>atque</span> <span class='ocrx_word' id='word_1_261' title='bbox 1271 4271 1415 4356; x_wconf 89' lang='lat' dir='ltr'>impedi·</span> 
     </span>
    </p>
   </div>
   <div class='ocr_carea' id='block_1_8' title="bbox 308 4376 1416 4463">
    <p class='ocr_par' dir='ltr' id='par_1_16' title="bbox 308 4376 1416 4463">
     <span class='ocr_line' id='line_1_35' title="bbox 308 4376 1416 4463; baseline -0.002 -22"><span class='ocrx_word' id='word_1_262' title='bbox 308 4390 421 4443; x_wconf 89' lang='lat' dir='ltr'>menta</span> <span class='ocrx_word' id='word_1_263' title='bbox 452 4379 572 4446; x_wconf 86' lang='lat' dir='ltr'>inlerre</span> <span class='ocrx_word' id='word_1_264' title='bbox 598 4381 738 4463; x_wconf 92' lang='lat' dir='ltr'>possint,</span> <span class='ocrx_word' id='word_1_265' title='bbox 769 4402 809 4445; x_wconf 92' lang='lat' dir='ltr'>ac</span> <span class='ocrx_word' id='word_1_266' title='bbox 840 4379 977 4444; x_wconf 91' lang='lat' dir='ltr'>salutari</span> <span class='ocrx_word' id='word_1_267' title='bbox 1007 4379 1170 4443; x_wconf 91' lang='lat' dir='ltr'>obsistere</span> <span class='ocrx_word' id='word_1_268' title='bbox 1200 4376 1416 4463; x_wconf 89' lang='lat' dir='ltr'>propensioni</span> 
     </span>
    </p>
   </div>
   <div class='ocr_carea' id='block_1_9' title="bbox 0 0 1564 4859">
    <p class='ocr_par' dir='ltr' id='par_1_17' title="bbox 0 0 1564 4859">
     <span class='ocr_line' id='line_1_36' title="bbox 0 0 1564 4859; baseline 0 2"><span class='ocrx_word' id='word_1_269' title='bbox 0 0 1564 4859; x_wconf 95' lang='lat' dir='ltr'> </span> 
     </span>
    </p>
   </div>
  </div>
 </body>
</html>
