3117 4859
733 569 1054 655 EPISTOLA

631 757 686 816 Ad
712 757 930 829 Hungariae
952 759 1158 834 Episcopos

404 945 468 1002 na
494 943 863 1004 saecucnnmus
887 943 1041 1004 nuncu
1066 903 1435 1048 soueuu1eus.5

195 1245 273 1331 „1251
341 1272 353 1301 «τ
389 1284 401 1300 ··
502 1256 687 1311 NSIGNES
705 1245 933 1310 Deoaeterno
947 1257 1059 1329 grates
1083 1251 1158 1312 tota
1186 1250 1449 1332 Hungariasin-

199 1342 273 1406 ¹89⁶·
342 1354 358 1439 ‘j
437 1345 443 1354 “
501 1348 519 1431 ξ’
545 1349 717 1434 gularibus
733 1369 810 1413 cum
827 1350 963 1414 laetitiis
978 1353 1129 1432 agendas
1145 1354 1215 1416 iure
1229 1373 1292 1417 vos
1316 1357 1450 1438 optimo

189 1457 314 1574 mffl
349 1448 358 1529 J.
502 1442 512 1529 ξ
545 1455 746 1521 decrevistis.
764 1454 840 1517 Deo
855 1455 990 1537 quippe,
1005 1457 1123 1519 statori
1150 1460 1448 1540 providentissimo

180 1577 310 1620 constatura
425 1588 441 1607 s
507 1598 518 1617 .-
546 1572 580 1626 et
594 1559 821 1624 conservatori
848 1577 1038 1640 regnorum,
1054 1562 1080 1623 si
1096 1580 1163 1642 qua
1178 1581 1329 1644 unquam
1347 1565 1450 1641 natio,

169 1649 311 1740 ωῗαῖῗξῖἶῖ
338 1683 447 1735 vestra
465 1667 615 1732 maxime
628 1663 747 1727 referre
759 1663 861 1726 debet
871 1663 938 1726 vim
949 1682 1108 1746 magnam
1121 1665 1371 1746 beneficiorum,
1381 1689 1448 1732 non

158 1753 312 1857 “m''{ssf'r‘j}
339 1795 447 1858 pauca
459 1775 526 1836 iam
539 1769 673 1834 saecula
684 1766 904 1850 difficilesque
919 1787 979 1849 per
994 1787 1100 1845 casus,
1116 1779 1311 1853 acceptam:
1327 1773 1451 1856 quibus

183 1873 312 1976 {225ssss
339 1877 525 1945 recolendis
542 1873 817 1956 celebrandisque
829 1871 998 1935 beneficiis
1014 1886 1192 1956 peraptum
1209 1876 1350 1940 obvenit
1364 1889 1449 1942 tem-

159 1991 311 2044 celebrentur,
339 2005 411 2068 pus,
426 1981 555 2066 patriae
571 1987 701 2041 vestrae
717 1976 821 2040 natali
839 1976 1029 2039 felicissime
1045 1979 1215 2043 redeunte.
1235 1981 1275 2044 ln
1291 2001 1334 2045 eo
1357 2001 1449 2045 uam·

340 2107 405 2172 que
421 2085 501 2150 estis
518 2092 553 2146 ut
569 2099 696 2145 annum
715 2080 896 2144 numeretis
920 2081 1135 2146 mllleslmum
1161 2104 1206 2146 ex
1221 2105 1290 2166 quo
1308 2086 1451 2149 maiores

341 2193 387 2256 illi
405 2187 574 2256 domicilia
590 2186 754 2266 sedesque
770 2203 848 2246 suas
860 2184 933 2246 istis
944 2184 976 2247 in
992 2187 1453 2268 regionibuscollocaverunt,

176 2273 316 2392 :plurim
342 2309 443 2379 atque
468 2313 520 2357 res
544 2291 656 2372 coepit
683 2287 888 2370 Hungarica.
904 2325 948 2337 -
964 2289 1158 2354 Constituta
1172 2291 1352 2356 sollemnia
1368 2293 1450 2356 nihil

162 2397 315 2510 essem}
340 2401 536 2462 dubitamus
561 2396 641 2478 quin
667 2393 807 2476 dignum
834 2395 934 2476 plane
963 2395 1093 2458 exitum
1124 2392 1453 2480 honestissimeque

161 2511 265 2570 condit·
340 2501 520 2565 secundum
547 2500 703 2564 utilitatis
727 2499 795 2562 sint
818 2498 982 2563 habitura.
1012 2499 1132 2580 Neque
1158 2501 1248 2563 enim
1274 2521 1349 2565 esse
1364 2502 1453 2566 ullus

341 2616 452 2689 potest
467 2606 596 2678 sincera
612 2605 752 2666 caritate
766 2603 858 2680 civis,
870 2621 971 2685 quem
982 2621 1049 2665 non
1063 2602 1186 2666 decora
1200 2615 1346 2686 tangant
1360 2618 1452 2669 com-

341 2711 450 2777 munis
466 2710 602 2793 patriae,
618 2717 651 2770 et
664 2707 717 2770 cui
734 2727 801 2770 non
816 2724 909 2770 acres
925 2708 1106 2770 admoveat
1121 2707 1281 2772 imitandi
1297 2711 1453 2772 stimulos

339 2817 428 2878 avita
460 2833 568 2877 rerum
597 2823 766 2894 gestarum
798 2811 906 2892 gloria
931 2809 1064 2892 publice
1089 2825 1253 2877 revocata.
1279 2813 1338 2877 Ad
1367 2814 1453 2878 haec

340 2919 486 2982 accessio
511 2915 634 2980 nobilis
659 2915 716 2978 fiet
743 2935 788 2977 ex
814 2916 1046 2980 consentiente
1061 2915 1223 2998 suffragio
1239 2918 1451 2982 excultamm

339 3025 506 3107 quotquot
523 3030 601 3085 sunt
618 3021 780 3102 gentium,
803 3039 891 3101 quae
916 3021 1040 3101 gaudia
1063 3029 1174 3084 vestra
1199 3023 1308 3086 amice
1335 3025 1453 3087 conso·

339 3127 475 3203 ciantes,
492 3146 631 3208 regnum
656 3136 746 3188 certe
769 3124 1030 3206 gratulabuntur
1048 3126 1138 3207 aptis
1162 3125 1293 3208 legibus
1321 3128 1454 3192 institu-

341 3233 450 3313 tisque
465 3230 651 3306 conditum,
666 3227 754 3291 civili
772 3227 950 3310 prudentia
967 3241 999 3292 et
1013 3229 1134 3293 virtute
1146 3229 1268 3293 bellica
1278 3248 1452 3294 conserva-

341 3346 424 3414 tum,
438 3334 551 3398 multis
568 3335 701 3416 egregie
720 3331 815 3396 iactis
830 3333 864 3395 in
880 3333 968 3395 hanc
984 3344 1180 3414 provectum
1196 3334 1451 3399 diuturnitatem

210 3483 319 3528 smum
343 3452 376 3504 et
403 3439 670 3521 amplitudinem.
694 3477 737 3496 ψ
760 3437 1022 3518 Nobismetipsis
1053 3447 1123 3500 tam
1154 3438 1303 3503 iucunda
1332 3441 1454 3504 accidit

210 3544 320 3610 md?
344 3544 497 3608 faustitas
525 3549 635 3607 vestra
662 3563 764 3625 quam
794 3559 880 3623 quae
905 3542 1155 3618 iucundissima,
1179 3561 1241 3605 nec
1267 3544 1450 3627 quidquam

219 3603 321 3660 futur-ts

176 3662 320 3706 solemnibus
344 3650 492 3730 optatius
503 3659 665 3730 estquam
678 3644 1090 3722 vobiscum,Venerabiles
1107 3645 1250 3724 Fratres,
1261 3658 1452 3729 praesentes

183 3722 318 3838 ᾖῖζιῖἷῖᾖ.
345 3756 376 3816 in
395 3752 520 3836 populo
534 3763 644 3814 vestro
662 3761 774 3814 mente
791 3750 972 3831 animoque
987 3749 1121 3813 versari.
1137 3750 1233 3813 Facit
1249 3751 1314 3816 hoc
1330 3752 1452 3834 praeci·

178 3839 320 3944 ‘ic‘fflmll
345 3877 410 3938 pue
426 3867 498 3920 tum
518 3855 643 3918 Nostra
654 3875 732 3936 erga
744 3853 962 3935 Hungariam·
970 3853 1172 3916 catholicam
1188 3855 1365 3935 peculiaris
1381 3876 1452 3936 pro-

173 3959 322 4074 ffilssz
346 3961 462 4042 pensio
479 3968 512 4022 et
525 3980 613 4035 cura,
629 3969 700 4022 turn
718 3979 796 4021 vero
812 3958 919 4039 ipsius
935 3957 968 4018 in
982 3958 1069 4020 hanc
1080 3957 1318 4039 Apostolicam
1332 3959 1450 4024 Sedem

166 4083 189 4120 et
203 4077 320 4135 Apostoli·
345 4075 447 4146 atque
463 4065 496 4125 in
516 4063 588 4126 Nos
605 4063 705 4146 plane
717 4063 870 4125 studiosa
885 4062 1051 4138 voluntas,
1066 4061 1189 4125 crebris
1204 4061 1452 4145 significationi-

166 4150 219 4180 cum
226 4137 317 4187 Sedem,
1003 4168 1010 4180 .
1070 4167 1078 4180 .
1224 4167 1232 4180 .

197 4198 321 4252 spemque
346 4168 408 4229 bus
425 4167 603 4229 declarata.
617 4166 709 4228 Inter
721 4176 842 4240 cetera,
851 4175 1029 4246 postremis
1044 4165 1136 4229 hrsce
1152 4186 1249 4228 annis
1265 4166 1452 4248 frequentes

164 4259 322 4355 pjjsl'ffissss,
349 4270 532 4348 Hungaros
557 4271 668 4331 Roma
685 4268 777 4345 vidit,
793 4270 888 4332 vobis
914 4270 976 4332 rite
1000 4271 1209 4347 ducentibus,
1232 4270 1276 4332 ad
1304 4269 1450 4352 sepulcra

167 4374 267 4412 “mmm
285 4369 321 4412 ‘'f‘'
347 4371 591 4453 Apostolorum
606 4371 796 4452 Principum
807 4373 1079 4452 venerabundos;
1094 4374 1240 4437 vidimus
1255 4373 1326 4437 Nos
1340 4391 1449 4436 coram
