3117 4859
363 351 412 436 46
459 368 573 419 snrsr.
592 365 723 417 arose.
747 353 768 381 ‘⁸
787 365 1080 416 Atraurtssruns
1098 365 1353 416 vocuurasrs
1372 344 1390 370 ''

196 527 336 594 quibuseffl·
362 516 511 578 actiones
538 525 570 578 et
598 515 757 595 exempla
784 515 985 577 christianae
1013 513 1212 596 professioni
1237 524 1469 578 consentanea.

202 599 338 704 miili}
363 619 570 702 Integritatis
597 619 755 698 exempla
783 628 818 683 et
833 619 991 694 iustitiae,
1008 619 1232 682 miserationis
1248 619 1282 680 in
1298 638 1422 700 egenos
1438 627 1470 682 et

181 711 266 756 Μ·
360 724 598 808 poenitentiae,
614 723 815 787 concordiae
830 724 1037 786 domesticae
1058 733 1092 786 et
1113 722 1335 786 verecundiae
1350 725 1471 806 legum,

360 831 511 910 optimae
522 838 600 891 sunt
615 827 784 891 orantium
801 827 1125 892 commendationes.
1141 825 1209 910 Qui
1226 838 1344 892 sancte
1358 828 1472 892 colunt

359 942 393 997 et
418 931 595 1016 perficiunt
616 941 796 1013 praccepta
822 930 958 1009 Christi,
979 952 1095 996 eorum
1112 932 1240 995 scilicet
1254 933 1344 995 votis
1359 932 1471 996 divina

359 1037 542 1100 liberalitas
552 1037 705 1114 occurrit,
717 1037 901 1099 secundum
920 1035 1001 1099 illud
1018 1035 1243 1118 promissum:
1259 1035 1305 1100 Si
1314 1038 1471 1100 manseri-

359 1141 404 1205 tis
419 1141 454 1202 in
471 1161 522 1204 me
535 1151 566 1204 et
580 1139 678 1204 verba
691 1161 761 1203 rnen
777 1140 813 1202 in
830 1139 919 1203 uobis
934 1140 1128 1217 manserint,
1137 1139 1359 1223 quodnamque
1369 1141 1471 1204 volue-

361 1246 438 1308 ritis
459 1245 584 1326 pneris,
604 1253 636 1306 e't
651 1243 717 1327 fiet
731 1244 821 1307 vobis
836 1244 850 1326 (
867 1244 889 1326 ).
905 1282 948 1293 —
966 1245 1006 1309 ld
1022 1255 1136 1308 autem
1152 1246 1310 1326 estquod
1328 1245 1362 1307 in
1380 1265 1471 1331 prae·

360 1349 475 1425 sentia,
491 1349 684 1412 consociata
698 1348 883 1413 Nobiscum
896 1369 1003 1430 prece,
1015 1349 1231 1432 singulariter
1242 1371 1262 1413 a
1274 1348 1351 1412 Deo
1361 1349 1470 1415 velitis

359 1455 542 1529 hortamur,
552 1463 588 1516 ut
601 1455 699 1517 detur
710 1455 806 1517 vobis
823 1455 912 1518 cives
928 1455 1110 1518 concordes
1127 1455 1315 1536 fratresque
1331 1453 1366 1517 in
1379 1473 1467 1518 com-

360 1559 499 1641 plexum
517 1559 686 1639 perfectae
700 1559 850 1622 caritatis
866 1559 1031 1641 excipere.

215 1681 337 1737 rapturae
403 1663 460 1727 Ad
489 1663 580 1739 haec,
606 1661 773 1727 Caelitum
799 1673 992 1727 sanctorum
1021 1664 1205 1745 adiungere
1231 1664 1324 1727 iuvat
1354 1665 1470 1745 depre-

225 1740 335 1860 ,ffflj
358 1769 549 1831 cationem:
573 1768 666 1830 cuius
683 1765 865 1830 efficacitas
881 1776 1058 1849 quantum,
1079 1768 1142 1830 hac
1166 1768 1362 1849 praesertim
1379 1769 1415 1831 in
1432 1787 1473 1843 re,

207 1863 329 1918 mm·
358 1872 514 1947 emineat,
533 1871 613 1934 illud
632 1871 818 1952 Augustini
839 1873 938 1936 docet
955 1872 998 1935 de
1017 1871 1193 1951 Stephano
1208 1880 1307 1935 acute
1322 1873 1472 1935 dictum:

359 1975 403 2039 Si
415 1987 548 2040 sauctus
564 1975 750 2056 Stephanus
765 1975 814 2039 sic
827 1997 890 2040 non
905 1987 1040 2050 orasset,
1056 1975 1201 2040 Ecclesia
1216 1977 1367 2040 Paulum
1380 1975 1472 2038 hadri

357 2103 420 2144 non
435 2081 567 2144 liaberet
581 2081 631 2164 (²).
651 2082 771 2164 ltaque
797 2082 992 2163 suppliciter
1017 2081 1237 2161 imploramus
1262 2079 1472 2165 Gregorium,

356 2205 457 2268 quem
474 2205 555 2248 suae
571 2185 682 2268 gentis
698 2186 844 2248 salutare
861 2185 1068 2266 Apostolum
1086 2185 1191 2267 Angli
1207 2195 1472 2258 consueverunt;

358 2291 598 2372 Augustinum,
608 2289 783 2354 alumnum
794 2299 827 2352 et
844 2291 993 2372 legatum
1012 2291 1093 2366 eius,
1109 2299 1314 2372 ceterosque,
1329 2309 1470 2370 quorum

357 2395 545 2459 admirabili
569 2396 701 2470 virtute,
728 2393 983 2458 admirabilibus
1012 2394 1117 2470 factis,
1144 2396 1208 2458 ista
1230 2393 1408 2457 dilaudata
1423 2400 1471 2455 est

357 2501 459 2565 altrix
476 2500 678 2565 Sanctorum
704 2498 835 2576 insula;
863 2499 1117 2581 singularesque
1140 2507 1311 2581 patronos,
1335 2498 1469 2562 Petrum

177 2627 201 2666 et
217 2626 330 2690 anteon-
358 2606 545 2686 Principem
562 2603 793 2683 apostolorum
815 2611 850 2666 et
873 2601 1078 2686 Georgium;
1094 2611 1174 2665 ante
1188 2621 1316 2676 omnes,
1332 2603 1471 2664 sanctis·

178 2686 331 2785 ζ’,ζξῗῗὲζῖ
356 2711 476 2773 simam
495 2709 559 2770 Dei
577 2705 793 2782 Genitricem,
809 2727 911 2790 quarn
935 2709 1087 2771 humano
1101 2706 1215 2788 generi
1233 2704 1388 2770 Christus
1403 2705 1473 2787 ipse

178 2799 329 2904 Dessif'i‘m
357 2832 484 2878 ecruce
495 2812 628 2894 reliquit
638 2821 740 2894 atque
753 2812 906 2875 attribuit
921 2822 1075 2885 matrem,
1087 2811 1140 2874 cui
1157 2829 1297 2890 regnum
1314 2819 1472 2880 vestrum,

356 2917 566 2982 nobilissimo
579 2915 767 2997 praeconio,
781 2926 956 2997 tamquam
972 2914 1043 2977 Dos
1055 2914 1201 2988 Mariae,
1212 2913 1290 2976 inde
1306 2933 1326 2975 a
1339 2912 1471 2995 proavis

355 3031 407 3086 est
431 3011 633 3084 dedicatum.
662 3019 733 3084 Eos
758 3029 899 3083 cunctos
931 3019 1066 3101 magnis
1091 3017 1244 3100 precibus
1271 3016 1470 3081 adhibemus

355 3127 444 3206 apud
463 3126 574 3189 Deum
591 3124 841 3206 suffragatores,
858 3133 904 3197 ut,
921 3122 1090 3186 renovatis
1108 3130 1299 3204 temporum
1326 3122 1471 3203 optimo·

355 3249 427 3292 rum
441 3230 607 3310 auspiciis,
618 3229 626 3289 i
631 3249 689 3309 pse
701 3227 822 3309 repleat
833 3248 890 3289 uos
900 3227 993 3288 ornni
999 3227 1124 3307 gaudio
1135 3235 1167 3288 et
1176 3237 1253 3306 pace
1261 3225 1297 3287 in
1308 3223 1472 3300 credendo,

355 3345 393 3397 ut
407 3333 578 3396 abundetis
595 3332 629 3394 in
645 3344 698 3413 spe
711 3342 744 3395 et
757 3331 883 3395 virtute
899 3330 1052 3413 Spiritus
1067 3330 1176 3394 sancti
1187 3329 1200 3409 (
1218 3330 1240 3410 ).

225 3457 328 3502 ericum
401 3437 583 3503 Peculiaria
605 3456 684 3499 vero
700 3456 838 3518 precum
866 3435 976 3498 officia
999 3454 1086 3516 quae
1112 3435 1189 3508 iam,
1206 3433 1249 3496 ad
1267 3430 1345 3495 fidei
1363 3434 1469 3496 unita·

185 3516 331 3622 1.·ζῖἔῖζῖ
355 3552 434 3620 tem,
449 3541 546 3605 statis
563 3541 682 3604 diebus
699 3541 878 3622 modisque
893 3550 972 3602 sunt
989 3537 1080 3620 apud
1098 3535 1282 3600 catholicos
1305 3537 1470 3610 instituta,

186 3636 328 3681 ‘⁰“”¹⁰⁶²‘'·
356 3666 394 3708 ea
411 3647 596 3709 curandum
613 3656 650 3707 ut
667 3645 794 3706 maiore
810 3651 845 3708 et
861 3643 1051 3725 frequentia
1066 3651 1101 3703 et
1116 3639 1279 3722 religione
1302 3640 1470 3703 celebren-

224 3693 329 3738 nendum

175 3752 330 3871 ffirm-
354 3760 417 3814 tur.
431 3751 470 3813 In
481 3748 665 3832 primisque
678 3748 793 3830 vigeat
806 3756 922 3811 sancta
936 3745 1085 3809 marialis
1103 3744 1236 3808 Rosarii
1251 3743 1471 3816 consuetudo,

175 3845 268 3929 mrsq'ue
283 3872 329 3916 Ro·
356 3875 375 3918 a
392 3853 655 3935 Nobismetipsis
671 3860 851 3934 tantopere
867 3851 1038 3914 excitata:
1056 3868 1097 3912 eo
1113 3848 1250 3930 quidem
1265 3847 1370 3910 veluti
1380 3865 1468 3909 sum·

173 3945 329 4036 ἶῗὲᾗῖἷιῖῗ
357 3979 412 4021 ma
437 3956 650 4036 evangelicae
680 3955 855 4019 doctrinae
886 3965 1026 4035 perapte
1057 3951 1258 4028 continetur,
1288 3951 1333 4014 ab
1361 3968 1469 4031 eoque

241 4114 330 4160 Indut—
356 4061 593 4124 saluberrimae
609 4061 643 4122 in
661 4059 806 4141 populos
822 4059 986 4122 utilitates
1003 4056 1142 4138 perenni
1169 4075 1265 4119 cursu
1289 4054 1467 4117 fluxerunt

170 4176 269 4236 generas
282 4174 328 4218 tri·
358 4165 435 4228 Hoc
447 4163 601 4246 amplius,
611 4161 653 4226 ad
667 4183 780 4226 sacrae
793 4162 1027 4244 indulgentiae
1039 4160 1211 4237 beneficia,
1225 4177 1313 4242 quae
1323 4157 1467 4221 subinde

174 4234 327 4340 emmiu.
354 4289 375 4332 a
392 4269 633 4332 Decessoribus
648 4276 727 4329 sunt
743 4267 776 4328 in
793 4268 912 4329 eodem
929 4285 1052 4347 genere
1064 4284 1233 4338 concessa,
1245 4280 1349 4325 unum
1361 4259 1467 4342 quod·

361 4360 1461 4382 Μ

385 4417 404 4449 1.
424 4403 523 4454 faunu,
538 4411 584 4452 xv,·
594 4414 615 4455 7.
629 4423 658 4432 -
675 4414 696 4444 2.
714 4399 792 4444 Serm.
805 4400 832 4444 in
845 4405 895 4446 nat.
909 4415 926 4446 s.
940 4399 1021 4457 Steph.
1035 4409 1071 4450 Vt,
1084 4411 1107 4444 n.
1121 4409 1142 4456 5.
1155 4422 1185 4431 -
1200 4411 1221 4455 3.
1239 4395 1424 4450 Ronu,xv.13.
