3117 4859
128 1292 377 1439 &fflssffl
389 1296 557 1378 pefNos
548 1298 622 1378 ,psi
637 1307 709 1361 tum
727 1318 772 1360 ex
788 1296 970 1362 multorum
987 1292 1239 1376 praedicatione
1279 1333 1405 1422 MN!

157 1344 319 1610 [ζμ
341 1402 575 1482 cognoscimus
590 1401 739 1483 quibus
730 1422 763 1463 rn
781 1401 881 1465 rebus
898 1411 931 1466 et
945 1421 1012 1484 quo
1024 1399 1240 1480 potissimum
1309 1433 1383 1498 1897

292 1505 481 1591 peonsilio
511 1525 668 1570 exercere
702 1507 876 1588 ingenium
912 1517 945 1570 et
979 1505 1146 1571 calamum
1181 1500 1240 1566 diu
1312 1549 1419 1608 3an-

128 1591 316 1670 Μ
340 1611 562 1674 consueveris.
581 1609 750 1674 Videlicet
766 1619 859 1676 tolus
876 1631 910 1674 es
926 1612 959 1675 in
977 1607 1242 1693 pertractatione
1268 1621 1325 1661 rem
1338 1609 1405 1654 dere

130 1710 298 1789 historiae,
313 1714 513 1778 nominatim
531 1714 766 1778 Britannicae.
759 1724 816 1779 ·et
841 1736 929 1795 quae
945 1714 1154 1778 nobilissima
1169 1710 1242 1774 laus
1267 1668 1391 1839 lllllllc:

130 1824 190 1892 est,
200 1815 282 1881 illud
298 1817 403 1882 habes
419 1819 640 1899 propositum,
652 1829 728 1882 tuas
737 1829 776 1884 ut
786 1819 916 1901 vigilias
926 1792 1391 1897 lucubrationesque1„,d,'''’

129 1920 317 1985 studiorum
339 1925 543 2004 optimorum
561 1925 603 1987 ad
621 1924 856 1988 illustrandum
881 1924 1033 1989 conferas
1060 1921 1241 1987 tuendum·
1267 1850 1390 1964 ‘’md''

130 2044 195 2104 que
211 2025 413 2091 catholicum
430 2047 565 2093 nomen.
581 2029 654 2092 Nec
670 2049 753 2093 sane
769 2028 898 2094 frustra.
917 2029 1006 2093 Nam
1023 2048 1110 2108 quae
1126 2027 1239 2089 hacte-

130 2146 192 2190 nus
209 2131 412 2196 mandavisti
438 2133 567 2207 iitteris,
584 2153 660 2195 acer
686 2134 907 2215 investigator
934 2141 1240 2201 monumentorum,

129 2249 169 2294 ea
179 2236 394 2300 consentiunt
406 2237 527 2300 eruditi
538 2237 600 2301 viri
613 2235 816 2317 proficereet
828 2237 938 2303 valere
955 2237 998 2301 ad
1012 2238 1238 2315 incorruptam

127 2345 325 2403 eventorum
343 2341 611 2405 Britannicorum
629 2340 795 2407 notitiam.
813 2341 888 2406 Imn
904 2343 937 2404 in
954 2342 1018 2405 hoc
1035 2361 1157 2412 uenere
1173 2360 1239 2402 non
1266 2375 1378 2441 „mm

130 2460 246 2505 sumus
261 2445 364 2508 nescii
387 2447 566 2526 pervicisse
589 2456 633 2522 te,
647 2455 685 2508 ut
712 2467 779 2511 non
810 2465 936 2526 paucos
961 2468 1005 2510 ex
1033 2447 1082 2521 iis,
1097 2463 1239 2528 quorum
1262 2445 1409 2550 mm

38 2611 41 2614 ,
129 2547 359 2626 praeiudicata
373 2550 490 2630 opinio
505 2552 615 2614 minus
632 2549 742 2613 lavere
759 2550 933 2615 Ecclesiae
948 2549 1135 2615 catholicae
1147 2549 1241 2623 solet
1266 2563 1323 2594 ’Μ
1335 2564 1418 2596 nrum

128 2650 280 2728 repulsos
306 2655 456 2718 veritatis
482 2655 608 2718 viribus
635 2655 677 2717 ad
705 2655 829 2720 iudicia
855 2656 1014 2736 aequiora
1041 2656 1241 2719 traduceres
1267 2609 1404 2740 lllnafrllll

129 2753 185 2816 Ita
218 2756 270 2819 vel
300 2759 510 2839 experiendo
542 2758 752 2836 intellexisti,
786 2761 948 2824 sinceram
986 2761 1240 2841 praeteritarum
1266 2729 1401 2834 mli?

129 2877 238 2923 rerum
256 2861 509 2941 indagationem
526 2862 655 2927 nomini
677 2863 815 2946 quidem
829 2855 999 2929 catholico
1017 2864 1097 2927 nihil
1114 2864 1241 2938 obesse,
1253 2849 1371 2954 ’ᾗξέξζι

130 2964 289 3042 prodesse
305 2975 418 3030 autem
442 2967 633 3048 plurimum
651 2967 881 3048 Quamobrem
907 2989 1019 3047 perge,
1035 2968 1158 3030 dilecte
1185 2965 1241 3041 lili,
1234 3015 1414 3076 ’srrprorem

130 3063 275 3132 multum
291 3089 352 3148 pro
367 3070 508 3135 veritate
524 3071 746 3134 contendere:
762 3071 976 3149 opinationes
1008 3071 1052 3132 de
1078 3070 1241 3146 Ecclesia,
1267 3075 1415 3122 admiratur

128 3168 173 3231 de
189 3169 392 3237 Pontificatu
416 3194 558 3239 romano
582 3183 816 3254 praeposteras
843 3194 945 3254 perge
968 3173 1147 3236 scribendo
1162 3193 1239 3236 con·
1267 3135 1419 3240 gdllllell-

129 3271 269 3338 vincere.
287 3275 389 3339 Hanc
413 3287 526 3341 autem
555 3277 673 3355 ipsam,
697 3297 799 3357 quam
826 3277 995 3359 ingressus
1011 3297 1055 3354 es,
1071 3275 1239 3339 scribendi
1266 3253 1417 3358 ξιξζζζξῗ

128 3375 439 3460 disputandique
407 3401 496 3444 viam
508 3380 581 3443 iac
571 3381 705 3444 insistas
721 3379 921 3462 diligenter:
936 3382 994 3445 sed
1012 3389 1125 3445 tamen
1139 3379 1241 3461 paulo
1266 3387 1310 3477 {m
1304 3371 1382 3477 ’ῗξξ
1362 3371 1419 3430 W'·

126 3480 328 3547 comitatior.
354 3483 451 3565 Opus
476 3485 566 3547 enim
592 3504 668 3548 cum
694 3483 864 3548 habeas'
854 3504 887 3547 rn
916 3485 1071 3548 manibus
1105 3493 1139 3548 et
1173 3503 1240 3547 non
1268 3503 1386 3537 rumve·

128 3586 275 3666 exiguae
302 3587 410 3664 molis,
425 3597 460 3652 et
487 3589 577 3670 quod
603 3587 743 3671 expedit
769 3608 843 3652 esse
867 3607 1075 3664 mansurum,
1091 3587 1241 3671 prolecto
1268 3561 1416 3597 mm

128 3692 310 3754 commode
325 3690 436 3768 iacies,
459 3693 488 3756 si
506 3714 591 3775 quos
616 3691 812 3774 adjunxeris
839 3693 901 3756 tibi
927 3691 1079 3758 laborum
1106 3702 1239 3756 tuorum

129 3794 320 3860 adiuctores
347 3805 381 3860 et
407 3797 527 3873 socios,
554 3798 694 3861 idoneos
727 3796 802 3860 illos
834 3797 995 3870 quidem:
1023 3799 1079 3880 qui
1115 3795 1242 3861 scilicet
1286 3876 1290 3884 ι

128 3898 266 3978 ingenio
282 3899 381 3963 simul
400 3909 503 3982 atque
530 3910 641 3965 aetate
667 3899 819 3964 floreant.
836 3899 913 3983 Qua
939 3901 1070 3966 ratione
1096 3902 1240 3984 primum

130 4001 239 4067 multo
273 4003 476 4084 expeditius,
501 4024 589 4086 quae
614 4004 719 4068 habes
734 4004 899 4078 instituta,
916 4004 1094 4070 conficies:
1120 4003 1242 4068 deinde

129 4105 263 4168 erudies
287 4106 329 4170 ad
356 4105 568 4187 disciplinam
596 4116 700 4180 tuam,
722 4104 780 4185 qui
808 4105 991 4188 aliquando
1016 4105 1050 4168 in
1079 4103 1143 4167 isto
1168 4103 1243 4185 ipso

130 4227 254 4288 genere
285 4209 473 4274 studiorum
502 4210 643 4292 ⁴ipsimet
677 4210 850 4275 elaborare
884 4208 1010 4274 utiliter
1037 4215 1172 4290 queant.
1199 4241 1243 4253 -

130 4310 333 4378 Divinorum
359 4334 534 4379 munerum
560 4315 742 4397 auspicem,
757 4311 1079 4394 benevolentiaeque
1097 4309 1241 4374 Nostrae
1269 4317 1401 4366 benedicit·
