3117 4859
405 359 472 427 142
529 358 718 409 trasenna
735 358 994 409 nuosrourcns
1016 346 1391 413 “ounv1ssruuuos.
1413 338 1430 366 '¹

226 519 270 566 nis
280 516 372 595 praefi·
400 529 441 571 eo
457 510 597 572 consilio
613 519 651 572 ut
666 528 767 591 quam
781 509 932 571 maxime
945 510 1056 572 idonei
1069 510 1287 574 instituantur
1302 513 1347 575 ad
1364 512 1498 593 gloriam

279 590 371 642 ''m'’
400 614 548 677 divinam
566 616 766 695 augendam,
794 613 1023 695 utilitatesque
1038 616 1266 695 procurandas
1284 616 1456 681 Ecclesiae
1471 627 1499 679 et

400 720 643 800 proximorum,
659 738 768 800 neque
785 718 894 781 minus
911 726 948 781 ut
969 719 1146 785 consulant
1170 740 1231 784 suo
1255 721 1407 802 ipsorum
1432 742 1499 805 pro·

285 850 371 897 Ponti·
400 824 510 888 lectui.
527 824 625 907 Quae
640 822 777 906 quidem
796 824 881 886 ratio
897 832 967 885 tam
993 843 1101 906 aequa
1117 825 1187 887 visa
1212 834 1263 888 est
1280 824 1392 889 Nobis
1406 838 1499 908 atque

216 916 372 1045 ᾝζιζῇζζ
400 940 600 1014 opportuna,
623 937 669 1006 ut,
692 927 825 991 etiamsi
846 947 904 1009 per
930 928 1108 993 Societatis
1134 929 1225 1012 leges
1242 942 1424 1013 praecepta
1439 950 1497 993 non

222 1047 371 1122 auctorique
399 1044 497 1110 esset,
513 1053 588 1096 eam
606 1030 637 1094 N
640 1032 814 1112 osmetipsi
831 1032 1117 1113 praecepissemus
1131 1054 1138 1111 ;
1155 1034 1187 1096 id
1204 1034 1295 1117 quod
1313 1056 1378 1117 pro
1394 1044 1498 1099 aucto-

247 1118 372 1241 fflssf
399 1138 497 1202 ritate
511 1136 639 1199 Nostra
661 1132 861 1215 Apostolica
878 1136 909 1197 in
927 1136 1116 1215 praesentia
1133 1137 1274 1201 iacimus
1291 1150 1396 1221 atque
1407 1142 1496 1204 edici-

311 1244 370 1291 dam
397 1261 482 1305 mus.
493 1277 536 1287 —
554 1239 632 1301 Hoc
648 1248 761 1300 tamen
775 1246 809 1301 et
825 1238 988 1301 laetitiam
1006 1237 1103 1303 affert
1119 1250 1153 1305 et
1168 1253 1270 1323 auget
1286 1264 1395 1325 spem,
1405 1244 1497 1326 quod,

394 1363 500 1427 quum
516 1342 671 1404 alumnos
688 1339 868 1405 Societatis
887 1340 974 1405 lusu
992 1342 1025 1404 in
1044 1352 1174 1424 partem
1192 1365 1315 1428 operae
1332 1366 1435 1429 quam
1451 1368 1494 1409 ur-

393 1467 522 1531 gemus,
535 1445 774 1508 instaurandae
786 1442 819 1509 S.
833 1443 987 1535 Thomae
1000 1446 1242 1529 philosophiae,
1252 1449 1494 1525 adsciverimus,

395 1552 477 1617 nihil
494 1559 666 1633 praeterea
682 1568 767 1630 opus
793 1549 836 1611 sit
858 1549 921 1611 nisi
938 1559 976 1612 ut
990 1571 1048 1613 eos
1064 1554 1106 1614 ad
1124 1553 1279 1617 instituta
1303 1554 1493 1637 disciplinae

394 1676 475 1721 suae
491 1654 712 1719 custodienda
738 1653 967 1717 adhortemur.
992 1653 1091 1737 Quod
1119 1656 1146 1721 si
1172 1660 1389 1742 praescriptis
1413 1660 1493 1723 hisce

212 1832 218 1849 Ο
244 1771 365 1848 alanne,
394 1760 527 1826 Nostris
551 1758 652 1822 iidem
681 1757 862 1823 Societatis
894 1759 1021 1833 alumni
1050 1760 1203 1843 religiose
1226 1763 1356 1827 debent
1386 1783 1493 1827 omnes

225 1844 368 1951 mm:
393 1853 637 1947 diligenterque
653 1882 778 1944 parere,
795 1862 984 1944 religiosius
1007 1863 1132 1927 debent
1148 1884 1186 1927 ac
1200 1866 1407 1947 diligentius,
1429 1878 1490 1929 tum

225 1967 365 2033 praesecus.
394 1968 553 2049 magistri,
569 1964 812 2029 conformanda
829 1965 872 2028 ad
899 1986 938 2029 ea
964 1966 1137 2031 iuventute
1152 1988 1253 2052 quam
1278 1971 1415 2049 docent,
1429 1982 1491 2033 tum

393 2073 579 2138 studiorum
597 2068 765 2152 praelecti,
780 2070 955 2151 vigilando
971 2079 1004 2134 et
1019 2073 1169 2135 curando
1182 2082 1219 2136 ut
1231 2074 1364 2157 integra
1377 2095 1416 2138 ea
1428 2076 1490 2155 ipsa

284 2186 368 2256 Mode-
394 2178 528 2241 valeant
543 2185 577 2237 et
603 2175 831 2239 observentur.
848 2176 926 2238 Hoc
953 2187 1066 2240 autem
1094 2198 1138 2241 ex
1166 2182 1373 2244 conscientia
1400 2178 1489 2244 officii

215 2251 371 2380 margi
393 2280 605 2363 singulariter
631 2279 839 2360 praestabunt
864 2275 1101 2359 moderatores,
1126 2302 1267 2365 quorum
1293 2296 1346 2349 est
1370 2285 1491 2349 sodales

211 2388 369 2495 mdlfflm'j
393 2390 435 2452 ad
454 2384 646 2467 magisteria
661 2384 829 2465 deligere:
857 2406 967 2469 neque
985 2388 1141 2452 dubitent
1157 2409 1230 2451 sese
1246 2390 1279 2451 in
1297 2391 1373 2472 ipsa
1389 2400 1490 2453 aucto·

258 2462 364 2576 qum.
392 2493 490 2555 ritate
507 2490 633 2552 Nostra
648 2488 743 2565 tueri,
759 2497 797 2551 ut
813 2510 899 2572 quos
922 2492 1171 2574 obtemperanti
1196 2494 1334 2575 ingenio
1358 2494 1490 2559 viderint

234 2578 367 2692 tssaedssssj
392 2603 427 2655 et
446 2592 615 2655 studiosos
631 2591 805 2654 doctrinae
822 2592 855 2656 S.
872 2592 1035 2670 Thomae,
1051 2616 1108 2657 eos
1131 2596 1250 2659 merito
1267 2596 1405 2661 foveant
1424 2614 1489 2680 pro·

213 2710 365 2784 aerinasru-
392 2697 592 2777 vehantque,
613 2716 697 2778 quos
714 2716 792 2759 vero
809 2695 851 2758 ad
877 2697 968 2759 illam
986 2699 1140 2761 noverint
1168 2700 1278 2763 minus
1304 2717 1489 2783 propensos,

277 2776 366 2822 nosos.
390 2821 449 2864 eos
465 2820 484 2863 a
501 2799 712 2881 magisteriis,
728 2809 881 2881 respectu
899 2801 1074 2864 hominum
1093 2802 1194 2879 nullo,
1210 2804 1440 2869 submoveant.
1453 2838 1489 2849 -

236 2929 365 2993 augona.
393 2905 445 2968 lta
460 2904 494 2965 in
511 2900 684 2984 pontificia
710 2902 940 2967 Universitate
964 2904 1181 2985 Gregoriana,
1197 2926 1283 2989 quae
1306 2907 1375 2970 lere
1399 2916 1445 2969 est
1460 2905 1487 2965 in

214 2996 364 3111 ''2522‘ss
389 3015 573 3087 conspectu
592 3004 727 3081 Nostr0,
744 3005 777 3067 in
795 3026 896 3088 quam
914 3009 1136 3088 cogitationes
1155 3018 1189 3071 et
1205 3028 1301 3071 curas
1319 3030 1387 3074 non
1410 3009 1487 3071 leves

276 3128 361 3176 datur.
390 3109 604 3187 contulimus,
619 3109 786 3171 laetamur
802 3111 928 3191 optatis
952 3111 1116 3194 iussisque
1134 3112 1268 3175 Nostris
1284 3113 1367 3177 satis
1383 3114 1486 3175 admo-

389 3214 470 3276 dum
498 3233 570 3275 esse
597 3211 735 3289 sactum,
761 3232 904 3295 eamque
931 3214 1084 3277 videmus
1112 3228 1290 3298 propterea
1315 3228 1349 3281 et
1375 3234 1486 3297 magna

390 3316 577 3399 frequentia
593 3316 806 3379 alumnorum
824 3326 858 3379 et
873 3317 1047 3381 doctrinae
1070 3317 1160 3381 fama
1177 3328 1287 3383 rectae
1303 3320 1487 3399 solidaeque

389 3420 571 3483 florentem.
589 3420 731 3483 Fructus
749 3420 850 3483 iidem
869 3431 939 3483 tam
960 3423 1178 3504 praestabiles
1194 3423 1409 3488 desiderandi
1424 3420 1484 3503 qui-

388 3526 466 3586 dem
484 3543 551 3586 non
568 3536 674 3599 erunt,
692 3523 896 3607 ubicumque
912 3526 1067 3589 doctrina
1079 3528 1291 3607 impertiatur
1302 3528 1347 3592 ab
1360 3527 1400 3590 iis
1411 3541 1486 3608 quos

388 3627 506 3689 eadem
526 3646 620 3688 meus
637 3635 725 3707 agat,
740 3627 859 3689 eadem
877 3628 1021 3691 aluerint
1038 3629 1160 3692 studia.

229 3747 363 3822 'praesum
433 3731 490 3793 Ad
507 3729 671 3805 ultimum,
687 3749 755 3812 quo
770 3724 979 3813 praescripta
991 3732 1116 3795 Nostra
1133 3731 1259 3797 firmius
1276 3734 1483 3817 permaneant

209 3813 365 3925 mmm
390 3842 423 3897 et
450 3834 568 3897 melius
595 3833 806 3916 ampliusque
831 3838 1022 3912 succedant,
1038 3838 1257 3917 decernimus,
1274 3849 1312 3903 ut
1327 3834 1484 3923 haequ·

239 3942 365 4005 definitur
389 3937 527 4002 stolicae
543 3937 672 4001 litterae
688 3939 721 4000 in
735 3937 843 4001 forma
857 3938 972 4001 Brevis
984 3941 1094 4016 datae,
1105 3941 1137 4002 in
1155 3942 1308 4006 universa
1326 3930 1483 4008 Societate

392 4043 478 4105 IESU
495 4041 564 4103 sint
590 4049 623 4104 et
650 4041 694 4104 ab
720 4041 878 4104 omnibus
904 4044 1092 4107 habeantur
1109 4055 1283 4128 tamquam
1300 4043 1434 4111 definita
1448 4054 1481 4099 ac

389 4154 550 4228 perpetua
567 4144 624 4207 lex
651 4146 694 4208 de
719 4144 948 4210 doctrinarum
973 4148 1106 4212 delectu
1124 4170 1131 4227 ;
1148 4158 1184 4211 ut
1200 4151 1242 4213 ad
1259 4162 1368 4214 cetera
1383 4140 1480 4229 ponti·

389 4245 463 4308 ficia
496 4246 709 4322 documenta,
743 4244 864 4326 quibus
908 4246 1119 4327 complentur
1151 4248 1306 4313 instituta
1342 4243 1479 4311 eiusdem

390 4348 578 4426 Societatis,
594 4348 829 4430 adiungantur,
846 4358 949 4431 atque
965 4358 1140 4432 tamquam
1158 4360 1249 4417 certa
1275 4348 1478 4415 consulantur
