3117 4859
374 361 441 411 112
609 363 792 415 arrssom
822 351 843 380 “
863 361 1061 414 annuorum
1089 363 1199 414 saus
1221 339 1228 364 '

190 525 319 574 erratione
368 504 492 569 bonam
508 505 715 588 Nosmetipsi
729 506 860 584 alimus,
874 517 1020 570 vestram
1037 506 1150 569 iudicii
1160 526 1351 589 operaeque
1366 508 1482 570 soller

189 587 342 634 “mm''
367 611 451 675 tiam
479 610 568 673 haud
588 611 763 674 minimum
781 609 903 673 habere
928 611 1061 674 virtutis
1080 630 1178 692 posse
1193 612 1237 674 ad
1255 610 1382 676 Nostra
1399 631 1483 694 quo·

366 734 431 797 que
443 713 658 797 provehenda
669 713 810 779 consilia
822 736 830 793 ;
842 735 910 798 qua
921 715 1078 780 videlicet
1090 725 1184 796 parte
1195 735 1284 778 nunc
1297 715 1482 798 impensius

367 821 505 883 nitimur
521 819 827 884 reconciliationem
841 822 954 885 lovere
966 823 999 884 in
1012 822 1203 885 christianis
1212 823 1384 903 gentibus,
1394 841 1482 904 quae

365 925 505 991 unitatis
521 926 708 991 catholicae
724 938 803 992 sunt
819 939 985 1010 expertes.
1012 928 1090 991 Hoc
1105 938 1219 992 autem
1233 928 1414 991 doctrinae
1428 947 1480 989 ea-

365 1031 489 1110 put,de
502 1029 631 1094 unitate
644 1029 720 1094 fidei
737 1043 770 1094 et
783 1031 1031 1096 communionis
1041 1052 1144 1114 quam
1159 1032 1192 1094 in
1206 1029 1363 1096 Ecclesia
1373 1032 1482 1094 inesse

365 1131 1007 1212 suaChristusomninoconstituit,satis
1019 1137 1170 1200 crebram
1181 1135 1480 1199 etconvenientem

367 1237 614 1314 tractationem,
630 1238 699 1300 sive
716 1238 759 1301 ad
785 1239 947 1302 tuendum
964 1239 1034 1301 sive
1051 1238 1094 1301 ad
1112 1237 1361 1312 illustrandum,
1377 1254 1480 1317 expo

367 1344 438 1405 scit.
452 1340 588 1424 Quippe
599 1341 663 1405 hoc
679 1353 729 1406 est
738 1343 831 1425 quod
844 1342 945 1406 variis
957 1342 1084 1406 artibus
1096 1343 1255 1423 antiquus
1270 1340 1413 1403 humani
1426 1357 1480 1420 ge·

367 1446 454 1509 neris
474 1445 580 1509 hostis
606 1447 807 1530 impugnare
829 1448 938 1511 acrius
954 1448 1137 1522 consuevit,
1156 1445 1281 1508 nefarie
1299 1445 1408 1507 fidens
1435 1465 1478 1519 se,

369 1651 610 1732 redemptionis
636 1671 721 1734 opus
753 1670 994 1734 usquequaque
1020 1670 1234 1714 eversurum:
1265 1649 1360 1712 nullo
1391 1648 1477 1712 enim

369 1765 469 1838 pacto
491 1775 599 1837 neque
616 1755 649 1819 in
662 1775 698 1818 se
715 1774 825 1838 neque
841 1757 874 1819 in
898 1757 1043 1837 mystico
1058 1775 1120 1818 suo
1131 1773 1271 1838 corpore
1286 1753 1422 1817 diutius
1435 1761 1481 1815 est

208 1894 343 1954 mm,
371 1859 583 1924 Christus.-
598 1861 610 1922 l
616 1871 650 1924 ta
662 1881 721 1924 vos
733 1861 925 1944 similesque
936 1861 1089 1924 homines
1100 1859 1294 1935 catholicos,
1306 1861 1365 1942 qui
1377 1860 1478 1938 scrip·

210 1955 343 2059 v‘gssg'ssssf
366 1965 410 2027 tis
435 1963 488 2027 vel
511 1962 664 2045 quotidie
678 1964 729 2026 vel
746 1984 791 2026 ex
807 1964 984 2028 intervallo
1000 1965 1194 2028 emittendis
1220 1965 1304 2027 dant
1332 1983 1477 2044 operam,

187 2077 233 2118 ner.
366 2069 496 2150 coeptis
513 2065 598 2130 velle
620 2067 756 2131 Nostris
773 2069 935 2132 maiorem
953 2069 986 2131 in
1013 2070 1152 2132 modum
1169 2067 1404 2132 obsecundare
1420 2086 1476 2149 pro

365 2181 457 2237 certo
470 2171 643 2236 habemus.
666 2170 743 2255 Quo
760 2173 881 2236 rectius
892 2173 925 2236 id
945 2194 1025 2237 vero
1042 2173 1222 2255 utiliusque
1239 2174 1389 2249 eveniat,
1412 2183 1475 2235 stu·

364 2276 441 2340 dete
458 2275 588 2338 naviter
601 2295 659 2339 vos
676 2296 783 2358 aeque
794 2287 828 2339 et
839 2275 895 2352 illi,
906 2275 1122 2340 vehementer
1135 2277 1319 2351 hortamur,
1330 2296 1410 2339 cum
1421 2277 1475 2338 do·

362 2380 489 2444 ctrinae
499 2379 647 2443 sincerae
659 2379 854 2461 solidaeque
866 2379 1030 2443 instructu
1040 2381 1172 2462 copiam
1186 2381 1392 2461 coniungere
1406 2400 1475 2461 pru·

362 2482 506 2560 dentiae,
521 2484 712 2564 aequitatis,
728 2483 929 2547 concordiae
947 2505 955 2560 ;
972 2504 1113 2565 quarum
1135 2503 1273 2546 munere
1290 2484 1430 2546 laudum
1445 2493 1476 2545 et

362 2588 477 2650 omnia
501 2586 695 2652 devitentur
716 2607 803 2672 quae
819 2586 1023 2652 offensiones
1035 2588 1067 2650 in
1086 2587 1210 2651 nostris
1226 2589 1475 2650 contentiones·

361 2712 426 2774 que
445 2711 553 2756 serere
570 2691 709 2773 possint,
733 2703 766 2756 et
785 2691 892 2757 multo
907 2703 1095 2773 augeantur
1110 2692 1308 2754 eorumdem
1328 2691 1417 2754 vires
1440 2709 1476 2751 ae

363 2796 690 2874 decus,cumalienis
702 2795 1262 2879 agentiumHocamplius,talium
1274 2796 1473 2876 scriptorum

364 2922 499 2984 prorsus
524 2922 598 2965 esse
624 2903 736 2979 debet,
758 2922 929 2965 sacrorum
959 2901 1162 2965 Antistitum
1195 2900 1300 2962 vereri
1328 2900 1474 2962 maxime

365 3007 611 3083 auctoritatem,
637 3007 792 3088 persequi
817 3007 968 3081 ductum,
983 3006 1157 3068 desideriis
1174 3005 1255 3086 ipsis
1271 3004 1472 3078 concedere;

366 3108 398 3170 id
412 3111 502 3190 quod
519 3109 629 3173 adhuc
646 3130 706 3173 vos
722 3110 938 3191 praestitisse,
954 3109 1069 3172 dilecti
1087 3107 1155 3183 filii,
1172 3109 1242 3170 iure
1258 3106 1472 3190 gratulamur,

366 3213 569 3294 perindeque
585 3213 799 3294 agnoscimus
810 3215 906 3296 quasi
922 3225 1159 3295 argumentum
1177 3211 1340 3274 uberioris
1350 3209 1471 3292 gratiae

366 3334 451 3395 quae
469 3315 640 3379 laboribus
656 3318 774 3380 vestris
791 3319 836 3381 sit
858 3319 947 3398 apud
966 3317 1078 3380 Deum
1096 3318 1246 3397 itemque
1262 3316 1355 3396 apud
1371 3312 1468 3376 homi-

206 3455 232 3498 S,
254 3452 339 3499 pr.
366 3437 426 3482 nes
456 3420 489 3482 in
518 3430 690 3500 posterum
720 3421 917 3486 obventura.
933 3458 977 3470 —
993 3420 1066 3484 Nos
1092 3421 1230 3497 interea,
1257 3430 1294 3483 ut
1311 3419 1468 3484 fateamur

224 3511 339 3557 imaum
365 3525 481 3605 quod
473 3544 505 3586 rn
522 3524 636 3587 animo
657 3535 716 3600 est,
732 3545 812 3608 erga
830 3525 1001 3589 nationem
1020 3537 1177 3600 vestram,
1201 3543 1401 3606 generosam
1423 3521 1466 3582 in·

223 3572 340 3676 Niirldii
366 3647 465 3707 genio
474 3625 645 3707 gestisque
655 3628 754 3691 rebus
765 3629 923 3705 nobilem,
929 3629 1102 3693 voluntate
1112 3630 1298 3692 admodum
1311 3640 1466 3710 propensa

185 3690 289 3802 aiiii,
288 3697 329 3749 po
367 3750 548 3807 movemur,
575 3750 635 3793 nec
663 3753 812 3815 unquam
828 3735 896 3797 de'
887 3754 960 3815 ipsa
986 3735 1047 3796 nisi
1075 3754 1200 3815 magno
1216 3753 1293 3795 cum
1311 3725 1465 3794 desiderio

364 3834 585 3898 recordamur.
604 3835 770 3900 Memoria
787 3857 909 3920 nempe
921 3837 1012 3901 subit
1024 3857 1128 3920 quum
1140 3857 1215 3900 eam
1230 3833 1464 3902 willibrordus,

363 3937 539 4020 apostolici
556 3941 706 4021 exempli
723 3941 781 4017 vir,
797 3963 816 4003 a
839 3942 959 4023 Sergio
973 3942 988 4004 Ι
1002 3944 1178 4005 decessore
1191 3939 1320 4004 Nostro
1336 3935 1461 4002 Archie·

363 4040 520 4122 piscopus
545 4041 729 4107 Frisiorum
746 4054 961 4108 consecratus
991 4064 1154 4126 sacroque
1170 4044 1273 4126 pallio
1290 4045 1462 4126 insignitus,

362 4142 455 4205 velut
476 4143 607 4207 felicem
625 4164 742 4226 agrum
759 4148 894 4228 subegit
911 4147 1046 4212 Christo
1062 4168 1100 4210 ac
1117 4148 1174 4210 diu
1192 4149 1401 4229 multumque
1411 4163 1461 4206 ex

193 4271 339 4328 „0⁶21qu
364 4244 487 4306 coluit
479 4264 598 4326 ,quam
612 4250 765 4312 eamdem
783 4270 850 4313 non
864 4271 972 4334 pauca
987 4252 1122 4315 saecula
1138 4261 1171 4312 et
1187 4252 1380 4334 integritate
1394 4247 1460 4312 fidei

212 4333 339 4432 {2232ss
365 4356 399 4407 et
426 4345 528 4426 digna
552 4354 757 4428 praestantia
779 4374 918 4435 operum
935 4353 1121 4430 florentem,
1139 4353 1289 4416 Ecclesia
1310 4353 1459 4418 catholica
