3117 4859
119 403 170 452 DE
188 401 414 451 ERECTIONE
432 401 669 453 DIOECESIUM
689 403 732 452 IN
754 402 835 451 REP.
857 401 1095 453 ARGENTINA.
1125 385 1191 452 261

81 562 243 625 expresse
253 541 393 606 liberam
407 543 604 608 facultatem
617 545 724 607 Nobis
740 553 774 607 et
785 544 862 607 huic
879 542 959 607 Sedi
977 543 1196 626 Apostolicae
1253 538 1346 626 FAER,

81 665 301 712 reservamus.
1261 639 1334 702 '8⁹⁷'

128 748 213 812 Tres
229 751 368 832 insuper
384 749 603 815 Cathedrales
621 749 792 813 Ecclesias
817 749 850 813 in
875 748 1066 831 Argentina
1083 749 1196 833 Repu·
1224 753 1376 858 &efflat

82 853 171 917 blica
198 855 329 918 noviter
353 862 491 930 erectas,
517 855 551 917 in
575 852 805 934 suffraganeas
832 853 1140 935 Archiepiscopalis
1164 864 1197 917 et
1225 871 1350 929 ἐπιψα-

80 956 370 1039 Metropolitanae
381 957 554 1021 Ecclesiae
565 958 788 1022 Bonearensis
799 958 918 1022 damus
930 967 962 1020 et
973 957 1197 1039 assignamus;
1220 943 1335 1050 {ii-‘321

79 1062 139 1138 ita,
154 1069 193 1124 ut
218 1062 321 1144 ipsae,
336 1063 445 1126 donec
473 1062 571 1124 aliter
597 1063 642 1125 ab
668 1062 856 1144 apostolica
874 1061 963 1127 Sede
988 1061 1197 1143 disponatur,
1223 1049 1362 1168 ffiffjjssj,

76 1165 340 1249 Archiepiscopi
358 1165 580 1229 Bonearensis
607 1165 863 1248 Metropolitico
889 1165 951 1229 iuri
977 1165 1114 1229 subesse
1139 1167 1194 1230 de·
1222 1172 1301 1214 tanae·

76 1269 193 1348 beant,
208 1271 366 1334 volumus
382 1279 417 1334 et
431 1270 655 1336 decernimus.

125 1373 379 1437 Praedictarum
408 1374 533 1456 pariter
561 1375 662 1438 trium
692 1373 948 1440 cathedralium
967 1373 1193 1438 Ecclesiarum
1314 1413 1372 1460 pu„

75 1478 220 1556 noviter,
236 1488 273 1543 ut
294 1499 406 1561 supra,
422 1488 608 1542 erectarum
637 1477 773 1556 fructus,
790 1479 888 1542 iuxta
910 1480 1038 1541 reditus
1062 1498 1193 1542 earum·
1220 1485 1340 1576 {2325

74 1583 157 1646 dem
175 1581 430 1664 Episcopalium
456 1601 661 1659 mensarum,
676 1585 719 1645 de
741 1602 835 1645 more
851 1582 962 1646 taxari
979 1583 1143 1662 volumus,
1159 1594 1194 1647 et
1218 1589 1360 1696 :1³:2¹qu

75 1687 112 1749 in
126 1683 218 1748 libris
236 1683 400 1749 Camerae
416 1684 638 1768 Apostolicae
655 1695 773 1749 taxam
791 1685 878 1749 hanc
895 1686 1047 1751 describi.
1219 1711 1371 1778 remorer

123 1790 300 1854 Praeterea
326 1799 364 1853 ut
386 1791 503 1853 omnia
530 1799 563 1852 et
591 1791 724 1872 singula
749 1793 955 1854 documenta
978 1791 1192 1872 respicientia
1217 1769 1369 1884 {imm

75 1895 252 1979 paroecias
269 1913 308 1956 ac
324 1893 400 1957 loca
415 1894 459 1957 ab
475 1894 716 1958 archidioecesi
733 1893 949 1971 Bonearensi,
961 1904 995 1956 et
1011 1915 1030 1956 a
1046 1895 1190 1959 dioecesi
1217 1891 1368 2006 mm

76 1998 261 2062 Paranensi
287 2005 322 2060 et
347 1997 494 2062 Saltensi
510 1997 652 2076 divulsa,
668 2017 706 2060 ac
736 1999 831 2061 novis
858 1997 978 2060 erectis
1004 1997 1189 2082 Episcopa·
1213 2010 1354 2122 mg?

76 2103 168 2168 tibus
185 2101 236 2166 La
253 2101 360 2178 Plata,
377 2100 525 2166 Sanctae
547 2102 644 2165 Fidei
671 2112 705 2165 et
731 2101 980 2165 Tucumanensi
1008 2101 1189 2180 addictae
1214 2125 1355 2192 sperantia,

75 2207 294 2284 cancellariis,
306 2207 340 2269 in
358 2204 479 2288 quibus
496 2214 575 2269 ante
590 2205 678 2270 hanc
694 2225 818 2270 novam
843 2208 1186 2288 circumscriptionem
1215 2190 1351 2288 mg,

75 2311 271 2378 existebant
286 2310 430 2389 extrahi,
446 2319 480 2374 et
506 2311 715 2375 cancellariis
743 2313 844 2375 trium
867 2331 1030 2375 novorum
1048 2311 1188 2395 Episco·
1215 2301 1332 2348 “l'l'iil·

74 2427 217 2504 patuum
233 2418 330 2494 tradi,
342 2426 443 2499 atque
460 2418 493 2479 in
511 2417 550 2478 iis
567 2426 731 2499 perpetuo
747 2417 910 2481 asservari
926 2417 1083 2496 debeant,
1094 2420 1186 2484 volu-

74 2545 151 2592 mus
176 2532 210 2586 et
237 2520 484 2604 prescribimus.
501 2519 553 2584 Ea
578 2523 693 2585 omnia
717 2531 842 2600 autem,
869 2541 954 2605 quae
981 2542 1043 2599 res,
1059 2523 1130 2587 iura
1153 2535 1187 2587 et
1213 2562 1301 2608 Hm,

71 2646 234 2712 personas
249 2625 494 2688 ecclesiasticas
510 2625 705 2708 respiciunt,
719 2644 863 2708 quorum
882 2645 1043 2708 expressa
1060 2629 1187 2692 mentio
1210 2622 1280 2679 juret
1290 2637 1338 2668 Μ·

1214 2695 1306 2727 nereca
1319 2683 1347 2728 de

70 2734 106 2796 in
132 2731 185 2794 his
212 2730 446 2813 praesentibus
470 2728 589 2793 habita
622 2749 689 2792 non
722 2740 783 2808 est,
808 2728 905 2793 firma
929 2740 963 2793 et
989 2742 1062 2794 rata
1088 2733 1187 2796 iuxta
1212 2741 1355 2846 qm&

71 2837 254 2901 canonicas
294 2833 428 2916 regulas
463 2843 497 2896 et
534 2834 722 2898 catholicae
763 2835 937 2898 Ecclesiae
970 2835 1184 2918 disciplinam
1211 2865 1362 2918 esrem-essa

72 2960 210 3005 manere
224 2939 349 3001 debere
369 2937 604 3020 praecipimus.
622 2937 724 3020 Quod
750 2941 778 3000 si
807 2957 894 3021 quae
921 2937 1099 3002 difficultas
1126 2950 1185 3004 aut
1213 2921 1306 2984 merua.

70 3045 309 3119 controversia,
321 3043 432 3125 quoad
450 3043 634 3123 praemissa
648 3043 681 3103 in
696 3042 827 3106 noviter
843 3043 962 3105 erectis
975 3043 1185 3106 dioecesibus

69 3150 207 3226 oriatur,
232 3168 273 3213 ea
299 3148 342 3211 ad
367 3147 454 3210 hanc
483 3146 718 3228 Apostolicam
752 3145 876 3210 Sedem
904 3146 1086 3210 deferenda
1114 3148 1186 3225 erit,

70 3274 168 3341 quae,
184 3256 283 3318 rebus
299 3262 454 3318 accurate
470 3253 652 3335 perpensis,
668 3260 769 3334 prout
785 3252 828 3315 de
844 3253 915 3315 iure
930 3251 1097 3316 decernet.

116 3360 262 3423 Demum
275 3359 307 3421 in
320 3368 538 3421 executorem
550 3357 668 3419 harum
681 3357 886 3419 Litterarum
901 3355 1185 3437 Apostolicorum,
1232 3395 1360 3454 Antiepi·

67 3463 310 3530 Venerabilem
339 3463 492 3524 Fratrem
528 3460 743 3524 Vladislaum
779 3459 975 3525 Castellano
1007 3460 1183 3544 Archiepi-
1208 3455 1327 3524 scopam-

68 3586 211 3651 scopum
229 3565 480 3629 Bonearensem
497 3564 701 3646 deputamus
717 3572 750 3627 et
767 3563 985 3641 instituimus,
1007 3565 1183 3648 eidemque
1208 3528 1355 3632 {mribus

68 3691 190 3739 omnes
216 3670 396 3735 facultates
423 3669 628 3732 necessarias
644 3678 678 3732 et
693 3678 914 3751 opportunas,
933 3670 1035 3732 etiam
1063 3670 1183 3734 subde·
1205 3633 1341 3752 ffrb'ibiries

68 3774 208 3859 legandi
224 3792 476 3857 quamcumque
497 3791 677 3855 personam
703 3773 736 3836 in
763 3772 931 3854 dignitate
957 3772 1184 3838 ecclesiastica
1210 3754 1314 3804 “mm''

69 3879 302 3957 constitutam,
312 3878 356 3941 ad
373 3879 634 3959 praemissorum
656 3876 814 3940 effectum
841 3877 1018 3941 tribuimus
1046 3889 1080 3942 et
1107 3900 1185 3943 con-

67 3984 218 4063 ferimus,
234 3985 413 4066 eidemque
437 3983 527 4047 lacta
551 3984 721 4060 facultate,
736 3983 807 4046 sive
834 3983 905 4046 eius
922 3981 1186 4066 subdelegando‚

69 4089 174 4155 etiam
191 4087 365 4153 definitive
381 4088 627 4171 pronunciandi
637 4108 738 4172 super
748 4106 961 4171 quacumque
973 4089 1186 4171 oppositione

70 4195 233 4258 adversus
272 4193 459 4276 praemissa
496 4193 753 4276 quomodolibet
789 4193 925 4268 oritura,
958 4194 1186 4275 appellatione

69 4317 288 4382 quacumque
313 4298 514 4381 postposita,
537 4298 849 4381 obligationemque
874 4298 984 4361 eidem
1013 4299 1186 4362 executori

71 4402 281 4484 iniungimus
308 4402 465 4466 mittendi
490 4405 533 4467 ad
560 4407 648 4468 hanc
674 4402 835 4468 Sanctam
863 4402 986 4468 Sedem
1013 4401 1100 4467 intra
1124 4423 1185 4467 sex
