3117 4859
463 382 587 437 rapax
614 382 862 436 irmiricus.
1147 385 1215 457 351

147 536 175 585 10
193 531 288 586 Omne
310 548 383 602 opus
395 533 537 586 musicum
561 530 639 601 quod
659 529 750 585 sacris
774 529 877 586 ritibus
897 530 1049 601 verbisque
1073 543 1221 604 congruat,

109 617 247 689 pietatem
260 630 355 674 movet
368 636 403 674 ac
415 619 535 689 dignum
549 618 636 673 domu
651 618 707 673 Dei
720 629 765 672 est
784 617 844 672 286.

144 709 174 757 20
187 702 236 757 810
249 721 280 758 se
301 705 389 759 babet
401 715 502 761 cantus
523 704 727 773 Gregorianus,
752 704 790 759 ab
804 703 938 760 Ecclesia
959 715 989 760 ut
1001 721 1079 772 suus,
1092 706 1121 759 in
1141 707 1221 763 libris

109 790 249 861 liturgicis
263 802 419 863 usurpatus
433 792 493 848 286.

146 890 175 948 3⁰
193 881 302 936 Cantus
325 881 411 937 etiam
425 882 607 952 polyphonus
629 891 658 937 et
671 880 864 936 chromaticus
882 891 1003 951 possunt
1016 882 1107 938 sacris
1119 900 1221 941 conve·

109 966 171 1023 nire
183 968 378 1024 iunctionibus
388 970 448 1037 287.

145 1062 175 1121 4⁰
195 1055 308 1111 Musica
323 1058 500 1113 Palestrinae
512 1057 689 1128 aliorumque
701 1055 834 1111 laudatur
846 1065 876 1111 ut
890 1073 956 1112 vere
968 1075 1050 1114 sacra
1070 1059 1131 1125 287.

148 1148 175 1211 50
193 1142 223 1197 Si
248 1154 372 1214 nequeat
398 1154 498 1199 cantus
524 1144 703 1214 polypbonus
726 1154 757 1198 ut
783 1144 866 1200 decet
887 1145 1006 1214 cantari,
1029 1148 1224 1217 Gregoriunus

110 1212 281 1267 adhibeatur
294 1216 354 1281 287.

147 1300 178 1354 60
197 1302 314 1371 Organa
335 1311 364 1357 et
384 1303 441 1359 alia
466 1304 657 1359 instrumenta
676 1302 755 1372 gravi
768 1302 896 1359 melodia
917 1314 1033 1359 cantum
1054 1306 1224 1375 sustineant,

112 1404 170 1443 non
181 1389 312 1459 obruant,
322 1392 590 1463 modulationesque
600 1393 687 1448 edant
701 1391 791 1447 sacris
800 1390 995 1447 functionibus
1008 1409 1150 1462 congruas
1164 1395 1225 1463 287,

148 1488 176 1541 7ο
191 1478 224 1530 111
237 1478 431 1535 functionibus
444 1481 541 1535 stricte
554 1480 693 1551 liturgicis
707 1479 880 1535 adhibeatur
892 1480 930 1535 ad
943 1492 1060 1536 cantum
1073 1483 1172 1553 lingua
1184 1484 1224 1554 ip·

113 1560 173 1618 sius
184 1564 256 1619 ritus
268 1584 275 1631 ;
294 1576 387 1623 textus
406 1570 448 1622 ad
454 1569 567 1623 lr'br'tum
581 1578 729 1624 sumantur
742 1586 777 1623 ex
790 1569 819 1624 S.
830 1567 943 1639 Script,
956 1569 1058 1625 officiis
1077 1571 1123 1625 vel
1131 1555 1225 1642 preci-

112 1649 166 1706 bus
179 1653 217 1706 ab
230 1653 363 1710 Ecclesia
375 1656 542 1726 approbatis
554 1657 614 1723 287.

150 1741 179 1795 8⁰
200 1742 233 1795 ln
247 1742 311 1797 aliis
324 1743 520 1799 functionibus
533 1746 687 1799 vernacula
699 1744 798 1813 lingua
810 1744 852 1799 uti
865 1754 986 1814 possunt
999 1746 1060 1814 287.

150 1836 178 1899 90
198 1831 312 1886 Musica
325 1833 445 1901 prolana
456 1834 622 1904 prohibetur
635 1834 694 1900 287.

152 1925 196 1973 100
216 1920 283 1975 Non
296 1919 362 1975 licet
376 1921 404 1975 in
424 1933 510 1977 cantu
524 1923 611 1977 verba
621 1922 762 1991 omittere,
785 1931 885 1977 contra
896 1938 1014 1977 sensum
1033 1921 1227 1992 intervertere,

114 2008 159 2062 vel
172 2006 325 2066 indiscrete
338 2021 466 2080 repetere
480 2012 607 2078 287-288.

153 2102 199 2151 110
218 2098 282 2152 Nec
294 2097 423 2153 dividere
443 2099 561 2154 omnino
574 2116 673 2155 versus
686 2099 760 2154 inter
781 2116 813 2155 se
826 2100 991 2155 necessario
1003 2100 1153 2168 colligatos
1167 2101 1227 2157 288.

154 2190 198 2239 120
218 2186 265 2240 Ne
288 2186 413 2254 proferat
434 2188 482 2257 qui
502 2186 597 2257 pulsat
618 2204 767 2259 organum,
789 2189 900 2244 subitas
924 2188 1146 2257 modulationes,
1171 2189 1227 2244 nisi

116 2272 209 2327 valeat
223 2272 252 2328 id
266 2274 353 2344 digne
365 2274 503 2344 perficere
518 2274 578 2330 288.

151 2360 228 2415 Pars
252 2361 293 2417 II.
321 2362 527 2418 Instructiones
547 2362 585 2417 ad
611 2363 839 2434 promovendum
864 2364 892 2419 S.
908 2364 1040 2419 Musicae
1060 2364 1186 2419 studium
1202 2373 1231 2419 et

116 2448 280 2504 evellendos
292 2451 400 2506 abusus
417 2468 423 2506 :

155 2544 182 2590 1⁰
196 2538 341 2592 Ordinarii
359 2539 480 2594 multum
494 2550 594 2595 curent
616 2540 758 2596 musicam
772 2555 884 2595 sacram
897 2556 985 2610 quum
999 2556 1067 2611 pars
1079 2540 1116 2595 sit
1130 2541 1159 2595 S.
1186 2542 1231 2595 Li·

117 2624 227 2694 turgiae
246 2626 306 2680 288.
324 2656 356 2665 —
369 2628 391 2681 C
395 2635 510 2683 antores
521 2626 586 2684 laici
600 2627 638 2681 ad
651 2626 780 2697 ipsorum
793 2637 894 2683 nutum
911 2627 1101 2683 admittuntur
1126 2630 1187 2686 288.
1196 2661 1232 2670 -

121 2709 285 2768 Conventus
299 2714 336 2770 de
358 2716 387 2770 S.
403 2713 516 2770 Musica
529 2733 587 2770 non
610 2726 733 2787 agantur
745 2715 808 2771 sine
820 2716 999 2773 auctoritatis
1018 2716 1232 2774 ecclesiasticae

118 2815 253 2871 expresso
273 2820 417 2859 consensu
434 2804 494 2858 288.
516 2833 551 2843 -
573 2806 655 2860 Folia
676 2806 825 2875 periodica
846 2805 973 2860 habeant
993 2807 1232 2876 approbationem

121 2888 264 2945 Ordinarii
277 2891 337 2946 288.
350 2922 386 2931 -
401 2892 467 2947 Η20
480 2892 612 2962 Regulae
624 2893 654 2947 in
667 2892 824 2949 discrimen
837 2908 896 2948 non
908 2892 1026 2947 veniant
1039 2894 1100 2947 288.

155 2984 184 3031 20
201 2978 363 3033 Addiscant
385 2979 481 3035 clerici
495 2980 580 3049 Greg.
601 2988 727 3048 cantum,
744 2997 802 3035 non
816 2982 914 3046 alium,
928 2996 992 3034 nea
1004 2980 1108 3034 studiis
1129 2980 1231 3036 distra-

120 3065 224 3121 hantur
237 3068 363 3135 288-289.
389 3098 423 3106 —
438 3066 494 3136 Qui
517 3066 603 3123 aliam
617 3068 758 3123 musicam
780 3068 842 3138 jam
855 3067 952 3135 coluit,
972 3068 1017 3122 vel
1031 3067 1069 3121 ad
1090 3066 1182 3137 ipsam
1196 3070 1232 3124 sit

121 3152 237 3224 speciali
250 3155 318 3210 dote
328 3155 485 3225 praeditus,
499 3154 524 3209 ei
538 3154 664 3225 permitti
678 3164 772 3225 potest
785 3155 860 3209 ultra
873 3154 1005 3224 progredi
1018 3155 1078 3222 289.

157 3247 186 3309 3⁰
205 3242 350 3297 Ordinarii
359 3250 458 3297 curent
468 3258 504 3297 ne
513 3242 698 3297 ecclesiarum
708 3252 834 3297 rectores
846 3241 892 3294 his
905 3240 1009 3310 regulis
1020 3241 1158 3311 derogent
1173 3243 1232 3311 289.

157 3335 186 3394 4⁰
205 3330 388 3398 Abrogantur
402 3331 518 3399 regulae
531 3330 586 3385 bac
598 3331 635 3385 de
648 3346 679 3384 re
691 3340 776 3385 antea
789 3330 876 3384 datae
890 3330 949 3398 289.

678 3409 687 3433 Ι

156 3472 207 3523 72.
229 3474 491 3525 INSTRUCTIO
501 3475 544 3524 ad
555 3474 745 3525 ordinarios
755 3484 794 3522 20
802 3472 989 3534 Superiores
999 3470 1165 3533 regulares

124 3561 250 3620 1121120,
266 3560 306 3612 de
318 3574 413 3611 sacra
426 3562 690 3612 praedications.
705 3585 740 3595 -
757 3560 794 3611 31
808 3559 891 3610 lulli
914 3559 1005 3609 1894.
1045 3569 1109 3623 pag.
1183 3569 1237 3623 ²90

159 3660 271 3715 Dolens
285 3660 416 3716 Pontifex
436 3676 537 3731 graves
551 3662 692 3731 quosdam
713 3660 822 3714 abusus
835 3659 864 3713 in
886 3658 974 3713 divini
987 3658 1067 3713 verbi
1090 3659 1235 3727 praedica-

123 3746 231 3803 tionem
245 3749 404 3819 irrepsisse,
426 3750 688 3819 Congregationem
698 3747 784 3817 jussit
798 3747 835 3801 de
848 3746 1033 3816 praedicandi
1047 3747 1127 3800 verbi
1147 3746 1237 3801 divini

124 3835 284 3891 ministerio
304 3838 417 3906 regulas
431 3838 508 3904 dare,
529 3836 633 3907 quibus
646 3835 765 3891 omnino
786 3835 892 3889 abusus
906 3833 945 3888 illi
966 3834 1104 3887 tollantur
1116 3848 1176 3901 290.
1201 3862 1236 3871 -

124 3926 217 3981 Dotes
236 3936 417 3996 exponuntur
439 3926 467 3981 in
488 3925 567 3982 verbi
580 3924 668 3980 divini
689 3923 822 3979 ministro
842 3922 1013 3994 requisitae:
1042 3922 1100 3975 sint
1121 3922 1150 3975 in
1172 3920 1236 3991 ipso

123 4014 217 4084 pietas
230 4024 259 4068 et
280 4031 361 4069 amor
372 4016 450 4084 Jesu,
472 4030 523 4085 per
536 4030 610 4085 quae
624 4013 653 4067 in
667 4011 724 4067 Dei
746 4011 868 4082 gloriam
881 4020 910 4066 et
931 4010 1054 4064 salutem
1075 4008 1237 4064 animarum

124 4102 277 4167 ardescat;
295 4120 353 4157 non
376 4113 486 4157 tantum
499 4102 588 4158 verbo
611 4101 661 4156 sed
675 4110 704 4155 et
725 4100 856 4170 exemplo
868 4098 1037 4170 praedicet;
1057 4097 1094 4152 sit
1116 4097 1238 4153 scientia

124 4193 280 4263 praeditus,
293 4212 347 4250 nec
360 4194 429 4249 fidat
443 4211 512 4251 suae
525 4193 638 4250 dicendi
651 4191 780 4263 peritiae,
791 4193 844 4248 sed
856 4190 910 4247 rite
921 4207 973 4261 per
982 4190 1108 4245 studium
1121 4202 1238 4261 paratus

124 4282 292 4337 cathedram
317 4283 453 4338 ascendat
468 4296 594 4351 290291.
616 4312 651 4322 -
675 4280 887 4350 Invigilandum
911 4295 949 4334 ne
971 4294 1017 4335 res
1038 4287 1199 4334 tractentur
1221 4296 1238 4333 2

125 4382 208 4424 sacra
228 4369 443 4440 praedicatione
456 4370 569 4425 alienae
589 4384 649 4438 291.
662 4398 698 4407 -
715 4368 864 4423 ludicatur
882 4366 1106 4439 praedicationis
1119 4367 1240 4423 materia
