3117 4859
298 374 348 425 nn
375 374 496 426 assus
525 376 827 427 scenssrssmcrs
855 376 897 425 ru
927 374 1102 425 pennum.
1184 356 1253 443 265

691 484 908 491 n-————.-.
926 484 1011 489 .—--
1071 482 1208 489 -ae-...q-

135 542 202 613 per
224 532 358 595 verbum
377 531 524 597 Christi:
547 544 582 597 at
605 534 759 616 quomodo
782 535 919 597 arrdicnt
933 535 1003 597 sinc
1011 531 1256 622 praedicante?
1312 542 1393 631 MJH

143 636 299 715 quomodo
306 636 552 717 praedicabunt,
565 638 634 699 nisi
644 638 825 700 mittantur
837 638 898 720 (¹)?
915 636 1131 720 Quapropter
1142 655 1254 699 mone·
1318 642 1391 705 1894·

146 756 231 816 mus,
247 738 465 803 Venerabiles
483 740 626 819 Fratres,
642 761 681 805 ac
708 742 861 819 stimulos
887 741 1018 805 caritati
1044 750 1174 804 vestrae
1196 739 1254 801 ad·
1302 758 1430 836 Mutiprs-

113 830 115 837 ’
145 842 266 919 dimus,
282 852 319 907 ut
334 863 449 907 sacrae
465 846 700 928 expeditiones
729 847 820 930 apud
839 847 943 911 Indos
969 845 1256 928 multiplicentur:
1280 824 1431 952 {wlff

146 946 409 1029 multiplicentur
435 948 496 1013 viri
525 949 838 1028 misericordiarum,
853 952 911 1034 qui
937 950 1088 1015 volentes
1113 950 1256 1013 libentes
1281 957 1407 1032 lndqsex·

146 1039 323 1114 mittantur
337 1050 479 1132 operarii
495 1051 529 1115 in
547 1072 690 1116 messem
705 1054 855 1132 Domini,
868 1075 929 1117 nec
944 1054 1035 1117 carni
1052 1062 1085 1116 et
1101 1052 1255 1134 sanguini
1279 1022 1416 1135 ffflm

144 1157 402 1238 acquiescentes,
415 1155 583 1220 derelictis
599 1157 756 1223 iratribus
772 1159 988 1236 omniafiant,
1001 1169 1037 1222 ut
1053 1178 1110 1221 eos
1122 1156 1256 1223 Christo

144 1257 352 1322 lucrifaciant
360 1280 368 1337 ;
381 1256 524 1323 inierant
535 1260 697 1324 barbarae
709 1264 803 1343 genti
816 1262 947 1326 civilem
961 1260 1088 1326 cultum
1100 1271 1134 1325 et
1147 1281 1255 1325 mores
1290 1278 1292 1283 ·

145 1364 253 1441 mites,
267 1363 477 1444 ignorantiae
501 1365 658 1427 tenebras
681 1367 866 1443 excutiant,
882 1377 919 1430 ut
935 1368 1071 1431 demum
1087 1374 1207 1429 sortem
1223 1373 1257 1427 et

144 1466 209 1548 ipsi
224 1466 383 1549 accipiant
398 1468 485 1529 inter
498 1477 626 1531 sanctos
633 1483 697 1549 per
700 1469 806 1553 fidem
822 1471 835 1553 (
852 1471 874 1552 ).

191 1567 278 1633 Illud
303 1569 458 1652 denique,
482 1572 515 1633 in
543 1590 612 1655 quo
642 1593 738 1637 curas
768 1584 897 1637 vestras
924 1573 1103 1655 diligenter
1133 1571 1255 1636 versari
1313 1605 1432 1669 mk„

143 1672 307 1754 cupimus,
322 1672 386 1737 hoc
413 1682 473 1753 est,
490 1685 535 1753 ut,
550 1676 722 1759 quoniam,
738 1676 831 1741 hisce
858 1678 1010 1741 maxime
1037 1675 1256 1758 temporibus,
1280 1672 1418 1786 ”unffi

143 1776 188 1839 ad
216 1796 387 1858 perversas
412 1778 588 1859 opiniones
612 1782 771 1845 serendas
797 1801 975 1863 moresque
1001 1778 1255 1845 labefactandos
1277 1744 1431 1867 impp..

144 1880 258 1944 diariis
283 1890 316 1945 et
343 1880 614 1962 ephemeridibus
640 1882 718 1947 mali
745 1885 939 1963 abutuntur,
966 1894 1151 1948 vestrarum
1183 1903 1255 1947 esse
1281 1876 1388 1919 '’amu'-

143 1985 290 2067 partium
319 1986 521 2049 existimetis
545 1989 665 2051 eadem
694 1990 750 2053 via
774 1989 961 2071 iisdemque
989 1990 1037 2052 uti
1054 1988 1255 2065 rationibus;

143 2087 192 2151 illi
209 2090 328 2153 misere
343 2092 386 2155 ad
403 2090 676 2171 destructionem,
691 2114 751 2158 vos
766 2104 882 2158 sancte
908 2096 952 2158 ad
975 2092 1254 2158 aedificationem.

143 2191 282 2257 Valebit
298 2215 379 2259 sane
394 2195 589 2273 admodum,
600 2198 626 2260 si
642 2197 797 2262 homines
812 2199 951 2262 scientia
967 2218 1006 2263 ac
1021 2199 1144 2262 virtute
1160 2217 1253 2281 prae·
1369 2237 1431 2285 stur

143 2296 205 2359 diti
222 2298 399 2362 scribendo
415 2318 451 2362 se
466 2300 602 2376 dedant,
615 2320 700 2384 quae
716 2302 766 2365 vel
784 2303 817 2365 in
835 2302 985 2384 singulos
1000 2302 1072 2366 dies
1088 2300 1140 2364 vel
1156 2300 1253 2364 statis
1278 2304 1408 2415 strigem

143 2402 353 2483 temporibus
379 2403 413 2466 in
439 2404 547 2467 lucem
573 2406 755 2489 prodeant;
779 2406 831 2470 his
847 2408 947 2485 enim,
962 2407 1087 2470 sensim
1104 2414 1137 2469 et
1154 2404 1254 2488 pede·
1279 2384 1383 2482 w
1391 2377 1415 2416 a

142 2505 264 2569 tentim
288 2506 435 2569 disiectis
458 2509 633 2586 erroribus,
648 2508 747 2573 latius
763 2510 956 2592 vulgabitur
977 2511 1110 2586 veritas,
1125 2529 1164 2571 ac
1187 2516 1254 2571 tor·
1274 2499 1397 2562 praediti,

144 2630 225 2691 pore
242 2610 439 2690 languentes
455 2612 559 2677 animi
576 2614 825 2691 excitabuntur,
840 2613 1019 2699 fidemque,
1034 2634 1136 2697 quam
1153 2615 1254 2677 corde

143 2710 260 2774 colunt
280 2713 323 2775 ad
350 2712 521 2791 iustitiam,
536 2726 652 2796 aperte
677 2715 913 2797 profitendam,
928 2727 1064 2781 strenue
1090 2718 1252 2781 tuendam

143 2815 334 2896 suscipient.
352 2814 450 2899 Quae
464 2827 578 2882 tamen
596 2820 827 2885 emolumenta
851 2822 1022 2904 praeclara
1046 2824 1210 2900 evenient,
1226 2822 1253 2883 si
1278 2884 1384 2916 sumam

142 2918 308 2983 eiusmodi
326 2921 504 3004 scriptores
520 2920 631 2986 officia
647 2926 877 2990 accuraverint
902 2946 1017 2991 corum
1046 2928 1181 3010 propria
1197 2926 1254 3008 qui
1278 2933 1414 2997 officiorum

144 3042 206 3105 pro
221 3042 340 3088 caussa
355 3027 484 3107 optima
499 3027 670 3093 dimicant.
686 3028 832 3105 Scilicet,
847 3030 937 3113 quod
956 3033 1147 3096 monuimus
1162 3034 1253 3114 alias,
1279 3013 1403 3056 ''um‘’

143 3136 190 3202 ut,
205 3128 330 3191 comite
353 3130 593 3209 moderatione,
619 3134 808 3215 prudentia,
834 3137 983 3213 caritate,
1009 3136 1078 3199 veri
1106 3139 1253 3220 rectique

143 3231 309 3314 principia
324 3242 474 3299 tutentur
494 3234 641 3315 firmiter,
654 3236 825 3302 Ecclesiae
842 3240 913 3303 iura
931 3240 1142 3306 sanctissima
1157 3244 1252 3305 adse·

142 3344 229 3415 rant,
246 3334 344 3400 Sedis
370 3338 590 3421 Apostolicae
614 3341 825 3405 maiestatem
853 3343 1029 3421 illustrent,
1056 3365 1170 3411 eorum
1195 3349 1253 3428 qui

143 3438 387 3521 rempublicam
417 3453 539 3523 gerunt
569 3447 805 3508 auctoritatem
837 3457 1034 3512 vereantur:
1065 3448 1099 3512 in
1132 3451 1252 3531 quibus

143 3550 259 3607 tamen
275 3542 403 3622 officiis,
420 3544 682 3629 Episcoporumf
692 3558 730 3612 ut
755 3569 901 3631 aequum
924 3561 985 3629 est,
1009 3553 1168 3615 adamare
1192 3553 1251 3615 du·
1328 3577 1429 3646 'arque

144 3656 247 3725 ctum,
272 3649 412 3713 consilia
436 3650 531 3733 sequi
548 3652 770 3719 meminerint.
796 3654 857 3730 lta,
873 3654 1092 3720 Venerabiles
1109 3656 1252 3733 Fratres,
1277 3633 1431 3750 fmssm

142 3770 306 3835 perquam
323 3750 448 3815 bonum
467 3754 592 3819 existet
607 3756 812 3837 praesidium
829 3777 898 3839 quo
913 3757 1056 3840 populos
1073 3760 1168 3824 vobis
1183 3780 1250 3823 cre·
1277 3767 1397 3816 consiliis·

143 3856 233 3920 ditos
258 3874 279 3919 a
304 3858 468 3938 corruptis
496 3856 645 3923 lontibus
669 3862 841 3939 revocetis,
868 3862 911 3925 ad
938 3863 1089 3927 salubres
1113 3864 1252 3928 haustus
1277 3832 1393 3963 mi?

142 3960 329 4027 adducatis.

190 4062 334 4127 Habetis
361 4064 464 4147 igitur
487 4085 574 4149 quae
597 4087 643 4130 ex
669 4067 836 4131 desiderio
860 4077 895 4132 et
917 4069 1058 4133 consilio
1075 4068 1201 4134 Nostro
1217 4071 1250 4133 in
1320 4090 1431 4151 Quasut

142 4168 262 4231 vestris
277 4168 499 4232 conventibus
515 4170 669 4252 agiteris:
685 4170 767 4234 nihil
783 4181 897 4235 autern
914 4173 1109 4237 dubitamus
1124 4183 1250 4237 certum
1273 4163 1388 4269 ξξζζζξη

142 4268 239 4333 vobis
254 4270 544 4355 deliberatumque
560 4273 639 4351 lore,
654 4294 771 4341 omnes
795 4296 891 4339 curas
906 4276 1056 4340 conferre
1074 4286 1110 4340 ut
1125 4278 1252 4356 optatis
1277 4286 1351 4346 rant,

176 4410 196 4443 t.
209 4398 287 4451 Rom„
300 4408 327 4453 x,
342 4413 377 4457 17.
390 4424 420 4433 -
435 4414 456 4445 2.
469 4401 536 4453 Act,
550 4412 624 4456 xxvt,
642 4405 675 4450 18.
