3117 4859
439 366 511 456 278
539 385 749 438 paenarum
771 375 940 440 “nucrrs
959 387 1156 439 anuonuu
1172 367 1189 392 '⁷
1208 389 1238 438 s.
1255 387 1288 440 c.
1309 387 1361 436 aa.
1380 383 1491 434 arnan

435 525 543 588 donec
562 523 767 606 Episcopum
785 525 984 590 benevolum
1010 537 1216 608 receptorem
1234 525 1417 599 invenerint,
1429 533 1455 585 et
1468 523 1493 583 de

434 629 661 692 ecclesiastico
687 629 892 710 patrimonio
918 629 981 694 sibi
1008 629 1223 714 providerint,
1257 650 1351 693 secus
1381 627 1492 709 suspensi

436 742 595 796 maneant
610 732 655 796 ab
669 733 832 796 exercitio
857 743 1088 816 susceptorum
1117 733 1296 800 Ordinum.
1314 731 1404 816 Quod
1422 731 1492 812 poni-

434 835 525 917 gitur
539 852 673 916 quoque
685 835 727 897 ad
738 833 893 898 alumnos
911 845 1064 900 votorum
1080 835 1285 918 simplicium
1298 833 1492 917 temporalium.

435 939 492 1020 qui
507 938 626 1020 quovis
642 938 859 1020 professionis
875 939 1009 1004 vinculo
1033 939 1100 1002 iam
1128 939 1239 1004 forent
1264 939 1370 1017 soluti,
1383 939 1419 1000 ob
1431 935 1491 1015 elap-

435 1059 509 1102 sum
526 1049 660 1122 tempus
674 1059 742 1123 quo
757 1051 837 1106 vota
853 1041 896 1104 ab
912 1041 992 1126 ipsis
1009 1041 1142 1106 luerunt
1166 1053 1367 1128 nuncupata.

257 1211 409 1262 ,samua-,3
479 1175 541 1240 VI.
564 1173 708 1240 Prolessi
734 1185 806 1240 tum
831 1187 985 1242 votorum
1013 1177 1226 1256 solemnium,
1242 1186 1315 1242 tum
1341 1173 1489 1256 simplicium

273 1271 409 1391 ¹than
433 1277 478 1341 ab
493 1277 682 1343 Ordinariis
698 1279 846 1344 locorum
864 1283 906 1344 ad
924 1279 1045 1346 Sacros
1061 1280 1207 1346 Ordines
1225 1301 1295 1344 non
1311 1281 1489 1344 admittantur,

275 1397 408 1508 mm
433 1383 506 1462 nisi,
522 1395 654 1467 praeter
668 1384 735 1448 alia
749 1407 770 1449 a
787 1386 856 1450 iure
872 1395 1009 1464 statuta,
1025 1385 1272 1450 testimoniales
1295 1385 1410 1448 litteras
1427 1379 1489 1442 exhi·

269 1510 410 1579 professae
433 1487 544 1566 beant,
559 1489 651 1570 quod
667 1487 787 1552 saltem
813 1508 872 1571 per
898 1508 1023 1554 annum
1052 1509 1166 1552 sacrae
1191 1489 1383 1570 theologiae
1395 1498 1487 1566 opertu

257 1569 410 1676 ⁸2&ssss
433 1593 589 1656 dederint
604 1594 631 1656 si
648 1603 768 1676 agatur
778 1594 822 1656 de
834 1594 1087 1672 subdiaconatu,
1099 1595 1141 1658 ad
1160 1590 1274 1660 minus
1290 1614 1346 1676 per
1360 1588 1489 1654 biennium,

257 1697 307 1738 ‘W-
434 1698 462 1760 si
496 1698 539 1760 de
570 1697 761 1774 diaconatu,
797 1706 831 1761 et
864 1699 975 1776 quoad
1012 1697 1299 1782 presbyteratum,
1332 1697 1432 1758 saltern
1456 1707 1490 1770 pu
1531 1675 1532 1740 l

435 1803 626 1882 triennium,
652 1805 837 1887 praemisso
864 1814 977 1869 tamen
1006 1805 1150 1887 regulari
1177 1804 1323 1870 aliorum
1355 1801 1487 1865 studionn

434 1907 605 1974 curriculo.

481 2012 578 2076 Haec
604 2015 647 2076 de
672 2033 835 2094 expresso
862 2011 1060 2078 Sanctitatis
1084 2009 1172 2076 Suae
1198 2011 1359 2076 mandato
1385 2001 1488 2089 praelata

436 2113 540 2180 Sacra
573 2115 802 2198 Congregatio
833 2115 1007 2178 constituit
1043 2125 1145 2197 atque
1180 2115 1341 2188 decernit,
1364 2103 1487 2174 contrariis

436 2219 711 2303 quibuscumque,
725 2222 828 2284 etiam
844 2218 979 2302 speciali
996 2228 1030 2282 et
1046 2219 1221 2282 individua
1239 2217 1398 2283 mentione
1410 2207 1488 2289 digit.

437 2328 575 2390 minime
590 2327 812 2391 obstantibus.

481 2431 609 2494 Datum
627 2431 766 2507 Romae,
778 2449 822 2492 ex
840 2427 942 2496 Sacra
960 2427 1236 2510 congregatione
1253 2421 1487 2510 Episcoporutssel

438 2535 665 2618 Regularium,
680 2535 735 2599 die
751 2553 773 2614 4
789 2534 991 2598 Novembris
1017 2535 1108 2612 1892.

965 2709 989 2772 1.
1014 2707 1128 2774 CARI).
1152 2706 1322 2772 VERGA
1343 2700 1434 2780 Prarfl
1533 2767 1534 2806 ;

696 2859 732 2931 d·
752 2863 828 2945 Jos.
853 2863 897 2926 M.
923 2863 1044 2927 Anca.
1068 2861 1298 2927 caesaman.
1322 2849 1481 2926 secretarius.

744 3313 1106 3604 slata
