3117 4859
400 326 443 395 16
600 340 783 393 a1²1sroaa
810 340 1022 391 eucucmca
1051 329 1073 357 ‘⁴
1096 341 1260 393 ocronat
1284 317 1303 346 '⁹

394 502 639 559 consueverunt
664 501 698 555 et
725 493 797 575 ipse
821 492 891 574 egit
910 492 1142 556 sanctissimus
1159 492 1370 574 Redemptor
1385 500 1417 555 et
1433 509 1498 553 ma·

394 601 498 683 gister
515 611 636 675 noster,
652 620 725 663 cum
740 597 879 661 clamore
893 596 1005 676 vqlrlio
1020 607 1052 663 et
1065 597 1215 661 lacrimis
1225 598 1279 679 (¹).

226 708 367 759 Praeclan's
440 694 508 767 Hic
523 701 669 767 officium
687 710 721 765 et
737 709 879 783 paterna
904 700 1026 765 caritas
1051 702 1210 785 postulat,
1226 710 1263 765 ut
1279 702 1313 765 in
1331 702 1496 765 universos

243 775 367 826 orationis
516 807 524 822 .
619 806 627 820 .
1189 806 1196 820 .
1363 806 1372 821 .
1446 806 1453 819 .

216 841 367 905 „mm-„m
396 807 566 871 Ecclesrae
583 805 668 869 lilros
697 824 763 868 non
792 824 929 887 precum
947 806 1060 883 modo,
1074 806 1133 869 sed
1151 815 1254 869 ettam
1272 815 1493 887 poenitentiae

212 913 367 984 ganrurpqe-
394 920 530 973 sanctae
557 929 577 972 a
605 908 763 991 largitore
790 907 956 971 bonorum
975 907 1051 972 Deo
1078 908 1233 991 spiritum
1262 908 1499 992 imploremus:

216 978 368 1099 arziffff
394 1015 483 1097 quod
500 1014 582 1077 dum
599 1022 672 1077 toto
689 1012 804 1077 animo
831 1012 983 1089 iacimus,
998 1032 1117 1077 omnes
1140 1022 1174 1078 et
1190 1013 1342 1095 singulos
1358 1014 1498 1077 adhunc

216 1111 367 1219 fusuram
394 1120 501 1201 ipsam
518 1118 686 1193 virtutem,
709 1135 786 1179 cum
813 1114 919 1181 altera
943 1116 1266 1193 coniunctissimam,
1292 1115 1365 1200 pari
1393 1116 1499 1181 studio

252 1250 291 1283 me
312 1248 366 1282 coa·
393 1222 620 1286 adhortamur.
646 1220 782 1286 Scilicet
808 1220 889 1285 lacit
913 1220 1064 1303 precatio
1087 1230 1125 1285 ut
1141 1221 1275 1285 animus
1291 1230 1499 1294 sustentetur,

213 1314 299 1415 Ἥ
311 1304 366 1413 ἐξὲξ
394 1324 577 1388 instruatur
593 1324 636 1387 ad
653 1322 760 1400 fortia,
777 1326 820 1388 ad
837 1324 952 1387 divina
967 1325 1174 1389 conscendat
1186 1347 1193 1387 :
1205 1322 1286 1388 lacit
1296 1323 1498 1407 poenitentia

248 1428 370 1547 &magi
395 1438 430 1492 ut
447 1428 699 1511 nobismetipsis
726 1427 939 1509 imperemus,
960 1428 1093 1511 corpori
1121 1428 1282 1504 maxime,
1297 1428 1498 1510 gravissimo,

206 1509 368 1627 sapim
394 1555 439 1596 ex
456 1532 559 1596 veteri
577 1552 678 1609 noxa,
695 1532 836 1595 rationis
851 1533 1002 1615 legisque
1018 1532 1232 1616 evangelicae
1249 1532 1394 1598 inimico.
1409 1532 1498 1615 Quae

209 1625 369 1756 pm&
395 1638 542 1713 virtutes,
559 1634 771 1717 perspicuum
789 1644 849 1711 est,
865 1636 1039 1719 aptissime
1054 1636 1142 1701 inter
1158 1656 1193 1701 se
1208 1637 1399 1713 cohaerent,
1415 1637 1495 1699 inter

241 1764 320 1819 supra
332 1771 366 1804 se·
394 1762 430 1804 se
446 1742 617 1819 adiuvant,
633 1741 821 1823 eodemque
848 1760 914 1803 una
929 1742 1134 1824 conspirant,
1149 1753 1187 1805 ut
1210 1741 1393 1818 hominem,
1408 1740 1494 1803 caelo

232 1828 367 1937 22²2?ss
395 1855 520 1921 natum,
534 1866 554 1908 a
566 1846 664 1909 rebus
675 1844 812 1907 caducis
822 1844 1021 1911 abstrahant
1031 1845 1243 1929 avebantque
1256 1846 1493 1927 propemodum

216 1953 303 2003 omnia
321 1954 366 2002 eu·
393 1954 435 2015 ad
452 1952 631 2015 caelestem
648 1969 725 2012 cum
744 1948 822 2013 Deo
836 1951 1115 2014 consuetudinem
1132 1974 1139 2014 :
1161 1948 1198 2013 fit
1213 1960 1340 2027 contra,
1357 1957 1393 2014 ut
1408 1949 1493 2011 cuius

217 2024 343 2069 vacaret.
393 2056 524 2121 animus
555 2054 799 2137 cupiditatibus
826 2063 956 2118 aestuet
987 2054 1218 2138 illecebrisque
1249 2056 1293 2118 sit
1323 2053 1494 2127 emollitus,

394 2162 523 2223 ieiunus
552 2158 607 2222 ille
634 2157 786 2222 fastidiat
812 2159 997 2223 suavitates
1023 2178 1132 2223 rerum
1164 2159 1368 2235 caelestium,
1391 2176 1492 2238 neque

395 2265 460 2326 alia
476 2262 519 2325 sit
536 2262 685 2344 precatio
701 2262 771 2323 eius
799 2261 862 2324 nisi
890 2260 1011 2344 frigida
1028 2283 1096 2325 vox
1119 2272 1153 2325 et
1176 2262 1346 2345 languida,
1362 2260 1494 2341 indigna

217 2382 366 2431 Sanctorum
394 2385 476 2429 sane
502 2383 604 2447 quam
629 2364 722 2428 Deus
748 2364 906 2447 excipiat.
924 2364 1070 2430 -Sunt
1096 2376 1175 2430 ante
1201 2365 1317 2431 oculos
1343 2360 1494 2444 exempla
1538 2403 1540 2414 ·

213 2450 366 2560 p'⁶,‘,‘,·{,{,⁷},f,{
393 2465 623 2547 poenitentiae
643 2465 819 2529 hominum
836 2474 1041 2542 sanctorum,
1063 2485 1205 2548 quorum
1219 2486 1334 2548 preces
1351 2476 1385 2530 et
1400 2465 1492 2528 obse·
1537 2553 1539 2562 Ι

255 2577 366 2641 ipsorum
393 2571 568 2644 crationes,
583 2572 624 2633 et
641 2568 713 2651 ipsa
740 2587 869 2647 caussa,
885 2588 1090 2651 magnopere
1104 2569 1180 2635 Deo
1208 2570 1374 2653 placuisse
1399 2579 1492 2649 atque

248 2640 365 2763 ,ms-{⁴52²}
394 2675 494 2740 etiam
520 2675 562 2737 ad
580 2672 734 2755 prodigia
749 2671 894 2735 valuisse
910 2672 1014 2735 sacris
1038 2671 1133 2737 lastis
1160 2676 1330 2739 docemur.
1348 2674 1489 2737 Mentem
1536 2683 1538 2708 ³

236 2770 366 2886 {msc}
393 2778 439 2841 illi
462 2788 494 2840 et
520 2776 670 2840 animum
698 2773 921 2856 libidinesque
948 2773 1081 2838 assidue
1108 2776 1271 2859 regebant
1294 2777 1491 2842 domabant:
1535 2847 1537 2854 Ι

291 2916 368 2951 auur:
393 2882 566 2945 doctrinae
582 2878 705 2945 Christi
724 2878 962 2961 Ecclesiaeque
978 2879 1050 2942 eius
1070 2880 1283 2946 documentis
1306 2899 1346 2944 ac
1367 2894 1490 2962 praece·

394 2985 461 3067 ptis
486 3002 618 3047 summa
643 2983 798 3046 solebant
825 2982 1046 3047 consensione
1069 2996 1103 3049 et
1119 2985 1324 3050 demissione
1340 2984 1489 3049 adhaere·
1534 2993 1536 3002 ·

393 3106 499 3165 scere;
510 3084 594 3149 velle
608 3084 696 3149 nolle
710 3084 869 3162 nihil,nisi
880 3084 947 3151 Dei
960 3088 1098 3150 numine
1110 3090 1296 3170 explorato,
1307 3087 1389 3151 nihil
1403 3082 1488 3171 quid·

391 3211 493 3275 quam
511 3191 644 3273 agendo
660 3199 821 3272 spectare,
837 3190 901 3253 nisi
926 3190 998 3253 eius
1020 3192 1148 3275 gloriae
1164 3195 1392 3273 incrementa;
1407 3188 1488 3271 cupi·

392 3295 514 3359 ditates
539 3294 658 3357 acriter
685 3312 837 3356 coercere
853 3305 887 3357 et
903 3294 1066 3377 frangere,
1081 3315 1202 3378 corpus
1218 3297 1301 3360 dure
1317 3295 1487 3361 inclemeu·
1532 3287 1534 3290 ’

393 3408 508 3480 terque
539 3396 671 3473 habere,
696 3396 852 3460 iucundis
878 3398 979 3465 rebus
1009 3418 1118 3481 neque
1153 3400 1194 3463 iis
1224 3400 1338 3465 noxiis
1368 3394 1489 3464 virtutis

392 3501 499 3583 gratia
536 3500 712 3564 abstinere.
750 3499 865 3583 Quare
896 3503 1016 3567 merito
1055 3513 1222 3585 poterant,
1253 3506 1345 3587 quod
1378 3499 1489 3567 Paulus

392 3603 580 3688 Apostolus
596 3605 639 3666 de
655 3623 700 3680 se,
716 3604 806 3666 idem
832 3604 895 3686 ipsi
922 3624 1102 3689 usurpare:
1120 3616 1232 3671 nostra
1246 3616 1358 3672 autem
1372 3620 1491 3671 conuer-
1529 3645 1530 3656 ,

392 3707 477 3771 satio
492 3707 527 3769 in
542 3706 641 3771 caelis
654 3715 704 3769 est
718 3706 783 3789 (²):
811 3709 1034 3791 eamdemque
1050 3710 1095 3773 ob
1111 3730 1266 3776 caussam
1282 3722 1417 3777 tantum
1433 3710 1490 3770 ine·
1528 3718 1531 3808 s

394 3829 444 3881 rat
462 3820 494 3880 in
512 3836 627 3880 eorum
644 3817 933 3882 obsecrationibus
948 3818 991 3884 ad
1010 3816 1262 3902 propitiandum
1275 3816 1490 3881 exorandum·
1528 3853 1530 3882 t

259 3922 368 4035 m:
393 3941 458 4005 que
475 3922 587 3984 Deum
605 3918 823 3985 efficacitatis.
844 3958 888 3969 —
904 3920 981 3986 Non
1008 3940 1129 3987 omnes
1144 3920 1284 3985 omnino
1300 3940 1399 4003 posse
1414 3915 1488 3981 adeo

228 4053 306 4087 nores
325 4053 366 4114 nq-
394 4045 455 4089 nec
471 4022 594 4087 debere
615 4032 775 4106 apparet:
804 4031 953 4087 attamen
980 4032 1017 4087 ut
1040 4033 1267 4088 consentanea
1282 4022 1347 4087 sibi
1364 4019 1488 4087 afflicta·

249 4110 369 4233 ³5}ssqu
393 4130 486 4192 tione
513 4126 617 4190 vitam
635 4145 814 4209 moresque
840 4146 918 4189 suos
945 4128 1158 4209 unusquique
1185 4127 1340 4209 castiget,
1356 4123 1487 4189 rationes

249 4234 369 4297 castigare
394 4231 427 4294 id
446 4230 589 4311 exigunt
607 4228 755 4293 iustitiae
771 4229 914 4306 divinae,
930 4230 983 4293 cui
1011 4229 1093 4293 satis
1116 4230 1158 4292 de
1173 4229 1364 4294 commissis
1382 4224 1487 4292 lacien-
