3117 4859
401 324 445 395 18
597 340 781 393 ‘nrrsrom
808 340 1021 391 mesenes
1048 329 1072 357 ‘⁴
1088 322 1296 396 ocronm'Z

393 493 506 576 Quam
517 492 723 576 praeclarum
734 502 769 555 et
779 493 899 575 quanti
909 492 982 567 erit,
990 494 1026 555 in
1038 492 1186 569 urbibus,
1196 495 1231 557 in
1241 494 1347 576 pagis,
1357 497 1390 559 io
1400 494 1482 568 villis,
1541 555 1543 588 Ι

390 610 478 663 terra
505 600 664 681 marique,
694 618 906 681 quacumque
931 608 1027 681 patet
1050 598 1236 663 catholicus
1265 602 1368 677 orbis,
1390 600 1482 665 multa
1541 611 1543 680 g

390 706 522 788 piorum
537 714 682 767 centena
697 704 813 779 millia,
827 704 966 768 sociatis
989 704 1146 767 laudibus
1161 704 1406 787 foederatisque
1419 724 1481 788 pre·
1541 723 1543 770 ι

387 811 492 884 crbm,
507 829 575 872 nna
590 818 704 872 mente
718 818 752 871 et
767 827 851 871 vooe
860 808 1002 889 singulis
1013 808 1105 872 boris
1119 808 1263 872 Mariam
1275 808 1483 882 consalutare,
1541 799 1543 880 f

391 913 533 977 Mariam
558 912 746 995 implorare,
761 932 822 995 per
850 912 996 976 Mariam
1019 932 1155 995 sperare
1180 912 1314 976 omnia!
1340 913 1398 977 Ab
1419 914 1482 994 ipsa
1541 945 1543 1002 5

389 1016 1543 1093 wmmmoemmmmmmfflmmmm2

389 1121 542 1183 nationes
566 1120 612 1183 ad
638 1118 823 1182 christiana
848 1120 988 1181 redeant
1013 1120 1169 1182 instituta
1193 1126 1230 1181 et
1255 1129 1439 1202 praecepta,
1452 1118 1480 1179 in
1541 1101 1543 1182 ἕ

387 1224 509 1305 quibus
534 1224 653 1287 salutis
682 1223 837 1305 publicae
867 1220 1117 1285 firmamentum
1146 1222 1309 1301 consistit,
1337 1223 1424 1285 unde
1451 1230 1480 1283 et
1541 1219 1543 1296 Ξ

386 1326 557 1405 expetitae
573 1327 666 1408 pacis
681 1336 716 1388 et
729 1345 829 1389 verae
843 1325 1016 1388 beatitatis
1030 1325 1130 1407 copia
1142 1324 1331 1391 efflorescit
1346 1326 1404 1389 Ab
1415 1327 1480 1407 ipsa
1541 1325 1543 1420 ξ

384 1448 426 1492 eo
441 1430 625 1510 impensius
640 1430 857 1505 contendant,
871 1429 963 1510 quod
987 1428 1086 1491 bonis
1099 1430 1258 1493 omnibus
1273 1428 1479 1511 exoptatissi·
1541 1425 1543 1452 ¹

384 1529 1543 1618 mmwfflssfflmfflmfflfflmmmmn}

383 1633 554 1717 quilleqne
579 1634 707 1699 fruatur
731 1656 816 1713 sua;
845 1653 947 1719 quam
978 1653 1046 1697 noo
1070 1635 1140 1698 alio
1165 1634 1223 1697 ssla
1249 1636 1351 1700 refert
1366 1635 1427 1699 nisi
1441 1632 1478 1695 ad
1541 1637 1543 1710 ζ

382 1755 534 1799 summas
557 1736 733 1801 hominum
759 1739 990 1821 procurandas
1013 1737 1171 1815 rationes,
1185 1758 1207 1801 a
1231 1758 1301 1821 qua
1314 1736 1435 1821 singuli
1450 1744 1479 1797 et
1541 1713 1543 1792 ἶ

382 1838 534 1904 civitates
561 1841 654 1905 nulla
680 1861 822 1923 usquam
846 1842 982 1917 damna,
997 1840 1142 1922 plurima
1163 1842 1257 1905 omni
1279 1852 1430 1923 ternpore
1451 1847 1480 1900 et
1541 1795 1543 1876 Ῑ

385 1946 536 2009 maxima
551 1944 714 2011 beneficia
729 1958 914 2013 senserunt

427 2048 499 2112 Iam
516 2050 620 2127 vobis,
635 2050 856 2115 venerabiles
873 2052 1017 2130 Fratres,
1041 2052 1247 2134 adprecante
1269 2047 1477 2115 sacratissimi
1541 2075 1543 2118 Ι

381 2152 512 2217 Rosarii
523 2154 664 2237 Regina,
674 2155 836 2237 largiatur
845 2157 939 2220 Deus
952 2176 1092 2221 munera
1103 2157 1267 2219 bonorum
1280 2155 1477 2226 caelestium,
1541 2123 1543 2226 ff

380 2260 469 2324 uode
484 2262 526 2324 ad
544 2273 656 2343 partes
671 2263 849 2344 pastoralis
864 2262 964 2327 officii
980 2274 1097 2328 sancte
1111 2263 1285 2328 obeundas
1306 2261 1433 2326 auxilia
1448 2267 1478 2320 et

379 2362 465 2425 vires
480 2374 661 2446 suppetant
674 2366 706 2428 in
722 2366 795 2429 dies
810 2368 994 2449 ampliora:
1009 2368 1105 2431 cuius
1127 2368 1174 2431 rei
1197 2376 1272 2430 esto
1295 2365 1475 2448 auspicium

378 2474 412 2525 ct
422 2465 544 2547 pignus
568 2468 767 2549 Apostolica
782 2469 982 2547 benedictio,
997 2490 1100 2553 quam
1115 2470 1212 2533 vobis
1226 2468 1308 2551 ipsis
1334 2478 1369 2531 et
1393 2466 1475 2530 clero

379 2578 414 2630 et
430 2571 563 2653 populis
584 2573 745 2656 cuiusque
766 2584 916 2638 vestrum
932 2595 1033 2639 curae
1046 2573 1248 2638 concreditis
1269 2578 1477 2655 peramanter

380 2673 597 2757 imwfflmm

422 2776 551 2842 Datum
584 2780 713 2844 Romae
743 2782 832 2865 apud
859 2781 894 2847 S.
928 2782 1062 2847 Petrum
1088 2782 1145 2847 die
1167 2793 1250 2843 xx11
1277 2776 1480 2861 Septembris

380 2894 575 2961 mdcccxct
592 2884 811 2951 Pontificatus
829 2886 945 2951 Nostri
961 2906 1053 2950 anno
1063 2885 1197 2951 decimo
1213 2892 1346 2967 quarto.

1105 3046 1202 3113 LEO
1218 3047 1281 3111 PP.
1294 3046 1398 3113 XIII.
