3117 4859
304 330 376 417 284
464 349 645 402 ammom
670 351 905 405 aeosromca
933 339 954 369 ‘⁴
975 352 1203 403 nnascmnn.
1226 328 1243 355 ”

125 509 264 585 consideat
304 502 405 584 longe
429 503 598 566 intuemur
624 502 732 585 qualis
756 512 844 567 esset
871 522 981 566 rerum
1008 505 1093 567 ordo
1108 504 1140 565 in
1158 503 1253 567 terris
1270 500 1410 577 futurus,

125 575 280 705 qum&
305 607 575 688 necquidquam
603 608 757 671 novimus
784 607 1061 689 consequentium
1078 607 1242 670 bonorum
1259 613 1410 670 contem-

126 706 280 819 ἕπε
304 710 453 793 platione
468 710 654 775 iucundius.
671 710 770 792 Fingi
786 711 845 774 vix
860 711 976 774 animo
991 720 1113 793 potest,
1127 723 1272 792 quantus
1285 709 1411 791 ubique

123 843 279 901 pamm
303 816 454 895 gentium
483 824 620 897 repente
646 814 732 879 foret
758 818 801 879 ad
828 835 963 879 omnem
991 815 1227 879 excellentiam
1246 814 1412 895 prosperi·
1482 890 1485 896 ¹

125 901 279 1031 “⁸225ssss
303 927 476 1003 tatemque
502 940 626 996 cursus,
650 920 834 984 constituta
857 919 1101 1002 tranquillitate
1117 928 1151 983 et
1167 922 1246 994 otio,
1262 917 1412 982 incitatis

174 1034 280 1109 incultis
303 1024 346 1088 ad
364 1024 572 1088 incrementa
587 1024 716 1100 litteris,
731 1024 877 1088 conditis
894 1026 1030 1107 insuper
1039 1024 1214 1107 auctisque
1224 1022 1410 1087 christiano

122 1100 255 1161 “mu“
305 1145 406 1202 more,
421 1125 606 1188 secundum
623 1127 829 1208 praescripta
847 1126 981 1203 Nostra,
997 1126 1231 1208 agricolarum,
1240 1123 1412 1207 opificum,

304 1228 543 1291 industriorum
560 1230 878 1307 consociationibus,
895 1249 1035 1311 quarum
1048 1250 1117 1311 ope
1133 1239 1166 1293 et
1183 1249 1289 1294 vorax
1305 1230 1411 1311 repri-

305 1341 415 1396 matur
431 1352 539 1409 usura,
555 1343 589 1398 et
606 1333 737 1397 utilium
755 1333 908 1398 laborum
925 1354 1065 1416 campus
1082 1334 1249 1398 dilatetur.

186 1466 278 1515 verna·
348 1435 501 1518 Quorum
518 1437 568 1499 vis
585 1435 831 1515 beneficiorum,
843 1439 1066 1503 humanarum
1083 1438 1411 1520 atqueexcultarum

126 1531 279 1645 ‘baffi‘
304 1543 454 1625 gentium
481 1560 694 1623 nequaquam
722 1542 973 1623 circumscripta
998 1540 1128 1611 finibus.
1151 1542 1251 1623 longe
1266 1543 1413 1622 lateque,

141 1664 280 1727 naturisque
306 1646 397 1709 velut
411 1646 722 1709 abundantissimus
738 1648 857 1722 amnis,
868 1647 1038 1711 deflueret.
1058 1645 1144 1709 illud
1162 1646 1251 1709 enim
1267 1655 1318 1708 est
1330 1665 1411 1709 con·

125 1727 284 1841 'mm
306 1750 529 1826 siderandum,
555 1750 645 1831 quod
672 1750 769 1812 initio
795 1751 955 1827 diximus,
970 1760 1089 1833 gentes
1106 1749 1319 1814 multitudine
1335 1746 1412 1813 infr·

151 1924 156 1936 ‚
178 1865 280 1907 remotos
304 1856 392 1918 nitas
419 1854 514 1936 plura
530 1856 597 1917 iam
614 1854 747 1918 saecula
763 1865 797 1917 et
813 1863 940 1919 aetates
955 1854 1160 1937 praestolari,
1176 1874 1196 1917 a
1214 1874 1281 1935 quo
1295 1854 1411 1919 lumen

126 1923 278 2053 ww.
304 1960 453 2023 veritatis
468 1958 757 2040 humanitatisque
773 1960 950 2041 accipiant.
966 1958 1077 2037 Certe,
1092 1960 1183 2043 quod
1203 1959 1347 2043 pertinet
1363 1958 1409 2021 ad

142 2055 278 2169 lgm
304 2065 544 2145 sempiternam
570 2064 773 2145 populorum
791 2066 945 2141 salutern,
961 2075 1117 2130 aeternae
1134 2066 1256 2128 mentis
1268 2061 1411 2126 consilia

128 2188 279 2263 narninmax
304 2168 500 2250 longissime
523 2177 603 2230 sunt
628 2167 672 2231 ab
686 2167 863 2231 hominum
881 2168 1104 2251 intelligentia
1122 2178 1268 2233 remota:
1287 2166 1411 2230 nihilo-

126 2258 218 2365 ωζῇζξ
227 2252 277 2365 fg}
305 2272 416 2336 minus
440 2272 467 2335 si
495 2292 553 2353 per
570 2273 677 2335 varias
693 2274 860 2336 terrarum
876 2273 993 2355 plagas
1009 2285 1078 2337 tam
1095 2282 1146 2338 est
1163 2273 1272 2336 adhuc
1288 2271 1408 2335 infelix

144 2382 282 2431 culoXVl
304 2375 500 2458 superstitio
527 2374 658 2454 diffusa,
683 2376 717 2439 id
742 2396 810 2441 non
835 2377 975 2442 minima
991 2398 1035 2440 ex
1052 2386 1147 2460 parte
1162 2376 1244 2441 vitio
1259 2376 1410 2440 dandum

128 2455 190 2495 m
304 2482 449 2545 subortis
465 2480 508 2543 de
525 2480 684 2561 religione
694 2481 851 2545 dissidiis.
865 2482 966 2560 Nam,
978 2493 1142 2565 quantum
1155 2482 1245 2546 valet
1258 2478 1411 2545 mortalis

304 2586 390 2649 ratio
423 2605 468 2649 ex
508 2604 617 2650 rerum
655 2586 784 2651 eventis
819 2586 1023 2663 existimare,
1054 2587 1117 2649 hoc
1149 2586 1248 2669 plane
1279 2584 1413 2649 videtur

304 2690 462 2774 Europae
478 2708 598 2754 munus
614 2692 823 2773 assignatum
841 2710 861 2754 a
878 2691 961 2769 Deo,
977 2699 1014 2755 ut
1029 2691 1244 2753 christianam
1258 2688 1409 2770 gentium

302 2796 547 2858 humanitatem
575 2795 618 2858 ad
642 2814 760 2859 omnes
776 2806 882 2859 terras
894 2796 1019 2859 sensim
1035 2795 1188 2879 perferat.
1206 2793 1308 2859 Cuius
1323 2792 1411 2856 tanti

303 2899 415 2980 operis
450 2898 546 2961 initia
581 2918 856 2982 progressusque,
890 2902 1098 2983 superiorum
1131 2909 1280 2961 aetatum
1310 2907 1409 2979 parta

304 3003 484 3081 laboribus,
509 3002 552 3065 ad
577 3004 665 3067 laeta
689 3002 897 3067 incrementa
923 3004 1157 3085 properabant,
1179 3020 1255 3065 cum
1273 3012 1411 3084 repente

303 3103 470 3169 discordia
486 3103 622 3165 saeculo
637 3116 701 3165 xvi
713 3101 920 3185 deflagravit.
933 3104 1112 3185 Discerpto
1125 3101 1410 3185 disputationibus

303 3208 517 3290 dissidiisque
533 3207 670 3271 nomine
680 3206 873 3284 christiano,
885 3208 1078 3272 extenuatis
1093 3208 1249 3288 Europae
1261 3227 1320 3288 per
1331 3224 1410 3269 con·

303 3315 471 3380 tentiones
496 3321 530 3376 et
556 3311 645 3376 bella
668 3311 804 3389 viribus,
821 3312 987 3375 funestam
1004 3322 1195 3393 temporum
1213 3312 1280 3374 vim
1297 3328 1413 3373 sacrae

303 3419 540 3501 expeditiones
566 3435 708 3482 sensere.
734 3416 962 3480 insidentibus
978 3418 1166 3481 discordiae
1181 3415 1316 3491 caussis,
1330 3413 1412 3495 quid

305 3524 425 3587 mirum
453 3523 480 3585 si
508 3532 578 3585 tam
605 3540 729 3602 magna
753 3541 830 3601 pars
848 3519 1039 3601 mortalium
1057 3521 1205 3583 moribus
1221 3518 1413 3584 inhumanis

169 3670 279 3719 Resriru·
305 3639 337 3692 et
368 3630 499 3693 vesanis
525 3627 645 3691 ritibus
671 3626 835 3708 implicita
859 3633 1023 3690 tenetur?
1050 3626 1180 3691 Omnes
1208 3626 1310 3709 igitur
1337 3625 1410 3707 pari

127 3736 203 3813 (πώς
225 3751 278 3783 con-
305 3732 417 3796 studio
441 3732 561 3794 demus
588 3750 725 3812 operam
751 3740 786 3793 ut
810 3731 989 3794 concordia
1005 3740 1110 3806 vetus,
1126 3728 1315 3793 communis
1331 3726 1411 3791 boni

129 3802 282 3914 mmai}
304 3838 432 3910 caussa,
448 3834 650 3897 restituatur.
667 3832 842 3895 Eiusmodi
856 3832 1122 3896 reconciliandae
1132 3831 1340 3905 concordiae,
1353 3848 1412 3909 pa·

128 3932 278 4043 ‘mm'
304 3941 450 4021 riterque
474 3935 644 3999 beneficiis
659 3935 861 3999 christianae
876 3936 1064 4019 sapientiae
1086 3936 1153 3999 late
1170 3930 1413 4017 propagandis,

126 4005 279 4124 {maddi
305 4050 496 4122 opportuna
522 4040 670 4102 maxime
693 4038 800 4102 fluunt
817 4049 979 4121 tempora,
994 4048 1172 4121 propterea
1187 4038 1277 4121 quod
1294 4038 1413 4100 huma·

146 4126 280 4240 ,ἴξιῗζξ
307 4166 369 4208 nae
385 4144 601 4208 fraternitatis
616 4164 715 4208 sensa
731 4164 904 4227 nunquam
920 4144 1022 4209 altius
1039 4147 1072 4209 in
1085 4146 1215 4209 animos
1228 4162 1413 4227 pervasere,

127 4265 198 4321 pora.
307 4267 414 4329 neque
441 4246 509 4308 ulla
535 4256 645 4309 aetate
670 4247 760 4310 visus
785 4248 887 4312 homo
903 4249 953 4311 sui
970 4249 1106 4326 similes,
1122 4248 1283 4313 noscendi
1299 4246 1410 4328 opitu·

307 4352 466 4433 laudique
492 4354 618 4425 caussh,
643 4350 824 4414 studiosius
841 4353 1024 4434 anquirere.
1043 4353 1230 4418 Immensos
1248 4364 1409 4416 terrarum
