3117 4859
348 277 369 346 8
485 303 664 404 eprsroun
686 293 1113 406 suevcrrcn“crrn1srr
1137 281 1319 405 noueris
1542 347 1545 400 Ῑ

1105 399 1167 406 -.--
1177 400 1184 406 ·
1264 401 1347 406 --.
1355 399 1444 406 -.ι-.-

197 462 321 512 unitatem
347 397 481 506 dentis
482 445 604 506 servire
630 442 789 520 consiliis,
804 400 958 508 vocando
973 455 1006 509 et
1031 401 1206 508 incitando
1221 457 1349 528 gentes
1365 466 1446 528 quae
1543 403 1548 522 l

192 533 323 654 mam:
349 549 473 630 ubique
488 557 575 626 sunt,
590 548 632 610 ad
651 547 725 612 fidei
742 547 942 612 christianae
963 550 1150 628 unitatem;
1173 547 1255 612 illud
1278 559 1447 632 tamquam

202 659 320 708 incitave-
348 672 516 717 summum
534 663 687 717 votorum
705 653 910 738 optantibus,
933 664 970 718 ut
985 653 1159 738 aliquanto
1181 672 1240 736 per
1258 653 1328 718 Nos
1347 665 1449 719 matu·

172 725 218 784 'a'
348 767 437 824 retur
453 779 652 840 promissum
681 759 840 821 divinitus
868 768 1012 841 tempus,
1026 779 1094 842 quo
1108 759 1173 843 fiet
1192 781 1295 824 unum
1319 760 1404 823 ovile
1423 769 1452 820 et
1549 764 1550 773 ’

207 913 266 964 un·
268 919 321 960 m
348 884 434 926 unus
448 863 636 928 Pastor
660 863 896 946 Singularrbus
911 874 1024 930 autern
1041 865 1128 927 curis
1151 866 1278 928 interea
1303 875 1452 948 spectare

209 980 323 1056 linusque
350 969 423 1032 Nos
438 971 480 1032 ad
499 967 671 1034 Orientem
689 970 827 1050 eiusque
844 961 1022 1046 Ecclesias,
1038 968 1152 1032 multis
1170 970 1385 1034 nominibus'
1378 969 1451 1031 msi-

191 1045 323 1159 E‘Jffi}
348 1093 431 1156 gnes
452 1083 486 1137 et
501 1075 719 1151 venerandas,
731 1094 775 1138 ex
793 1075 873 1156 ipsis
891 1073 1082 1155 nuperrime
1098 1074 1317 1138 intellexistis
1334 1074 1452 1138 litteris

232 1191 321 1224 aarum
349 1179 552 1262 apostolicis,
575 1199 658 1262 quas
686 1179 940 1262 perscripsimus
966 1179 1009 1243 de
1034 1179 1212 1263 disciplina
1229 1179 1451 1245 Orientalium

88 1342 91 1352 ,
173 1241 324 1359 dqqpqzz
349 1285 578 1348 conservanda
603 1295 636 1348 et
660 1285 795 1350 tuenda
812 1283 897 1348 lude
921 1285 1025 1348 etiam
1051 1285 1134 1348 satis
1161 1297 1359 1369 compertae
1378 1292 1452 1347 sunt

195 1373 325 1488 Efcpnae
351 1391 445 1456 vobis
468 1389 642 1454 institutae
669 1390 824 1468 rationes,
839 1409 933 1472 quas,
953 1389 1084 1454 collatis
1107 1391 1287 1473 diligenter
1309 1390 1454 1454 consiliis

216 1505 323 1566 studeat,
351 1517 426 1560 curn
452 1495 653 1560 Patriarchis
677 1517 791 1560 earum
819 1497 982 1577 gentium,
997 1497 1260 1577 exploravimus,
1276 1495 1388 1580 aptius
1412 1495 1452 1558 ad

173 1646 216 1705 m
235 1637 326 1688 divina
351 1602 481 1666 exitum
499 1600 696 1684 profuturas.
714 1602 833 1683 Neque
857 1612 971 1665 tamen
1001 1601 1191 1678 diffitemur,
1207 1603 1294 1666 hanc
1320 1621 1452 1666 omnem

248 1703 329 1754 sinaut
352 1726 504 1773 caussam
521 1703 773 1770 difficultatibus
784 1705 947 1788 implicari
964 1708 1115 1788 magnis:
1130 1708 1253 1790 quibus
1269 1705 1453 1771 eluctandis

352 1813 380 1876 si
397 1811 532 1894 quidem
550 1811 658 1892 impar
672 1821 723 1874 est
740 1810 844 1874 virtus
861 1809 996 1889 Nostra,
1011 1821 1120 1876 totam
1137 1812 1357 1877 nihilominus
1374 1809 1452 1875 fidu·

352 1917 424 1982 ciac
453 1917 730 1996 constantiaeque
760 1915 838 1993 vim,
855 1916 888 1979 in
915 1936 983 1999 quo
1011 1917 1161 1980 maxime
1190 1926 1334 1999 oportet,
1356 1917 1450 1980 sitam

353 2023 516 2086 habemus
533 2019 789 2102 magnoanimo
804 2019 837 2084 in
856 2020 1010 2104 DeoQui
1024 2021 1113 2085 enim
1130 2022 1176 2085 rei
1190 2031 1338 2086 mentem
1350 2017 1452 2084 Nobis

354 2137 387 2192 et
403 2126 499 2189 initia
509 2126 667 2208 providus
678 2125 870 2202 dedit,vires
887 2125 959 2208 ipse
973 2146 1142 2209 opemque
1158 2127 1199 2190 ad
1217 2123 1452 2210 perficiendum

354 2251 485 2297 summa
501 2249 577 2293 cum
600 2229 809 2312 benignitate
824 2239 915 2294 certe
930 2229 1092 2295 sufficiet:
1107 2239 1209 2313 atque
1225 2230 1290 2294 hoc
1302 2241 1350 2294 est
1367 2225 1451 2313 quod

354 2335 464 2400 enixis
480 2335 633 2417 precibus
647 2335 689 2398 ab
707 2335 779 2417 ipso
796 2335 975 2418 implorare
991 2336 1234 2412 contendimus,
1250 2335 1406 2418 idemque
1420 2338 1454 2394 ut

177 2483 202 2528 „
215 2476 330 2526 humana
355 2438 469 2503 fideles
494 2458 611 2502 omnes
642 2439 823 2521 implorent
853 2440 1068 2503 vehementer
1106 2439 1290 2505 hortamur.
1329 2437 1452 2503 Divinis

171 2543 266 2608 sarus.
309 2595 313 2612 .
355 2564 442 2620 vero,
458 2561 543 2626 quae
567 2541 708 2608 fidenter
735 2543 939 2625 expetimus,
955 2543 1158 2607 adiumentis
1182 2562 1288 2624 quum
1312 2543 1453 2608 humana

354 2668 489 2734 prorsus
500 2645 659 2712 accedere
674 2648 716 2712 sit
729 2649 922 2726 necesse,eis
935 2649 1059 2712 idcirco
1068 2649 1271 2732 quaerendis
1288 2658 1323 2712 et
1338 2666 1451 2731 suppe·

354 2754 511 2844 ditandis,
526 2772 759 2836 quaecumque
775 2753 952 2817 videantur
967 2754 1010 2818 ad
1027 2754 1061 2818 id
1081 2773 1149 2836 quo
1168 2763 1360 2838 spectamus
1381 2770 1450 2815 con·

354 2860 522 2940 ducibilia‚
544 2859 726 2943 peculiares
753 2860 917 2942 quasdam
943 2881 1039 2924 curas
1065 2880 1209 2944 aequum
1233 2870 1285 2924 est
1308 2880 1329 2924 a
1352 2857 1451 2924 Nobis

356 2966 516 3052 impendi.

213 3111 333 3164 Remuli
401 3071 557 3154 Namque
573 3078 610 3132 ut
627 3067 857 3134 Orientalibus
858 3078 1043 3152 ,quotquot
1059 3070 1251 3147 discessere,
1266 3071 1309 3133 ad
1326 3071 1450 3134 unicam

180 3179 330 3230 mulrosum-
358 3175 543 3240 Ecclesiam
560 3174 687 3238 reditus
705 3173 886 3251 muniatur,
912 3174 1044 3252 videtis,
1071 3173 1293 3238 Venerabiles
1319 3173 1451 3240 Fratres,

180 3242 332 3361 nmdm
356 3300 441 3364 opus
457 3299 529 3344 esse
552 3280 583 3342 in
610 3277 726 3360 primis
749 3277 858 3360 parari
882 3298 926 3340 ex
949 3279 996 3340 eis
1020 3277 1100 3362 ipsis
1116 3278 1273 3342 idoneam
1291 3290 1450 3340 sacrorum

358 3383 585 3448 ministrorum
602 3381 745 3464 copiam,
769 3382 827 3464 qui
854 3381 1007 3444 doctrina
1033 3391 1067 3444 et
1091 3381 1218 3464 pietate
1240 3381 1451 3450 abundantes,

327 3486 346 3522 f
357 3487 475 3552 ceteris
485 3495 623 3570 optatae
636 3486 773 3549 unitatis
784 3484 925 3548 consilia
934 3486 1114 3564 suadeant3
1129 3485 1314 3550 catholicae
1327 3487 1452 3567 insuper

357 3591 543 3674 sapientiae
560 3591 714 3674 vitaeque
740 3590 988 3654 institutionem
1015 3610 1117 3674 quam
1137 3593 1287 3655 maxime
1303 3590 1451 3672 evulgan-

357 3695 436 3758 dam
453 3715 534 3770 esse,
550 3704 651 3777 atque
669 3696 715 3758 ita
739 3695 1008 3777 impertiendam,
1032 3706 1068 3758 ut
1096 3697 1231 3778 proprio
1249 3695 1393 3758 nationis
1409 3693 1450 3752 in·

252 3871 254 3880 ,
357 3799 458 3882 genio
483 3799 769 3863 accommodatius
794 3799 980 3864 conveniat.
1006 3797 1119 3882 Quare
1142 3799 1399 3883 providendum,
1419 3804 1450 3859 ut

357 3923 471 3969 sacrae
496 3902 689 3967 educendae
713 3903 886 3981 iuventuti,
907 3905 1108 3988 ubicumque
1133 3903 1304 3989 expediat,
1324 3908 1452 3988 pateant

358 4007 540 4080 instructae
564 4017 787 4090 congruenter
812 4007 955 4085 domus;
979 4017 1018 4072 ut
1043 4009 1138 4090 plura
1163 4029 1304 4072 numero
1328 4016 1452 4091 praesto

358 4111 426 4175 sint
441 4111 627 4193 gymnasia,
654 4111 720 4175 alia
743 4111 824 4176 alibi
848 4133 908 4194 pro
934 4112 1084 4176 locorum
1111 4112 1322 4196 frequentia,
1348 4123 1383 4177 ut
1398 4130 1451 4174 sua

358 4217 518 4298 cuiusque
536 4217 618 4280 ritus
628 4237 703 4281 cum
715 4217 882 4300 dignitate
897 4220 1077 4282 exercendi
1088 4219 1287 4300 praebeatur
1302 4219 1445 4292 facultas

360 4329 396 4386 ut
426 4320 564 4403 optimis
591 4321 728 4385 edendis
759 4321 890 4404 scriptis
915 4341 1051 4386 manare
1084 4323 1127 4387 ad
1154 4342 1271 4387 omnes
1301 4337 1448 4406 germana
