3117 4859
407 392 459 442 DE
487 391 658 444 UNITATE
686 393 902 444 ECCLESIAE.
1145 394 1215 466 159

105 535 224 601 ditum.
236 534 332 602 Sicut
346 536 546 615 CHRISTUS,
558 548 660 620 caput
672 549 706 603 et
718 538 972 621 exemplar,non
989 541 1100 604 omnis
1115 549 1176 619 est,
1187 541 1215 604 si
1303 569 1335 615 ιφ

105 639 139 702 in
155 659 197 702 co
213 638 264 704 vel
280 639 430 705 humana
445 642 628 707 dumtaxat
643 652 812 725 spectetur
827 653 948 707 natura
960 644 1108 722 visibilis,
1123 646 1214 728 quod
1275 616 1366 730 'iffi'

108 742 301 808 Photiniani
321 764 360 809 ac
378 745 574 810 Nestoriani
591 747 740 825 iaciunt;
765 747 818 811 vel
843 748 960 812 divina
975 750 1215 814 tantummodo
1241 783 1366 830 ,amm

108 854 229 912 natura
246 847 431 928 invisibilis,
447 850 538 934 quod
555 851 666 915 solent
682 851 948 934 Monophysitae
963 877 970 915 :
986 854 1046 917 sed
1063 872 1149 917 unus
1164 863 1217 918 est
1241 846 1348 948 iim
1365 925 1379 949 γ,

108 970 154 1014 ex
170 961 311 1035 utraque
326 952 403 1017 etin
421 961 564 1036 utraque
580 965 700 1020 natura
715 975 792 1019 cum
808 955 930 1019 visibili
942 965 1015 1020 tum
1035 957 1194 1022 invisibili
1208 979 1216 1037 ;
1241 974 1296 1030 ⁶⁸⁰!
1306 962 1393 1008 rum·

106 1055 155 1117 sic
170 1057 374 1138 corpuseius
391 1057 571 1138 mysticum
589 1078 655 1122 non
673 1079 752 1122 vera
769 1058 921 1123 Ecclesia
933 1069 986 1124 est
1001 1060 1064 1123 nisi
1077 1070 1217 1144 propter
1242 1022 1393 1125 samem.

106 1177 181 1222 eam
199 1179 279 1238 rem,
294 1161 385 1245 quod
399 1161 469 1224 eius
480 1171 592 1242 partes
605 1163 808 1246 conspicuae
819 1163 887 1226 vim
902 1162 1074 1246 vitamque
1086 1167 1216 1230 ducunt

104 1283 149 1328 ex
174 1265 272 1329 donis
299 1265 609 1347 supernaturalibus
634 1267 802 1349 rebusque
828 1267 957 1346 ceteris,
972 1271 1062 1332 unde
1077 1272 1213 1353 propria

101 1370 250 1452 ipsarum
267 1369 353 1434 ratio
367 1389 406 1432 ac
420 1379 541 1433 natura
555 1367 741 1436 efflorescit.
758 1369 844 1435 Cum
860 1383 975 1436 autem
996 1372 1149 1438 Ecclesia
1165 1377 1210 1438 sit
1289 1393 1393 1450 Quaem

101 1470 264 1536 eiusmodi
276 1473 451 1537 voluntate
467 1482 500 1538 et
531 1473 771 1538 constitutione
788 1475 911 1553 divina,
927 1496 1124 1557 permanere
1139 1480 1213 1543 sine
1241 1450 1376 1558 {msa

101 1573 170 1638 ulla
184 1575 434 1638 intermissione
449 1574 551 1640 debet
566 1575 727 1639 eiusmodi
742 1576 775 1638 in
792 1578 990 1641 aeternitate
1006 1587 1212 1660 temporum:
1241 1573 1376 1676 {gffgi‘ij

104 1679 138 1741 ni
157 1689 379 1761 permaneret,
394 1678 547 1762 proiecto
559 1699 621 1742 nec
636 1688 725 1744 esset
741 1681 879 1743 condita
895 1682 937 1744 ad
955 1683 1216 1770 perennitatem,
1243 1639 1342 1736 ..seit
1388 1765 1394 1776 ·

107 1793 141 1849 et
157 1781 232 1848 finis
248 1783 329 1865 ipse,
344 1803 412 1866 quo
425 1783 480 1847 illa
491 1783 841 1862 contendit-locorum
853 1793 941 1847 esset
953 1794 1212 1870 temporumque
1242 1763 1330 1796 ”mm
1341 1755 1389 1796 ω’

106 1898 200 1955 certo
214 1888 326 1971 spatio
341 1887 510 1953 definitus:
526 1888 617 1970 quod
634 1909 710 1953 cum
726 1888 869 1952 veritate
884 1899 1065 1974 utrumque
1075 1902 1216 1974 pugnat.

110 1995 215 2058 Istam
242 1993 344 2076 igitur
371 2002 405 2058 et
431 1992 612 2056 visibilium
640 2002 674 2056 et
697 1992 916 2057 invisibilium
941 1994 1213 2061 coniunctionem

108 2118 229 2178 rerum,
243 2097 323 2182 quia
340 2097 501 2161 naturalis
516 2108 620 2180 atque
634 2097 736 2162 insita
752 2099 785 2161 in
813 2097 967 2164 Ecclesia
990 2110 1073 2166 nutu
1100 2102 1216 2167 divino

109 2203 206 2278 inest,
221 2202 353 2266 tamdiu
366 2221 562 2282 permanere
578 2221 713 2266 necesse
730 2205 955 2286 est,quamdiu
972 2204 1047 2285 ipsa
1058 2226 1216 2288 perman·

108 2325 186 2368 sura
202 2303 478 2386 EcclesiaQuare
495 2305 769 2388 chrysostomus:
785 2320 804 2375 t
818 2306 877 2372 Ab
889 2308 1040 2372 Ecclesia
1058 2329 1099 2372 ne
1111 2309 1215 2374 absti·
1242 2315 1306 2384 quoa
1318 2314 1396 2361 mrsu

112 2424 130 2477 t
146 2429 248 2474 neas:
265 2408 348 2472 nihil
364 2410 452 2472 enim
467 2407 584 2475 fortius
597 2409 759 2483 Ecclesia.
777 2411 865 2494 Spes
875 2421 934 2476 tua
947 2413 1108 2491 Ecclesia,
1120 2415 1211 2478 salus
1243 2376 1392 2494 ‘dmg'

108 2534 124 2582 c
142 2524 200 2578 tua
217 2513 349 2578 Ecclsia
364 2512 530 2596 refugium
557 2524 652 2579 tuum
679 2514 840 2582 Ecclesia.
870 2516 975 2582 Caelo
996 2516 1165 2582 excelsior
1181 2530 1214 2585 et
1244 2509 1279 2540 ”¹²

112 2632 130 2685 t
145 2625 232 2682 terra
252 2618 349 2682 latior
365 2629 415 2684 est
426 2618 490 2683 illa.
505 2619 700 2702 Numquam
714 2621 868 2699 senescit,
879 2622 937 2686 sed
955 2642 1087 2705 semper
1111 2624 1213 2706 viget.

110 2735 129 2789 ‹
146 2719 378 2804 Quamobrem
388 2722 658 2788 eiusfirmitatem
670 2725 959 2809 stabilitatemque
971 2725 1217 2808 demonstrans,

111 2843 129 2896 t
147 2829 476 2912 Scripturamontem
490 2829 582 2894 illam
593 2840 690 2894 vocat
704 2830 775 2912 (1).)
791 2830 1006 2915 Augustinus
1018 2855 1107 2900 vero:
1124 2838 1217 2904 ‹Pu-
1245 2856 1403 2926 coangusta

111 2944 222 3005 (tant
237 2935 410 3018 (gentiles)
426 2934 622 3018 religionem
646 2936 794 3000 nominis
820 2937 992 3002 christiani
1018 2941 1060 3005 ad
1087 2951 1216 3007 certum
1247 2931 1283 2962 '¹²'

110 3053 130 3109 t
147 3049 281 3122 tempus
307 3039 340 3103 in
353 3040 418 3103 hoc
433 3038 569 3104 saeculo
583 3041 758 3116 victuram,
785 3050 820 3105 et
843 3051 962 3123 postca
975 3062 1041 3107 non
1059 3044 1215 3110 futuram.

112 3155 131 3209 t
148 3141 361 3207 Permanebit
377 3162 456 3226 ergo
471 3162 548 3206 curn
565 3142 645 3220 sole,
660 3143 822 3226 quamdiu
837 3144 889 3206 sol
904 3145 1010 3208 oritur
1024 3155 1058 3211 et
1069 3148 1194 3213 occidit
1213 3171 1220 3229 ;

110 3261 129 3316 t
145 3247 210 3311 hoc
220 3255 272 3310 est
283 3247 444 3330 quamdiu
461 3257 613 3329 tempora
629 3247 694 3311 ista
711 3247 971 3323 volvuntur,non
984 3248 1091 3315 deerit
1101 3252 1219 3318 Eccle-

112 3365 131 3420 t
146 3350 196 3415 sia
207 3351 281 3429 Dei,
292 3352 324 3416 id
338 3362 390 3415 est
406 3352 566 3417 CHRISTI
577 3371 698 3434 corpus
710 3351 745 3415 in
757 3351 854 3416 terris
867 3352 939 3434 (²).)
949 3351 1112 3438 idemque
1123 3356 1216 3422 aiibi:

114 3455 293 3523 (Nutabit
317 3455 477 3533 Ecclesia,
493 3459 521 3519 si
543 3456 711 3521 nutaverit
734 3455 1018 3522 fundamentum:
1045 3461 1102 3523 sed
1129 3464 1219 3527 unde

114 3561 282 3628 (nutabit
297 3560 450 3628 Christus
460 3567 514 3627 l...
529 3563 606 3626 Non
618 3571 759 3626 nutante
770 3561 952 3639 CHRISTO,
965 3583 1032 3627 non
1044 3563 1219 3631 inclinabi·

116 3671 203 3731 (tur
226 3665 259 3727 in
277 3665 444 3730 saeculam
461 3649 594 3729 saeculi.
612 3665 681 3730 Ubi
698 3675 776 3729 sunt
792 3666 849 3747 qui
870 3666 998 3744 dicunt,
1017 3668 1155 3748 periisse
1176 3670 1219 3732 de
1278 3708 1280 3715 ,

112 3779 130 3832 t
148 3768 276 3832 mundo
293 3769 490 3847 Ecclesiam,
502 3770 640 3852 quando
655 3789 716 3833 nec
734 3768 884 3832 inclinari
897 3778 1008 3850 potest
1024 3770 1093 3853 (3)?
1113 3789 1132 3844 l

157 3870 223 3934 His
253 3871 346 3936 velut
376 3872 605 3936 fundamentis
631 3873 795 3936 utendum
820 3872 996 3935 veritatem
1031 3879 1219 3955 quaerenti.
1324 3880 1401 3950 uerae

113 3973 442 4040 ScilicetEcclesiam
453 3976 598 4041 instituit
611 3975 1221 4058 lormavitqueCuRISTUsDominus:
1247 3941 1374 4047 fimi

113 4088 291 4163 propterea
307 4089 426 4144 natura
442 4079 532 4143 illius
548 4100 626 4143 cum
642 4080 815 4163 quaeritur
837 4079 1025 4145 cuiusmodi
1041 4083 1093 4161 sit,
1118 4096 1220 4167 caput
1247 4063 1392 4107 consume:

113 4192 164 4247 est
180 4203 280 4249 nosse
294 4185 375 4268 qnid
393 4183 736 4249 CHRISTusvoluefit
757 4184 908 4268 quidque
933 4204 1052 4266 ¹⁸²P⁸e
1065 4186 1222 4257 effecerit.
1249 4124 1370 4167 unztara„

150 4355 170 4388 1.
183 4343 267 4396 Hom..
278 4343 317 4389 De
325 4349 392 4404 capto
402 4342 529 4402 Eutropio,
542 4356 564 4388 n.
579 4343 600 4390 6.
614 4367 643 4377 -
658 4357 680 4390 a.
701 4343 734 4388 lu
751 4343 945 4394 Pral.1.xx1‚n.
959 4343 981 4389 8.
998 4367 1029 4376 -
1050 4347 1225 4404 aEnarratio

116 4409 218 4457 iaPsal.
231 4419 289 4464 cru,
302 4423 382 4458 sermo
391 4421 419 4464 u,
430 4425 452 4456 n.
467 4421 488 4468 5,
