3117 4859
711 511 1028 595 EPISTOLA

647 705 705 763 nd
720 704 820 763 card.
838 656 1091 776 Langenieux.

341 848 447 1039 Empe
467 877 731 940 convnnru
753 880 969 940 nucnnn.
991 849 1355 940 Hmnosorriio

199 1192 229 1223 ro
312 1182 577 1254 gemmantem
599 1182 667 1234 ate
685 1170 792 1234 Nobis
807 1171 921 1234 oblata
947 1181 997 1234 est
1024 1170 1168 1250 diligens
1191 1180 1225 1233 et
1249 1171 1419 1234 concinna

174 1238 247 1352 fulg.
471 1256 496 1333 Ii
518 1276 703 1356 explicatio
719 1293 828 1338 rerum
844 1287 1015 1355 gestarum
1034 1275 1066 1337 in
1089 1274 1322 1338 Eucharistico
1336 1296 1424 1340 con·

154 1440 159 1452 ,
187 1375 284 1425 Gratis·
364 1289 619 1483 ngentu
659 1378 983 1461 Hierosolymitano,
1017 1378 1070 1442 cui
1113 1380 1294 1459 praefuisti,
1324 1378 1421 1443 haud

134 1441 285 1572 8ἷῇᾜῖ
346 1484 498 1559 Ἦ
522 1482 680 1546 mediocri
696 1482 819 1545 solatio
835 1468 943 1545 Nobis
959 1492 993 1545 et
1009 1482 1174 1566 voluptati
1191 1484 1422 1551 iuitAclicet

136 1587 284 1685 ‘2132
312 1588 423 1649 studia
439 1588 601 1663 omnium,
617 1587 674 1668 qui
691 1597 824 1648 coetum
842 1586 935 1649 illurn
953 1585 1165 1651 celebrarunt
1181 1590 1422 1669 probatissima

134 1710 212 1751 ventu
229 1699 284 1751 Eu·
313 1691 421 1755 Nobis
437 1692 622 1768 extiterint,
638 1690 834 1773 praeprimis
850 1701 963 1754 tamen
987 1712 1023 1753 se
1045 1691 1153 1755 Nobis
1168 1697 1425 1761 commendavit

145 1768 285 1895 mmai}
312 1795 418 1876 pietas
444 1803 477 1857 et
505 1793 685 1875 prudentia
710 1804 776 1869 tua,
806 1812 873 1875 qua
903 1792 1069 1856 creditum
1101 1794 1162 1857 tibi
1195 1797 1419 1861 ministerium

152 1899 285 1976 'Efninerg-
312 1898 433 1962 obiisti.
452 1898 563 1981 Quare
580 1896 674 1961 firma
692 1896 763 1960 Nos
779 1906 872 1960 tenet
888 1896 1018 1973 fiducia,
1035 1918 1220 1981 numquam
1238 1903 1416 1964 remissum

133 1970 284 2081 mm-
312 2006 350 2069 iri
366 2007 526 2083 studium,
541 2026 610 2087 quo
625 2006 787 2069 hactenus
804 2004 976 2065 incensum
1005 2012 1039 2064 te
1063 2005 1218 2068 novimus
1251 2005 1284 2068 irr
1309 2006 1348 2067 iis
1363 2025 1424 2068 cu-

137 2095 285 2225 (ww
312 2110 434 2186 randis,
461 2130 547 2191 quae
574 2110 616 2171 ad
642 2111 769 2173 bonum
804 2106 971 2188 pertinere
995 2107 1157 2190 intelligis
1192 2110 1422 2186 ecclesiarum,

134 2228 197 2275 nme
212 2228 285 2275 meri·
314 2233 399 2295 quae
415 2214 448 2275 In
463 2212 606 2279 Oriente
635 2222 723 2291 sunt,
748 2233 817 2294 quo
835 2212 960 2275 maiore
976 2211 1009 2272 in
1027 2212 1097 2273 dies
1121 2215 1342 2295 prosperitate
1359 2214 1423 2277 flo-

139 2297 288 2407 ‘liberrima
314 2327 409 2381 reant
433 2318 623 2400 arctiusque
649 2318 831 2399 iungantur
853 2315 931 2379 huic
957 2315 1177 2398 Apostolicae
1204 2318 1293 2382 Sedi.
1320 2319 1421 2401 Quae

133 2420 290 2499 anfractus·
315 2422 449 2504 quidem
468 2418 590 2484 fiducia
607 2422 650 2485 ab
666 2442 705 2485 ea
732 2419 859 2483 secerni
886 2440 952 2481 non
980 2430 1101 2499 potest,
1117 2441 1203 2502 quae
1231 2422 1303 2485 Nos
1318 2424 1419 2506 erigit

153 2488 289 2600 ,ossffi
314 2526 356 2589 ad
375 2525 460 2587 bene
476 2524 689 2606 sperandum,
705 2524 827 2587 laetam
845 2544 890 2584 ex
914 2533 990 2588 acto
1012 2538 1178 2591 conventu
1195 2530 1418 2594 obventuram

136 2618 289 2746 spamus&
313 2626 509 2691 salutarium
534 2627 701 2690 fructuum
728 2627 924 2691 ubertatem.
957 2627 1064 2692 Nobis
1094 2650 1176 2695 sane
1207 2634 1417 2713 propositum

207 2720 288 2796 S'um
314 2738 365 2793 est
381 2741 510 2813 partem
528 2730 618 2794 iilam
635 2731 801 2812 insignem
820 2730 988 2793 Dominici
1005 2736 1116 2815 gregis
1142 2738 1233 2798 omni
1257 2737 1417 2801 sollicitu-

137 2812 285 2929 2⁰3¹ssss
312 2836 391 2898 dine
407 2856 445 2899 ac
461 2836 636 2918 diligentia
652 2844 846 2898 constanter
873 2838 1036 2918 prosequi,
1056 2838 1147 2904 velut
1163 2840 1325 2903 hactenus
1341 2862 1417 2921 pro·

139 2949 272 3022 turerga·
316 2942 449 3023 sequuti
466 2962 580 3004 sumus
595 2965 604 3022 ;
619 2962 781 3025 curasque
799 2942 940 3007 Nostras
952 2946 995 3007 ad
1009 2967 1083 3010 eam
1100 2948 1281 3013 iuvandam
1298 2969 1421 3012 ornan-

139 3009 290 3136 ‘523252222
317 3045 463 3127 demque
473 3044 862 3125 collatas,nequeinanes
874 3068 981 3131 neque
991 3050 1119 3114 steriles
1130 3052 1199 3115 fore
1209 3052 1418 3119 confidImus.

138 3190 291 3241 mmm,
319 3148 573 3212 Diviniinterea
583 3148 704 3212 favoris
714 3150 1134 3233 auspicem,Apostolicam
1147 3156 1419 3220 benedictionem

317 3253 387 3331 tibi,
402 3254 524 3318 dilecte
537 3251 583 3315 fili
601 3252 733 3333 Noster,
749 3254 935 3320 Comitatui
951 3257 1113 3321 lectorum
1129 3260 1287 3335 virorum,
1302 3262 1359 3342 qui
1376 3262 1419 3324 ad

316 3359 525 3440 praedictum
557 3369 758 3422 conventum
800 3361 970 3441 agendum
1007 3363 1220 3443 praecipuam
1257 3375 1424 3428 navarunt

315 3482 461 3544 operam,
477 3464 625 3544 itemque
642 3462 730 3526 clero
746 3473 779 3526 et
796 3461 949 3528 fidelibus
966 3477 1042 3530 tuae
1051 3466 1248 3548 vigilantiae
1260 3469 1422 3531 commis-

315 3568 369 3643 sis,
380 3577 590 3649 peramanter
603 3568 636 3629 in
648 3567 797 3632 Domino
807 3570 1025 3650 impertimus.

359 3671 488 3734 Datum
525 3670 657 3734 Romae
693 3673 783 3753 apud
822 3671 856 3738 S.
887 3674 1024 3737 Petrum
1062 3674 1118 3736 die
1155 3689 1180 3737 x
1219 3674 1422 3741 Decembris

315 3788 543 3853 Mucccxclll,
559 3774 778 3840 Pontificatus
796 3777 911 3842 Nostri
928 3799 1017 3842 anno
1032 3777 1166 3840 decimo
1180 3788 1289 3843 sexto.

1021 3921 1116 3987 LEO
1141 3923 1204 3986 ΡΡ.
1228 3921 1331 3986 XIII.
