3117 4859
845 319 883 330 *r
956 325 957 328 ,
1104 322 1216 328 «..r
1290 325 1292 328 .
1402 326 1405 332 ‚

337 378 1377 394 ...................................................................................................

338 400 341 407 ,

674 466 1040 550 lurocurro
1373 470 1404 608 li

616 665 673 724 nd
697 669 730 725 S.
756 667 798 724 R.
824 667 863 724 E.
886 665 1105 725 cardinales

573 843 638 902 us
676 837 837 903 nesus
871 839 1152 902 narramus.

196 1133 226 1180 ιφ
306 1103 620 1178 μῶψυκοη
643 1099 763 1174 omnis,
794 1099 968 1181 suspensis
998 1100 1239 1179 expectatione
1265 1122 1306 1165 ac
1330 1103 1418 1167 solll-

172 1183 195 1221 ”
234 1210 244 1282 J
306 1159 493 1482 ἐι
516 1203 664 1268 citudine
690 1201 820 1278 animis,
836 1203 879 1265 ad
904 1202 1094 1284 propiorem
1112 1202 1261 1268 Orientis
1284 1207 1418 1290 plagam

151 1348 286 1395 Armeniae
470 1333 493 1406 p
517 1318 703 1386 contuetur,
728 1307 898 1372 intestinis
922 1307 1166 1372 offensionibus
1194 1319 1228 1373 et
1255 1309 1418 1376 luctuosis

128 1408 286 1466 seminale·
345 1429 418 1478 ηπ
432 1438 449 1455 ³
476 1440 487 1459 ··
516 1413 637 1477 lessam
665 1413 807 1477 casibus.
833 1413 1004 1476 Acerbum
1037 1433 1150 1476 revera
1166 1413 1418 1498 dolendumque

147 1468 286 1514 mitatesdo·

162 1528 285 1598 orronu-
307 1519 548 1601 spectaculum,
564 1515 689 1581 inlecta
705 1517 869 1598 sanguine
884 1515 1021 1598 oppida,
1036 1518 1188 1581 civitates
1203 1542 1210 1580 :
1228 1518 1314 1582 ferro
1327 1518 1419 1582 flam-

130 1586 287 1692 '‘iiiiii-i
309 1624 439 1706 misque
467 1625 621 1703 ingentes
645 1621 830 1704 pervastati
846 1631 981 1686 tractus.
996 1659 1040 1670 -
1056 1621 1149 1686 Dum
1165 1622 1226 1685 viri
1242 1623 1420 1706 principes,

91 1751 99 1764 ‚
138 1705 287 1823 „iss‘lffjss
308 1748 396 1812 quae
411 1745 525 1790 eorum
544 1745 677 1790 summa
692 1725 764 1788 laus
788 1735 848 1801 est,
863 1725 996 1790 collatis
1012 1726 1154 1790 invicem
1173 1727 1333 1804 consiliis,
1349 1749 1420 1791 mo·

130 1827 285 1884 “mm
308 1832 389 1897 dum
418 1831 570 1894 cladibus
586 1839 620 1894 et
647 1850 798 1894 securam
816 1829 1083 1895 incolumitatem
1101 1830 1250 1894 innoxiis
1265 1830 1420 1895 laborant

308 1954 501 2017 exposcere,
513 1934 585 1998 Nos
601 1934 737 2016 quidem
751 1951 968 2016 nequaquam
984 1935 1182 2011 omittimus,
1194 1944 1359 2017 quantum
1370 1943 1422 1998 est

307 2041 340 2104 in
360 2039 476 2114 Nobis,
501 2058 561 2120 pro
577 2038 696 2103 eadem
717 2058 835 2102 caussa
852 2038 1061 2102 nobilissima
1076 2039 1325 2121 iustissimeque
1340 2059 1419 2104 con·

308 2145 454 2208 tendere.
470 2141 638 2207 Videlicet
654 2152 734 2207 ante
750 2143 812 2206 hos
829 2143 919 2224 ipsos
935 2143 1137 2207 novissimos
1154 2163 1261 2219 casus,
1278 2145 1339 2207 niti
1356 2164 1418 2226 pro

307 2258 408 2331 gente
421 2247 583 2312 Armenia
595 2248 709 2310 animo
721 2247 946 2311 libentissimo
957 2247 1159 2325 studuimus,
1172 2248 1420 2330 implorataque

307 2353 433 2416 excelsi
466 2351 630 2433 Principis
646 2351 857 2428 auctoritate,
872 2353 1100 2428 concordiam,
1117 2354 1419 2428 mansuetudinem,

307 2457 513 2539 aequitatem
541 2455 717 2520 suasimus.
742 2453 840 2537 Quae
865 2457 1001 2539 quidem
1023 2457 1163 2520 consilia
1180 2458 1308 2520 Nostra
1329 2457 1418 2520 haud

306 2581 388 2624 sane
404 2561 475 2624 visa
490 2561 676 2642 displicere.
692 2560 824 2642 Coepta
841 2562 1005 2641 persequi,
1021 2562 1229 2642 propositum
1247 2571 1298 2624 est
1314 2586 1321 2624 :
1337 2561 1417 2624 nihil
1480 2615 1486 2627 .

308 2666 397 2728 enim
414 2675 484 2729 tam
496 2666 660 2748 cupimus,
675 2683 777 2747 quam
795 2665 881 2728 utin
901 2664 1043 2728 maximi
1067 2665 1198 2747 imperii
1216 2664 1339 2729 linibus
1360 2685 1419 2729 sua

311 2769 431 2851 cuique
455 2771 679 2846 incolumitas,
695 2789 823 2851 suaque
838 2769 910 2832 iura
925 2770 1040 2832 omnia
1056 2769 1159 2845 salva,
1174 2779 1212 2833 ut
1227 2779 1372 2852 oportet,
1386 2779 1419 2833 et

311 2883 428 2936 sancta
448 2874 523 2937 sint.
543 2874 676 2938 Interea
699 2873 926 2937 Armenorum
942 2871 1076 2936 afflictis
1089 2872 1230 2937 fortunis
1246 2874 1418 2957 tempesti-

312 2998 389 3041 vum
407 2977 564 3041 solatium
581 2999 601 3041 a
617 2977 726 3041 Nobis
742 2997 784 3040 ne
800 2978 941 3053 deesset,
957 2997 1056 3058 opem
1074 2977 1158 3040 ferre
1181 2978 1297 3060 egenis
1314 2986 1416 3042 matu·

312 3083 468 3158 ravimus,
483 3101 568 3165 quos
582 3082 731 3146 maxime
748 3080 923 3145 calamitas
939 3081 1145 3159 perculisset.

142 3210 285 3257 senmurum
356 3185 481 3250 Nostra
496 3197 610 3250 autem
626 3205 706 3268 erga
724 3185 893 3250 Armenos
907 3185 1029 3262 studia,
1044 3186 1276 3250 testimonium
1300 3195 1334 3251 et
1356 3185 1418 3250 iru-

131 3271 285 3375 ’ᾞζιξζξξζξζ
311 3301 384 3355 ctus
401 3290 631 3373 amplissimae
647 3291 797 3356 caritatis
813 3303 976 3374 suntque
992 3291 1227 3372 prosequimur
1240 3300 1361 3372 gentes
1375 3311 1418 3353 ex

132 3392 284 3501 iiiam*
311 3394 451 3460 Oriente
477 3397 666 3461 universas:
684 3397 894 3477 quibuscum,
909 3405 947 3458 ut
964 3395 1068 3477 probe
1084 3395 1200 3472 nostis,
1225 3396 1419 3466 adiumenta

310 3501 428 3564 salutis
453 3501 688 3582 sempiternae,
712 3519 947 3583 quaecumque
974 3500 1006 3561 in
1025 3509 1194 3580 potestate
1210 3508 1289 3562 sunt
1306 3497 1418 3562 Eccle-

310 3605 379 3669 siae
410 3604 603 3682 catholicae,
618 3605 867 3668 communicare
895 3604 1031 3686 quidem
1048 3614 1083 3668 et
1099 3604 1255 3667 volumus
1271 3613 1305 3668 et
1321 3623 1419 3666 cona·

311 3729 392 3774 mur.
408 3708 547 3787 Idcirco,
563 3708 620 3791 qui
631 3707 818 3771 Nobiscum
835 3708 877 3770 de
895 3705 960 3771 fide
987 3708 1189 3790 discrepant,
1205 3726 1362 3771 revocare
1377 3707 1420 3771 ad

310 3815 548 3892 concordiam;
570 3814 626 3894 qui
646 3813 861 3889 conveniunt,
884 3812 1054 3876 devincire
1070 3811 1257 3876 Nobiscum
1284 3813 1423 3876 coniun-

311 3920 404 3995 ctius,
418 3919 566 4000 itemque
582 3917 695 3981 iuvare
707 3917 799 3980 omni
812 3937 877 3999 ope
894 3925 996 3999 atque
1008 3937 1126 3981 ornare
1142 3917 1282 4000 ingressi
1298 3934 1423 3982 sumus.

146 4063 285 4104 „,„„„„„
357 4023 434 4086 Hac
450 4021 624 4086 voluntate
639 4022 846 4103 consilioque
858 4021 986 4084 litteras
1004 4021 1221 4103 Apostolicas
1231 4021 1424 4103 nuperrime

157 4117 286 4234 ffljp'g}
311 4125 476 4202 dedimus,
502 4145 547 4188 ex
573 4125 693 4209 quibus
723 4123 818 4188 facile
845 4125 1075 4208 perspiciatur,
1098 4145 1185 4207 quae
1202 4145 1297 4189 mens
1314 4123 1422 4188 Nobis

163 4235 241 4284 datas,
253 4249 286 4279 se·
312 4246 392 4309 erga
408 4229 546 4309 Coptos,
562 4228 619 4309 qui
641 4230 781 4292 animus.
799 4228 967 4292 Nimirum
984 4249 1060 4293 cum
1077 4248 1193 4293 eorum
1210 4230 1370 4311 pietatem
1387 4235 1423 4291 et

189 4291 287 4350 ΜΨ
315 4332 360 4394 rei
373 4330 559 4393 catholicae
576 4351 634 4412 per
649 4331 848 4414 Aegyptum
865 4334 1045 4414 explorata
1062 4334 1269 4396 incrementa
1283 4331 1421 4396 habere·
