3117 4859
376 341 444 410 444
532 333 760 396 εΡιετοιΑ“
781 345 960 396 insinues
990 347 1065 398 neo
1091 326 1323 398 serenuofl

195 505 282 562 444444
270 505 345 549 444444
372 509 524 574 puaeque
539 492 602 554 sibi
614 491 775 556 duxerint
790 445 927 573 gloriae,
938 501 975 556 ut
991 512 1131 576 regnum
1148 514 1246 558 suum
1260 495 1491 576 Apostolicae

201 565 345 670 Μή,
371 592 461 672 Sedi,
484 604 659 678 tamquam
678 595 841 677 peculiare
862 606 897 660 ei
917 594 1168 672 deditissimum,
1194 617 1298 680 quam
1331 603 1491 666 maxime

216 699 263 860 ξπ
230 699 334 848 &Q
294 683 567 764 Ν·οὺεῑτίεῑυη4
590 709 750 764 tenerent
778 699 869 764 Huic
889 701 936 764 rei
961 701 1137 782 complura
1163 701 1299 785 quidem
1325 724 1373 766 ex
1401 707 1489 770 actis

190 869 252 932 afm
228 803 344 921 πη..
316 801 512 882 e'‘publicis
535 802 777 886 suffragantum
803 804 855 868 vel
874 804 1005 868 litterae
1020 825 1040 868 a
1056 805 1192 888 regibus
1207 816 1240 869 et
1257 807 1489 888 optimatibus

342 907 415 970 ·ad
439 907 618 972 Pontifices
641 927 799 972 romanos
813 925 948 972 summa
962 928 1040 972 cum
1055 909 1183 990 pietate
1199 911 1420 992 perscriptae,
1436 911 1489 974 vel

369 1010 528 1092 exempla
545 1013 781 1094 magnanimae
793 1020 1016 1094 strenuusque
1025 1013 1160 1076 uirtutis
1162 1033 1277 1096 ,quae
1286 1015 1486 1078 antestiam

368 1131 470 1196 quam
487 1124 604 1182 contra
614 1115 776 1180 irruentes
789 1115 1110 1180 Mahometanorum
1122 1117 1238 1198 copias
1253 1117 1487 1192 contenderet

368 1219 542 1300 suppetias
551 1218 643 1282 venit
660 1217 842 1294 Ecclesiae,
850 1219 894 1284 ad
907 1219 979 1283 iura
990 1219 1062 1282 eius
1074 1220 1218 1284 tutanda
1229 1220 1488 1285 ulciscendesue

369 1322 590 1405 perduellium
618 1321 765 1386 iniurias.
780 1322 841 1396 At,
867 1341 910 1386 ne
936 1321 1042 1386 fusius
1067 1343 1108 1385 ea
1134 1341 1388 1406 persequamur,
1403 1326 1486 1388 satis

369 1426 647 1510 loquunturquae
664 1425 777 1490 multis
793 1427 904 1490 modis
920 1425 1139 1490 intercessere
1153 1425 1265 1492 officia
1280 1429 1354 1509 regi
1370 1427 1485 1492 Ludo

369 1531 444 1594 vico
461 1529 590 1612 Magno
605 1549 682 1594 cum
701 1529 900 1595 innocentio
908 1529 961 1594 Vl
978 1541 1013 1594 et
1030 1530 1173 1597 Urbano
1181 1529 1227 1608 V,
1241 1531 1345 1612 plena
1360 1530 1486 1595 fideiet

367 1633 611 1710 observantiae,
634 1632 735 1715 plene
761 1632 1018 1698 benevolentiae
1047 1643 1081 1697 et
1111 1633 1230 1700 laudis.
1258 1634 1381 1718 anue
1406 1643 1484 1698 sunt

367 1737 677 1802 commemorabilia
703 1757 791 1820 quae
822 1737 989 1802 Matthias
1019 1758 1081 1802 rex
1112 1737 1218 1803 Paulo
1241 1739 1278 1802 11
1303 1739 1480 1820 rescripsit,

367 1841 562 1907 adhortanti
589 1853 626 1905 ut
653 1840 783 1906 nomini
805 1840 984 1919 catholico,
1006 1841 1052 1904 ab
1078 1841 1230 1906 Hussitis
1256 1841 1291 1905 in
1317 1841 1481 1908 Bohemia

368 1945 503 2022 afflicto,
532 1966 598 2028 ope
628 1945 740 2008 valida
770 1945 985 2010 subveniret:
1013 1945 1086 2028 Ego
1115 1966 1176 2022 me,
1202 1945 1324 2028 inquit,
1352 1955 1481 2009 sanctas

368 2071 522 2116 ennianae
536 2049 697 2114 Ecclesiae
707 2057 741 2112 et
754 2059 880 2114 vestrae
895 2048 1115 2125 Beatitudinr',
1128 2071 1199 2114 una
1213 2064 1286 2114 cum
1302 2069 1403 2131 regno
1414 2069 1481 2114 neo

368 2165 470 2220 totum
485 2152 642 2218 dedicavi.
658 2151 761 2216 Nihil
773 2151 945 2218 miiitum
958 2152 1115 2230 arduum,
1129 2152 1221 2218 nihil
1230 2152 1312 2218 adeo
1326 2153 1480 2235 pershale

366 2282 440 2324 sum
466 2259 535 2322 Dei
558 2257 708 2322 interris
731 2257 893 2332 Vicarius,
908 2257 1009 2322 immo
1033 2257 1125 2320 Deus
1152 2256 1219 2338 ipse
1245 2255 1354 2321 iubere
1369 2266 1479 2339 potest,

366 2364 455 2448 quod
458 2363 617 2444 suscipere
626 2381 689 2424 non
696 2360 794 2442 pium
805 2371 837 2424 et
846 2361 993 2426 salutare
1003 2360 1196 2437 existimem,
1204 2360 1295 2442 quod
1303 2381 1368 2426 nen
1384 2360 1477 2424 cistre-

359 2469 463 2552 pidus
476 2467 664 2550 aggrediar,
674 2466 871 2546 praesertim
886 2465 945 2530 ubi
959 2464 1000 2528 de
1011 2463 1187 2528 solidanda
1193 2463 1267 2547 fide
1280 2464 1436 2528 catholiea
1449 2472 1478 2525 et

366 2574 405 2636 de
428 2570 651 2636 contundenda
667 2569 812 2651 perfidie
836 2569 1013 2650 impierum
1036 2567 1194 2650 agitur...
1222 2567 1477 2650 Quibuscum

367 2678 536 2760 religionis
555 2673 701 2739 hostibus
724 2694 887 2738 occurrere
905 2685 984 2755 opus
997 2682 1053 2749 est,
1068 2693 1133 2738 ecce
1150 2671 1322 2737 Matthias
1336 2670 1478 2736 simulet

369 2781 592 2866 Hungnria...
611 2779 814 2862 Apostolicae
840 2776 925 2841 Sede·
944 2788 977 2841 et
999 2787 1127 2840 vestrae
1149 2775 1364 2842 Beatitudirei
1375 2775 1480 2840 deuon

367 2897 509 2962 4444444444,
523 2894 753 2966 aeternumque
762 2881 947 2946 manebunt.
963 2881 1036 2946 Nec
1051 2896 1132 2944 vero
1148 2878 1200 2944 vel
1214 2880 1304 2961 regis
1319 2881 1420 2944 dictis
1428 2877 1476 2940 vel

369 2991 541 3056 Pontificis
551 2987 781 3072 expectationi
798 3007 850 3052 res
866 2986 990 3064 deluit3
1000 2993 1181 3067 manetque
1196 2983 1391 3066 posteritati
1406 3001 1475 3065 gra·

368 3097 540 3162 vissimum
568 3095 880 3157 documentum-
898 3091 975 3154 Huc
1003 3098 1176 3171 praeterea
1200 3095 1370 3164 spectant,
1396 3095 1477 3152 tem·

294 3215 468 3304 {gjquam
489 3197 596 3262 fidelis
612 3196 798 3261 admodum
809 3193 998 3258 uoluntatis
1013 3192 1172 3275 praemia,
1187 3211 1248 3254 eae
1262 3191 1476 3255 commenda·

206 3333 342 3424 444844ἓεῖ
248 3259 342 3364 '‘ii-li,
368 3307 476 3369 tiones
507 3323 573 3367 non
606 3319 733 3382 paucae
764 3319 825 3362 nec
853 3298 1049 3373 mediocres,
1079 3295 1201 3378 quibus
1227 3294 1272 3358 ab
1298 3293 1365 3358 hac
1391 3292 1475 3358 Sede

200 3380 568 3496 ,m,„„i1,.,“Apostolica
589 3405 765 3486 dignatum
791 3411 843 3466 est
863 3421 970 3484 genus
996 3409 1161 3477 vestrum;
1183 3398 1374 3480 singulares
1401 3399 1476 3462 item

187 3511 254 3614 ,ἐξ
249 3510 341 3602 ,⁷²⁰2
367 3513 510 3577 honores
536 3531 576 3574 ac
602 3507 787 3590 privilegia,
811 3525 899 3588 quae
924 3505 1044 3569 vestris
1069 3503 1203 3584 regibus
1229 3502 1313 3564 ab
1303 3521 1378 3582 ipsa
1404 3511 1479 3564 sunt

225 3665 262 3709 R
255 3666 284 3722 se
286 3671 343 3710 w,
327 3617 547 3700 ·impertita.
564 3613 663 3678 Libet
680 3621 793 3675 autern
812 3608 930 3685 Nobis,
953 3618 1231 3690 praesentemque
1247 3604 1476 3669 celebritatem

187 3715 341 3782 4-4444444444-
316 3723 506 3787 ‘somnino
529 3719 681 3794 addecet,
706 3714 920 3778 illustriorem
942 3712 1128 3795 quamdam
1151 3710 1314 3792 paginam
1331 3707 1478 3772 excitare

188 3783 330 3884 elem
230 3842 322 3910 44444
326 3811 343 3888 4
366 3849 411 3891 ex
427 3824 541 3908 amplo
560 3821 755 3904 diplomate,
770 3837 838 3900 quo
855 3815 1013 3880 Clemens
1029 3814 1122 3878 Xlll
1142 3812 1274 3878 Mariae
1289 3812 1477 3882 Theresiae,

187 3901 274 4002 Mffa
290 3932 500 4014 ,mreginae
521 3923 727 4006 Hungariae,
739 3922 836 4003 eique
852 3922 887 3984 in
904 3921 1023 3984 eodem
1037 3937 1143 4000 regno
1158 3917 1362 3980 successuris
1376 3911 1477 3996 appel-

183 3957 330 4135 ἷξὲἷζΞΝΝ
364 4034 519 4098 lationem
534 4029 638 4112 Regis
653 4024 841 4105 Apostolici,
857 4023 1033 4105 privilegio
1048 4021 1101 4085 vel
1123 4017 1370 4084 consuetudine
1384 4017 1478 4080 indu·

279 4113 284 4124 ’
365 4147 465 4212 ctam,
481 4157 541 4216 pro
558 4140 725 4216 potestate
741 4127 964 4196 confirmavit.
983 4127 1060 4190 Hoc
1076 4125 1178 4207 igitur
1197 4121 1371 4188 Pontificis
1387 4138 1479 4202 prae·

365 4241 473 4314 conio,
504 4249 541 4301 ut
571 4237 638 4299 iam
671 4243 784 4314 patres
813 4243 917 4313 atque
947 4233 1011 4308 avi,
1038 4240 1180 4310 nepotes
1201 4228 1275 4308 ipsi
1302 4225 1479 4289 fruantur:

367 4355 441 4408 l...
466 4337 757 4403 Florentissimum
791 4335 989 4416 Hungariae
1020 4351 1171 4414 regnum,
1201 4331 1243 4393 ad
1274 4327 1476 4392 christianae

200 3153 258 3187 MC!
260 3155 295 3244 Mc
300 3153 343 3186 Μ·
