3117 4859
327 319 373 391 28
772 340 990 394 sntocurro

180 500 299 577 Alterura
326 493 429 557 Porro
453 495 718 559 moderationem
736 491 1444 577 praeierunt,calliditateutunturzexplo-

148 579 299 693 mm
324 607 434 661 ratum
451 606 503 663 est
515 598 615 676 enirn,
631 598 658 661 si
670 616 786 662 verum
810 597 989 679 quaeritur,
1005 596 1094 661 idem
1110 595 1172 660 hos
1199 597 1290 679 ipsos
1314 609 1446 679 petere,

148 712 198 772 ''l‘'
222 700 299 744 Μ·
325 700 481 785 idemque
496 702 592 781 velle,
608 703 698 787 quod
715 701 850 767 alteros.
865 699 957 786 Quid
974 701 1065 765 enim
1082 710 1143 779 est,
1157 702 1249 785 quod
1259 720 1445 785 oppugna·

148 760 300 876 wrm
325 814 415 869 tores
439 805 611 871 christiani
639 806 786 871 nominis
812 807 993 871 acerrimos
1018 814 1052 871 et
1077 816 1223 890 apertos,
1239 807 1342 872 etiam
1357 828 1444 872 cum

149 892 300 1017 mm
326 910 498 975 continere
513 911 650 995 publica
665 910 866 977 auctoritate
882 918 1030 993 possent,
1046 929 1113 975 non
1130 911 1307 975 continent
1319 914 1333 973 i
1345 912 1446 976 illud

164 1023 253 1073 orcum
270 1023 300 1072 in
326 1014 430 1098 peius,
455 1015 546 1099 quod
576 1016 609 1079 in
634 1015 762 1099 populo
788 1015 1037 1080 contumaciam
1067 1024 1170 1099 atque
1196 1016 1276 1080 odia
1302 1017 1446 1100 ipsimet

188 1088 300 1137 eumdem
929 1122 937 1137 .
1110 1122 1119 1137 .

130 1151 225 1219 'finem
248 1160 300 1203 ren·
327 1132 539 1204 exasperant,
555 1123 693 1206 quando
709 1131 828 1188 notare
839 1120 1035 1186 Pontificem
1049 1120 1188 1204 perinde
1200 1122 1326 1187 audent
1336 1132 1449 1207 atque

148 1218 302 1333 ἔξω
328 1226 446 1291 italicis
463 1227 561 1291 rebus
578 1226 752 1293 minaciter
768 1228 1012 1293 imminentem.
1029 1224 1129 1309 Quod
1147 1228 1175 1291 si
1187 1226 1343 1309 abrogari
1370 1247 1447 1290 cer-

147 1349 301 1403 sinunrruos
327 1341 378 1394 tas
395 1329 486 1415 leges
502 1332 631 1414 nolunt,
646 1352 789 1416 quarum
806 1333 934 1415 species
951 1340 1002 1396 est
1025 1332 1196 1415 impertire
1211 1332 1340 1418 aliquid
1365 1335 1446 1401 sedi

146 1414 298 1543 sllmssgffs:
327 1435 547 1519 Apostolicae
563 1439 730 1521 praesidii,
745 1438 871 1502 idcirco
886 1434 1006 1501 nolunt
1020 1438 1101 1519 quia
1115 1436 1264 1502 consiliis
1285 1439 1353 1501 suis
1379 1458 1447 1501 ex-

147 1545 212 1623 sqri,
234 1546 298 1595 Pon·
328 1540 421 1623 pedit
437 1541 535 1608 nolle.
553 1542 622 1607 Eas
638 1542 726 1607 enim
754 1540 948 1623 intelligunt
975 1541 1018 1604 ad
1043 1540 1300 1607 excusationem
1327 1541 1446 1607 ualere

148 1610 300 1725 ‘⁹⁵22ss
328 1644 416 1722 ioris,
432 1646 475 1709 ad
492 1644 632 1710 tutelam
650 1645 742 1710 domi
758 1670 765 1709 :
781 1654 963 1728 praeterea,
979 1662 1047 1727 quo
1063 1644 1174 1709 minus
1190 1645 1237 1708 rei
1252 1644 1447 1713 catholicae

152 1741 300 1856 rtatim
328 1756 495 1826 noceatur,
510 1768 578 1813 non
595 1749 781 1815 admodum
797 1749 942 1813 obstare.
958 1746 1090 1812 Revera
1104 1748 1195 1831 quod
1223 1748 1378 1813 nonnulli
1395 1770 1446 1814 ex

148 1872 299 1921 tramsmi-
328 1853 408 1936 rpsis
417 1872 533 1918 eorum
550 1852 702 1937 partibus
718 1852 797 1917 lassi
810 1862 897 1929 sunt,
907 1852 1082 1935 complura
1093 1852 1240 1917 vidimus
1251 1852 1447 1935 perniciosa

146 1938 299 2061 ζζῖἔζζξζ
329 1957 509 2036 Ecclesiae,
524 1958 640 2043 iniqua
656 1956 822 2031 Pontifici,
837 1956 918 2020 nihil
943 1956 984 2019 iis
1009 1956 1272 2038 impedientibus
1297 1957 1447 2039 legibus,

146 2068 218 2119 Sedis
243 2077 299 2133 apo·
326 2063 519 2127 constituta.
546 2100 590 2113 -
614 2062 731 2126 Vereri
759 2082 796 2125 se
822 2060 959 2143 quidem
987 2058 1214 2143 pontificalem
1231 2070 1445 2143 potestatem

145 2136 301 2250 ’ζζῗζξξίῶἴί
327 2174 514 2231 testantur:
541 2166 600 2229 sed
624 2166 711 2230 hanc
736 2166 843 2247 ipsam
871 2172 1075 2247 potestatem
1098 2163 1259 2227 divinitus
1281 2162 1445 2227 Pontifici

155 2265 301 2394 'wilzi
328 2272 487 2335 traditam
501 2272 686 2336 moliuntur
701 2271 877 2356 descriptis
893 2291 914 2336 a
930 2291 966 2335 se
978 2268 1276 2347 finibuscohibere‚
1287 2272 1446 2336 obstina-

144 2394 302 2453 commas,-
329 2374 449 2437 tissimi
477 2376 564 2438 inter
589 2393 707 2439 omnes
732 2376 764 2439 in
791 2395 832 2439 eo
857 2385 894 2439 ut
920 2383 955 2438 et
978 2374 1133 2439 doctrina
1147 2385 1182 2438 et
1199 2395 1233 2438 re
1249 2376 1445 2451 obnoxiam

145 2461 300 2575 mam
328 2476 452 2541 saciant
470 2476 657 2542 Ecclesiam
673 2479 887 2562 principatui.
904 2477 1082 2562 Similique
1108 2480 1238 2543 ratione
1265 2480 1445 2561 integrum

146 2591 296 2640 auctoritati
325 2578 447 2660 cuique
462 2598 501 2641 ac
517 2587 628 2643 tutum
645 2578 814 2654 nuntiant,
826 2579 868 2640 ad
883 2576 1081 2643 Pontificem
1099 2598 1117 2642 e
1132 2578 1307 2661 quibusvis
1332 2590 1444 2645 terra·

157 2656 299 2773 ‘o'g‘gffl
324 2698 397 2745 rum
415 2681 576 2763 partibus,
590 2680 743 2764 obsequii
759 2684 887 2757 caussa,
903 2681 1017 2745 adire:
1033 2700 1068 2744 re
1083 2688 1198 2744 tamen
1214 2682 1298 2762 ipsa,
1313 2680 1346 2744 in
1363 2690 1447 2747 tam

195 2819 297 2884 meg,
323 2784 445 2866 insigni
462 2784 655 2849 iniuriarum
680 2782 824 2859 licentia,
850 2782 1010 2846 deterreri
1037 2793 1198 2847 externos
1223 2801 1360 2847 necesse
1385 2792 1448 2848 est

146 2885 298 3000 llig'fffi‘g
324 2888 504 2953 insolentia
518 2888 633 2971 plebis.
650 2924 694 2937 —
712 2886 764 2951 lta
781 2886 891 2964 nobis,
901 2886 1075 2969 utriusque
1086 2886 1220 2969 generis
1229 2888 1445 2951 adversario-

178 3016 214 3063 ad
230 3032 297 3065 sum·
325 3011 398 3055 rum
415 2995 527 3074 opera,
550 2992 603 3055 vel
632 2992 705 3074 ipsa
729 2990 922 3073 alloquendi
948 2990 1107 3055 audiendi
1134 2991 1337 3055 commercia
1365 3010 1444 3057 non

146 3096 235 3195 nm
243 3082 298 3194 ἐξ
325 3112 442 3175 parurn
459 3093 733 3176 praepediuntur:
747 3100 783 3155 et
799 3092 841 3153 ad
856 3091 1029 3153 minimam
1040 3108 1211 3172 quamque
1221 3092 1444 3155 occasionem

147 3217 196 3271 rus,
207 3218 247 3260 ast
258 3213 298 3261 in·
325 3194 509 3260 illustratur
535 3204 569 3259 et
594 3194 749 3276 erumpit,
779 3193 870 3275 quod
899 3191 995 3256 initio
1026 3192 1186 3266 diximus,
1217 3194 1332 3257 vexari
1364 3193 1449 3257 Nos

142 3278 299 3407 phgtlssffl
325 3299 476 3381 quotidie
492 3298 671 3381 indignius,
688 3306 790 3380 atque
806 3298 839 3359 in
857 3296 978 3359 mediis
993 3293 1248 3361 difficultatibus
1273 3305 1447 3379 perpetuo

175 3406 295 3458 cluditur·
325 3402 452 3468 luctari.
469 3401 567 3486 Quae
583 3402 721 3485 quidem
738 3402 765 3464 si
781 3410 834 3464 tot
846 3420 885 3463 ac
899 3409 1016 3464 tantae
1031 3410 1111 3464 sunt
1126 3400 1159 3463 in
1171 3419 1254 3482 pace
1271 3401 1448 3483 rebusque

325 3511 531 3592 compositis,
547 3529 647 3573 nemo
658 3517 772 3592 potest
788 3510 871 3572 satis
887 3509 1074 3591 perspicere
1091 3527 1251 3590 quorsum
1268 3528 1450 3588 evasurae,

325 3612 353 3675 si
369 3612 449 3694 quid
466 3611 615 3676 subitum
633 3612 777 3694 ingruat,
789 3612 985 3693 praesertim
999 3610 1177 3675 commotis
1190 3610 1450 3693 suspicionibus

325 3716 412 3781 belli.

188 3826 300 3876 Causam
371 3820 474 3885 Unde
490 3841 569 3885 vero
585 3819 720 3897 sactum,
731 3830 767 3882 ut
784 3819 956 3883 hostilium
973 3820 1023 3883 vis
1047 3819 1238 3883 animorum
1255 3820 1449 3886 novissimo

147 3906 302 4008 ,ξηζζζπῑ
326 3934 478 4007 tempore
494 3924 745 3987 inardesceret?
764 3923 836 3986 Nos
852 3921 1014 4004 proiecto,
1029 3923 1121 4006 quod
1132 3922 1310 4005 proximus
1322 3923 1448 3988 deces-

147 4021 300 4150 fflf‘sljj
327 4052 380 4095 sor
394 4030 528 4104 Noster,
544 4028 703 4111 quodque
719 4026 929 4109 Nosmetipsi
945 4026 1052 4092 iacere
1065 4028 1125 4101 vix
1135 4026 1218 4093 dum
1231 4026 1317 4091 inito
1328 4031 1451 4111 ponti·

149 4154 216 4205 roris
249 4167 300 4200 non
327 4136 426 4202 ficatu
455 4156 500 4198 ex
520 4135 726 4199 conscientia
750 4133 850 4198 officii
882 4133 1097 4211 instituimus,
1124 4132 1216 4198 idem
1244 4142 1448 4199 constanter

149 4217 301 4333 suffla
327 4240 492 4324 persecuti
509 4247 627 4319 postea
642 4258 767 4304 sumus.
784 4236 958 4302 Vindicari
974 4235 1221 4318 postulavimus
1250 4235 1285 4299 in
1301 4234 1447 4300 liberta.

148 4349 211 4398 dicit
235 4348 303 4413 quod
326 4353 394 4408 tem
412 4343 572 4416 debitam,
596 4340 827 4421 Nostrumque
842 4340 893 4402 ius
909 4339 942 4401 in
967 4338 1054 4403 hanc
1079 4339 1197 4403 urbem
1225 4337 1449 4419 nominatim,
