3117 4859
349 417 353 425 ,
398 363 468 431 140
519 358 711 409 amaena
729 356 985 408 APOSTOLICAE
1007 346 1026 373 '¹
1046 356 1276 409 ousvsssuus
1295 358 1383 411 uos
1404 334 1421 361 ”

221 533 249 575 1⁰
260 525 366 574 Nonou
391 514 529 577 eaedem
544 512 656 593 potius
669 508 796 573 firmius
809 511 1004 576 consistant.
1019 510 1197 593 Quaedam
1210 514 1384 575 enimvero
1400 512 1494 576 libera

241 591 365 720 {ima
391 619 490 679 datur
512 615 663 691 facultas,
676 615 794 697 prim0,
810 615 987 695 siquando
1003 616 1056 678 vel
1067 616 1224 697 ambigua
1231 615 1346 695 fuerit
1362 616 1400 680 S.
1422 616 1450 678 Τ
1447 616 1493 678 ho·

245 723 327 797 tenete
342 722 367 769 st
392 742 464 784 moe
483 719 651 795 sententio,
667 718 721 781 uel
738 720 774 781 in
800 717 844 781 iis
857 720 1109 801 quaestionibus,
1124 742 1207 803 quos
1224 718 1259 784 S.
1281 718 1425 783 Thomas
1439 742 1493 782 non

245 788 366 915 ‘iiiiii
391 824 529 907 attingit
543 823 605 903 (¹):
621 823 655 885 in
672 823 794 903 quibus
820 844 901 905 ergo
926 825 1181 907 quaestionibus
1206 823 1324 887 abillo
1350 825 1494 887 tractatis

212 920 366 1031 “ww
391 930 558 992 sententia
574 930 645 989 eius
660 926 810 989 dilucida
826 938 987 1007 emergat,
1004 948 1044 990 ne
1063 928 1094 989 in
1116 928 1188 991 istis
1203 927 1342 1009 quidem
1361 925 1493 991 liberum

356 1018 364 1040 ,

242 1049 365 1112 sequenda
391 1044 442 1096 est
458 1032 501 1095 ab
523 1032 597 1113 ipso
612 1028 799 1093 deflectere.
823 1067 865 1077 -
884 1030 950 1095 Hic
975 1042 1089 1095 tamen
1111 1032 1186 1094 illas
1203 1050 1361 1094 revocare
1388 1031 1495 1094 iuverit

319 1120 363 1163 ‘³⁸‘
391 1136 508 1217 plenas
533 1133 647 1196 iudicii
672 1132 855 1207 cautiones,
882 1154 902 1196 a
932 1134 966 1197 P.
987 1133 1023 1199 C.
1049 1134 1227 1217 Aquaviva
1249 1135 1349 1198 datas
1363 1120 1384 1197 ε’
1394 1132 1495 1214 Neque

260 1278 366 1327 Monuit
389 1260 466 1301 vero
480 1237 564 1300 satis
578 1246 627 1299 est
637 1234 725 1298 binis
737 1237 791 1298 uel
801 1236 903 1298 ternis
918 1237 995 1299 locis
1011 1238 1077 1299 niti
1091 1237 1233 1318 sparsim
1249 1237 1396 1311 collectis,
1407 1246 1438 1298 et
1443 1246 1497 1317 per

213 1344 362 1421 noeane.
389 1342 629 1424 consequentias
640 1350 702 1402 aut
717 1340 983 1415 inconvenientia,
1004 1342 1057 1403 ael
1068 1362 1140 1403 cum
1157 1339 1312 1403 violentia
1328 1338 1475 1403 adductis
1482 1362 1494 1412 ;

165 1443 169 1453 “
212 1412 366 1539 nimia.
390 1448 489 1529 quosi
512 1445 705 1509 credendum
720 1446 766 1507 sit
779 1466 851 1509 eom
874 1468 940 1509 esse
964 1447 1144 1529 opinionem
1173 1446 1292 1510 Sancti
1326 1446 1410 1525 Viri,
1426 1445 1494 1527 quio

212 1542 365 1670 '‘isigf‘ssurf
392 1551 485 1613 illam
500 1550 790 1633 quomodocumque
802 1552 1020 1615 innuitaliud
1027 1572 1127 1635 agens
1143 1552 1178 1615 in
1195 1550 1263 1614 illis
1277 1550 1364 1616 loeis.
1385 1550 1492 1615 Verum

260 1673 366 1720 suadeat
392 1676 511 1719 necesse
533 1664 582 1718 est
604 1655 722 1732 uidere,
746 1653 829 1737 quid
849 1656 978 1731 sentiat,
1004 1656 1061 1719 ubi
1081 1678 1121 1719 ex
1135 1657 1283 1739 professo
1310 1654 1351 1719 id
1370 1656 1447 1737 ogit,
1467 1662 1494 1715 et

211 1737 365 1852 Zssbffi'f
391 1769 511 1824 attente
539 1758 721 1840 expendere,
750 1758 931 1841 quidquam
971 1758 1177 1823 cohaerenter
1211 1760 1265 1823 uel
1297 1760 1495 1824 dissonanter

227 1868 365 1945 curisun-
390 1862 607 1947 offerateum
635 1861 757 1943 reliquo
784 1873 910 1943 corpore
935 1862 1102 1925 doctrinae
1117 1863 1179 1946 (2):
1203 1862 1331 1926 scilicet
1361 1882 1403 1925 ne
1428 1860 1492 1943 quis

244 1939 360 1983 ‘mmm'
391 1968 485 2030 vanis
497 1968 625 2031 artibus
641 1966 844 2048 persuadeat
861 1966 923 2029 sibi
940 1968 1143 2030 sententiam
1164 1966 1319 2048 Angelici
1337 1965 1493 2047 ambigui·

236 2098 363 2161 Adquae-
390 2073 451 2136 tati
469 2081 593 2155 patere.
610 2072 664 2134 De
683 2070 939 2152 quaestionibus
957 2082 1070 2135 autem
1087 2092 1170 2154 quas
1192 2070 1248 2134 ille
1273 2071 1417 2135 fortasse
1433 2088 1490 2132 non

254 2164 365 2291 illinis
390 2177 512 2257 attigit,
537 2175 700 2257 principia
716 2185 750 2237 et
773 2176 886 2257 capita
902 2176 1076 2239 doctrinae
1103 2177 1174 2238 eius
1201 2176 1337 2257 penitus
1365 2174 1491 2257 cognita

259 2292 365 2342 Thomu
390 2282 457 2343 sint
472 2288 616 2359 oportet,
636 2298 678 2340 ne
703 2298 790 2359 quae
817 2280 1001 2341 reddantur
1029 2299 1188 2361 responsa
1213 2279 1281 2341 ullo
1310 2282 1414 2343 modo
1438 2296 1489 2359 pu-

208 2360 364 2485 fflsssssfj
390 2392 493 2466 gnent
509 2401 585 2445 cum
604 2380 688 2443 illis:
704 2390 850 2463 apteque
875 2381 928 2443 hic
954 2381 1079 2445 iaciunt
1104 2402 1191 2465 quae
1215 2384 1345 2446 censuit
1372 2402 1411 2445 ea
1426 2379 1490 2461 ipsa

233 2504 262 2536 sa
272 2490 366 2537 dentur
391 2486 619 2567 Congregatio
643 2485 849 2561 xxt11,serio
864 2486 1037 2549 neonendos
1058 2508 1124 2549 esse
1146 2496 1272 2549 nostros
1296 2496 1369 2551 tum
1384 2483 1487 2549 theolo-

238 2561 364 2683 mihil.
384 2592 463 2675 gioe
478 2599 549 2652 tum
567 2588 789 2671 philosophiae
806 2590 1005 2671 professores
1028 2601 1059 2653 et
1082 2590 1293 2667 scholasticos,
1310 2612 1350 2653 ne
1366 2588 1490 2673 proprio

210 2684 363 2813 ‘fam
390 2693 509 2757 iudicio
525 2693 668 2755 nimium
678 2693 823 2775 fidentes
838 2714 940 2757 nouos
958 2716 980 2757 a
994 2715 1028 2757 se
1042 2704 1204 2776 conceptas
1218 2694 1488 2777 interpretationes

230 2817 363 2879 euscogns.
382 2810 445 2878 pro
460 2818 538 2859 uera
556 2816 786 2878 germanaque
799 2796 833 2861 S.
857 2796 887 2859 T
884 2797 997 2859 homae
1011 2796 1160 2859 doctrina
1181 2799 1295 2861 temere
1309 2808 1373 2861 out
1393 2796 1487 2859 incon·

220 2950 248 2993 20
259 2882 365 2995 Non‘lll
389 2901 473 2965 sulte
497 2899 702 2983 tradant().
728 2938 772 2948 —
800 2900 927 2965 Similis
956 2902 1089 2964 videtur
1116 2902 1219 2965 libera
1246 2901 1318 2988 dari
1346 2899 1488 2969 facultas,

210 3011 238 3060 S.
257 3011 363 3061 Thomas
389 3006 546 3080 secundo,
561 3004 597 3066 in
612 3003 856 3085 quaestionibus
871 3025 956 3067 mere
959 3004 1198 3087 philosophicis,
1213 3006 1390 3069 autetiam
1404 3004 1437 3066 in
1451 2999 1489 3063 iis

226 3078 364 3141 sequendus
625 3108 632 3121 ·
1127 3109 1133 3122 ·

243 3142 272 3189 tn
288 3159 361 3207 quae-
387 3130 470 3194 quae
483 3108 532 3171 od
552 3106 744 3189 Scripturas
765 3118 798 3171 et
818 3108 866 3170 od
881 3106 1024 3173 Conones
1039 3118 1210 3191 pertenent
1231 3108 1285 3191 (4).
1307 3109 1443 3181 Verum,
1457 3110 1487 3164 ui

241 3208 364 3287 ’ΜΝ
387 3227 516 3279 ceteras
544 3214 728 3289 mittamus,
743 3212 856 3293 palam
874 3223 924 3276 est
952 3214 1167 3293 quaestiones
1194 3214 1449 3295 philosophicas,
1463 3204 1487 3267 sl

210 3276 361 3403 namq
388 3339 455 3400 qua
470 3317 600 3380 ratione
616 3318 659 3379 ad
685 3316 891 3398 theologiam
919 3317 1095 3395 attineant,
1120 3319 1164 3381 ab
1189 3338 1228 3381 ea
1252 3319 1401 3382 dimotas
1424 3328 1487 3375 esse

223 3404 363 3531 &2252
388 3421 568 3498 facultate3
593 3438 702 3500 neque
728 3420 815 3482 adeo
840 3419 963 3482 multas
989 3421 1079 3501 apud
1107 3420 1139 3485 S.
1159 3420 1327 3484 Thomam
1353 3414 1485 3500 reperire

209 3536 362 3598 apuczpsum
389 3526 511 3601 licebit,
526 3544 610 3606 quas
627 3543 693 3585 non
711 3523 766 3585 ille
782 3522 824 3585 ad
843 3524 1049 3604 theologiam
1067 3526 1225 3588 retulerit.
1244 3525 1282 3588 ln
1300 3524 1382 3607 ipsis
1397 3535 1485 3605 porro

232 3608 288 3663 '‘²'‘
288 3618 362 3715 ''122''
388 3628 640 3709 quaestionibus
667 3646 752 3688 mere
770 3624 1009 3708 philosophicis,
1032 3628 1101 3690 duo
1121 3638 1313 3709 opportune
1340 3622 1484 3690 incidunt

216 3798 222 3809 ,
256 3732 304 3807 „l”
321 3732 363 3780 his
389 3730 622 3794 admonenda:
639 3730 792 3805 alterum,
808 3739 845 3792 ut
861 3730 896 3791 iu
922 3728 1015 3792 rebus
1030 3730 1173 3793 alicuius
1190 3730 1345 3793 moneenti
1357 3728 1398 3791 ab
1412 3719 1484 3788 Ari·

209 3803 362 3911 '2⁸52'ssss
386 3833 494 3896 stotele
510 3832 552 3914 (⁵)
568 3832 769 3914 (eademque
787 3833 830 3896 de
845 3852 964 3895 caussa
977 3854 997 3895 a
1018 3832 1051 3898 S.
1068 3833 1218 3914 Thoma)
1234 3854 1297 3896 non
1322 3829 1485 3897 recedant‚·

210 3929 249 4042 νῇ
263 3928 363 4042 222²
387 3958 432 4000 ex
448 3957 516 4020 quo
532 3937 635 4001 libera
651 3939 807 4019 cuiquam
825 3958 892 4001 non
915 3938 976 4001 erit
997 3938 1139 4001 facultas
1157 3939 1218 4001 nisi
1235 3939 1268 4001 in
1288 3939 1386 4002 rebus
1401 3926 1483 4017 parvi

210 4075 299 4173 xil?
311 4075 361 4174 ,xp
418 4126 437 4158 1.
458 4112 553 4170 Congo.¹
567 4112 630 4157 decr.
643 4124 680 4168 41,

202 4190 360 4254 fundamen·
415 4194 436 4226 2
456 4178 625 4224 &soliditate
633 4182 657 4225 et
667 4178 838 4237 conomius
851 4178 982 4230 doctrinae.
994 4192 1024 4236 24
1035 4178 1091 4223 maii
1104 4179 1168 4225 1611,

231 4263 287 4305 tum
299 4256 360 4304 alio·
416 4262 436 4306 3·
457 4248 528 4293 Dect.
543 4249 577 4291 18.

290 4337 357 4371 rum·
415 4332 437 4373 4
457 4316 553 4375 Congo„
568 4325 592 4359 ν.
606 4316 669 4362 decr.
684 4315 719 4372 56.

416 4398 436 4444 5.
457 4384 500 4435 lb..
513 4384 576 4428 decr.
591 4398 627 4439 41.
