3117 4859
481 608 802 692 EPISTOLA

143 792 1145 871 nucommlssarrumsermoruameporcarnam.

264 964 330 1023 ns:
358 964 566 1025 onorius
594 964 1027 1027 oppourumrnru.

273 1292 468 1361 UAEnuper
477 1278 618 1343 consilia
627 1287 664 1345 tu
674 1278 931 1363 compluresque
941 1276 1047 1342 Tertii
1061 1274 1199 1341 Ordinis

296 1382 535 1459 Franciscales,
550 1383 710 1466 auspiciis
725 1382 942 1447 sacratissimi
960 1380 1081 1447 Cordis
1100 1380 1200 1456 IESU,
1287 1413 1317 1448 ιι

84 1290 274 1669 Q
296 1488 330 1551 in
341 1486 470 1569 oppido
484 1484 797 1567 Paray·lc·M0nial
809 1485 979 1570 congressi
992 1484 1197 1566 suscepistis,
1254 1458 1344 1578 {g}

296 1593 400 1656 allata
415 1602 493 1656 sunt
510 1592 620 1656 Nobis
644 1612 721 1657 cum
738 1589 1052 1674 obsequentissimis
1069 1586 1197 1664 litteris,
1255 1627 1377 1679 Mum

86 1698 147 1761 vix
159 1698 240 1762 dum
257 1699 440 1782 epistolam·
452 1694 655 1763 dederamus
670 1699 714 1763 ad
741 1698 886 1763 similem
911 1696 1067 1774 Coetum,
1082 1694 1195 1758 Nova·
1222 1694 1347 1772 nudam

87 1803 158 1867 riae
172 1806 331 1885 proxime
357 1804 560 1869 habendum.
579 1803 642 1867 Est
669 1804 853 1868 iucundum
882 1822 964 1868 sane
988 1810 1023 1866 et
1047 1800 1197 1883 optimae
1221 1760 1376 1877 'ffiffi

87 1906 160 1989 spei
177 1905 291 1971 videre
306 1908 443 1990 passim,
457 1926 526 1990 quo
543 1908 666 1981 studio.
681 1928 748 1991 qua
770 1908 951 1972 concordia
978 1904 1112 1971 sodales
1127 1904 1199 1967 eius
1223 1892 1366 2009 2⁸32th

89 2009 231 2077 Ordinis
249 2012 458 2075 contendant
472 2020 510 2075 ut
534 2012 598 2076 hoc
614 2012 718 2076 etiam
733 2012 869 2076 divinae
896 2010 1058 2075 bonitatis
1074 2007 1198 2092 praesi-
1224 2030 1255 2073 at
1272 2024 1357 2073 utero

89 2112 185 2176 dium
228 2133 291 2194 pro
333 2116 455 2178 merito
484 2115 690 2192 aestimetur,
720 2114 917 2198 fructusque
954 2112 1084 2189 alferat,
1114 2130 1199 2194 quos
1224 2088 1370 2220 ίᾞρζξχ

88 2216 260 2281 enimvero
276 2226 399 2299 potest,
412 2218 516 2282 aetati
528 2226 664 2282 nostrae
674 2220 830 2301 proprios
846 2227 880 2282 et
896 2216 1068 2283 salutares.
1085 2212 1197 2298 Quam
1226 2227 1276 2272 rat.

89 2319 260 2386 fructuum
287 2322 579 2404 opportunitatem
607 2321 691 2385 alias
725 2323 799 2387 Nos
833 2321 1006 2404 fusiusque
1032 2320 1199 2401 persecuti

91 2442 230 2488 sumus:
246 2424 388 2508 ipsaque
403 2424 590 2489 similitudo
610 2434 813 2507 temporum,
828 2425 951 2511 quibus
967 2421 1035 2488 tale
1061 2420 1199 2485 lnstitu-
1318 2408 1321 2417 ¹

93 2538 166 2592 tum
183 2537 344 2592 exortum
367 2529 582 2611 providenter
597 2537 659 2606 est,
680 2550 721 2593 eo
733 2529 918 2611 impensius
935 2528 1041 2613 movit
1057 2534 1095 2590 ut
1110 2543 1199 2589 eam·

90 2634 167 2697 dem
204 2632 417 2715 disciplinam
457 2632 576 2716 pietati
602 2632 845 2698 catholicorum
876 2631 1201 2697 commendaremus.

93 2735 309 2800 Documenta
334 2756 414 2801 vero
441 2746 474 2801 et
505 2738 836 2802 commendationem
861 2736 1024 2801 Nostram
1056 2733 1199 2799 multum

94 2840 183 2921 apud
214 2860 276 2904 vos
306 2839 450 2904 valuisse
481 2861 517 2904 re
554 2841 628 2924 ipsa
666 2840 837 2924 praesenti
874 2842 1087 2923 perspicuum
1113 2848 1164 2903 est
1194 2858 1201 2916 ;

94 2946 243 3008 maxime
269 2964 372 3027 quum
400 2954 577 3027 tantopere
597 2946 707 3028 agatis
732 2946 775 3009 de
803 2946 917 3010 nativa
933 2944 1038 3008 Tertii
1063 2942 1201 3008 Ordinis
1250 3013 1256 3025 ³
1281 2944 1380 3021 Narqu

95 3047 126 3109 vi
157 3046 191 3108 in
223 3046 456 3112 adiumentum
487 3068 609 3112 causae
639 3049 772 3113 socialis
805 3049 1005 3114 revocanda.
1029 3046 1201 3111 Videlicet
1226 3010 1383 3127 fffflff

96 3150 341 3231 praeiudicatae
372 3152 406 3214 in
442 3172 483 3215 ea
508 3172 627 3215 caussa
654 3154 834 3235 opiniones
863 3151 1064 3235 fraudesque
1095 3150 1201 3214 malas
1227 3142 1326 3256 {0⁶⁶5ss
1336 3140 1378 3253 “f

95 3255 286 3320 revincere:
301 3256 448 3320 iustitiae
463 3258 711 3341 aequitatisque
727 3258 943 3341 evangelicae
964 3257 1048 3321 tueri
1070 3266 1104 3319 et
1128 3275 1200 3338 per·
1221 3222 1362 3338 sstzsrvdf

94 3358 231 3443 vulgare
257 3359 420 3442 principia
438 3382 446 3440 ;
473 3363 660 3444 operariam
678 3362 812 3445 plebem
829 3361 928 3427 simul
952 3361 994 3425 ad
1012 3359 1121 3425 officia
1137 3358 1199 3421 vir·
1226 3339 1381 3455 {amm

95 3465 175 3527 tutis
191 3473 225 3527 et
244 3464 415 3546 religionis
424 3466 584 3544 excitare,
593 3467 691 3531 simul
713 3464 873 3531 afflictam
898 3467 1025 3548 erigere
1046 3465 1201 3547 aptisque

94 3569 135 3632 ad
158 3587 296 3631 omnem
312 3568 542 3632 calamitatem
560 3570 718 3634 subsidiis
742 3571 920 3653 providere
934 3591 952 3648 3,
968 3568 1102 3633 vincula
1126 3587 1203 3631 vere

95 3669 325 3749 fraternitatis,
339 3690 446 3753 aeque
459 3672 492 3733 in
509 3675 645 3738 actione
657 3675 748 3739 vitae
763 3684 916 3751 externa,
932 3675 1019 3738 inter
1033 3692 1093 3737 vos
1110 3671 1202 3737 colli-

93 3800 193 3864 gare:
208 3781 275 3845 ista
291 3782 324 3843 in
349 3781 467 3863 primis
487 3781 621 3846 habetis
637 3782 734 3845 vobis
749 3778 935 3864 proposita,
951 3789 1127 3863 tamquam
1145 3796 1203 3859 pa-

92 3894 221 3950 tentem
238 3904 410 3968 campum,
426 3887 460 3949 in
488 3905 556 3969 quo
579 3883 824 3967 professionem
858 3880 1012 3947 instituti
1039 3880 1141 3946 vestri
1169 3890 1204 3943 et

94 3989 238 4071 patriam
255 3990 433 4052 caritatem
461 3988 619 4071 probetis.
638 3988 745 4052 Recte
770 3988 910 4071 quidem
932 3995 966 4051 et
985 3994 1112 4051 sancte.
1131 3982 1204 4047 Nec

92 4091 322 4157 laborantibus
346 4093 442 4156 vobis
469 4093 612 4158 deerunt
641 4103 731 4157 certe
757 4092 902 4176 quaesiti
935 4089 1073 4168 fructus,
1101 4088 1205 4153 modo
1324 4096 1327 4102 '

92 4197 251 4280 exempla
265 4198 485 4281 inspicientes
506 4198 693 4264 beatissimi
710 4195 882 4261 Francisci
899 4196 1039 4279 eiusque
1062 4192 1204 4259 fidentes

93 4322 167 4384 ope,
177 4302 315 4378 alacres,
330 4312 368 4367 ut
389 4301 590 4379 instituistis,
602 4300 758 4385 pergatis.
772 4299 845 4364 Nos
860 4309 975 4364 autem
1003 4306 1203 4381 coeptorum

95 4405 241 4471 fautores
271 4425 404 4487 semper
433 4404 530 4470 vobis
557 4404 822 4488 praebebimus:
849 4402 893 4467 sit
923 4402 1052 4466 interea
1079 4399 1204 4483 pignus
