3117 4859
427 368 551 419 tubex
578 368 831 419 auatrrrcus.
1115 366 1187 440 317

77 540 143 577 rum
155 520 288 593 opificum
300 518 544 591 peregrinationes
552 519 582 573 in
597 518 706 572 Urbem
716 532 757 570 21.
771 546 806 556 —
828 518 892 572 Hoc
905 533 981 572 anno
993 518 1187 589 frequentissi-

77 626 156 663 mum
175 625 279 677 agmen
297 605 417 661 audacia
435 604 586 673 impiorum
598 605 763 660 lacessitum
772 604 860 659 fuisse
872 606 1087 661 Pontifexdolet
1100 621 1142 663 21.
1154 636 1188 647 -

77 697 195 752 Gratias
207 696 267 766 agit
279 704 307 750 et
318 696 420 749 laudes
432 692 660 749 eminentissimo
677 692 802 763 praesuli
822 704 851 748 et
868 693 902 747 iis
920 694 1053 749 omnihus
1066 696 1114 765 qui
1135 696 1187 753 has

77 783 321 852 peregrinationes
334 790 522 852 susceperunt
534 780 876 851 promovendas,illosque
887 780 1054 835 adhortatur
1062 792 1091 835 ut
1104 783 1188 838 enixe

77 871 245 925 incumbant
259 868 393 939 opificum
409 866 502 920 ordini
515 866 673 921 excolendo
686 876 714 920 et
723 866 862 936 juvando,
875 883 981 937 magno
993 867 1082 939 ipsius
1095 869 1187 939 reipu-

76 958 170 1013 blicae
182 958 377 1013 emolumento
385 970 476 1009 21-22.

112 1094 143 1145 5.
158 1092 379 1143 LITTERAE
393 1087 686 1140 ileosroLlclis:
700 1088 825 1149 quibus
841 1088 1017 1151 collegium
1031 1090 1098 1139 cle-

74 1184 155 1231 ricis
178 1180 386 1231 Maronitlcis
406 1177 622 1228 instituendis
645 1178 681 1225 ln
701 1176 791 1227 Urbe
813 1178 1036 1227 constituitur.
1064 1203 1100 1213 -

74 1268 353 1321 somerset...
1030 1277 1095 1331 pag.
1154 1277 1188 1331 23

113 1392 271 1464 Hospitalis
283 1392 386 1447 domus
403 1406 420 1444 a
441 1388 580 1459 Gregorio
598 1389 675 1443 Xlil
690 1388 728 1443 ad
739 1387 907 1459 peregrinos
923 1388 1082 1443 Maronitas
1095 1390 1185 1445 susci·

75 1482 196 1553 piendos
216 1482 285 1535 olim
306 1491 411 1546 erecta,
431 1477 556 1548 abipso
579 1494 644 1531 mox
670 1492 809 1532 conversa
830 1485 874 1531 est
899 1477 929 1531 in
953 1478 1051 1531 sedem
1074 1478 1186 1548 collegii

76 1571 295 1638 Maronitarum,
316 1586 367 1639 per
394 1569 452 1623 duo
481 1566 549 1621 inde
575 1567 691 1622 saecula
718 1566 907 1632 celeberrimi,
931 1566 1060 1621 adversis
1085 1578 1182 1623 autem

74 1658 250 1729 temporibus
263 1657 301 1712 ad
314 1658 385 1712 aiios
399 1654 528 1712 translati
543 1669 634 1722 23-24.
647 1684 683 1693 -
698 1654 792 1709 Multo
803 1654 864 1724 jam
883 1664 1013 1725 tempore
1033 1655 1185 1727 collegium

75 1758 236 1803 restaurare
251 1747 395 1801 desiderat
414 1744 554 1812 Pontifex,
566 1744 705 1814 impulsus
718 1742 926 1811 benignissimo
939 1745 968 1797 in
985 1754 1100 1813 gentem
1119 1744 1185 1800 fidei

75 1835 234 1891 catholicae
254 1832 469 1889 tenacissimam
489 1833 595 1898 animo,
616 1831 805 1900 precibusque
825 1831 979 1885 obsecutus
1001 1832 1185 1889 Patriarchae

76 1920 323 1993 atqueantistitum
331 1919 744 1985 Maronitarumaa-Horum
753 1918 924 1973 industriam
933 1918 961 1973 in
969 1919 1185 1975 subsidiiscom·

76 2008 210 2078 parandis
226 2008 363 2078 adjuvare
375 2006 503 2078 cupiens,
515 2006 615 2061 sedem
627 2004 790 2073 designabit
803 2005 832 2059 in
853 2006 933 2061 Urbe
952 2006 1073 2075 collegio
1097 2006 1183 2076 aptis·

76 2097 187 2164 simam,
193 2098 335 2166 plenoque
344 2097 409 2165 jure
422 2095 476 2165 ipsi
490 2095 519 2149 in
532 2104 701 2164 perpetuum
714 2093 927 2147 attribuendam
942 2108 983 2160 24.
997 2094 1186 2164 -Suprema

75 2201 126 2238 sna
148 2182 319 2238 auctoritate
342 2181 551 2237 Maronitarum
564 2181 714 2250 collegium
728 2182 757 2234 in
779 2181 860 2235 Urbe
881 2181 1013 2250 restituit,
1021 2182 1098 2251 leges
1118 2180 1185 2235 defi·

77 2272 118 2326 nit
136 2272 239 2343 quibus
260 2272 368 2341 optime
387 2279 509 2339 regatur,
522 2269 773 2340 praesentiumque
789 2268 948 2325 litterarum
967 2269 1024 2323 vim
1043 2286 1077 2324 ac
1100 2270 1185 2324 firmi·

77 2367 164 2413 tatem
172 2356 299 2413 vindicat
312 2357 403 2426 25·26.

110 2490 1112 2557 6.A1.1.0cuT10ad-s.n.lt.cardinales-1⁴Dec.1891.pag.
1152 2503 1184 2555 27

112 2616 196 2671 Dolet
210 2615 340 2670 Pontifex
353 2615 524 2685 sacrilegum
536 2632 602 2670 cum
615 2615 747 2670 Ecclesia
759 2626 906 2671 certamen
926 2616 954 2670 in
975 2617 1037 2672 dies
1055 2618 1183 2687 ingrave-

77 2718 161 2771 scere,
174 2704 244 2758 dum
256 2702 303 2757 alii
324 2702 417 2773 ipsam
429 2702 579 2773 propalam
599 2701 779 2771 impugnant,
793 2702 841 2757 alii
861 2719 912 2772 per
930 2705 1073 2758 occultum
1093 2720 1135 2771 ²7·
1149 2734 1181 2744 -

77 2789 121 2842 ad
138 2800 263 2845 mentem
284 2800 399 2846 revocat
420 2788 578 2860 peregrinis
596 2790 626 2843 in
647 2790 758 2844 Urbem
771 2791 933 2859 congressis
947 2791 1042 2846 illatas
1055 2792 1182 2863 injurias,

77 2894 193 2950 seseque
205 2879 299 2948 ipsum
312 2878 449 2935 conviciis
461 2895 496 2935 ac
509 2878 597 2933 minis
608 2878 724 2949 publice
744 2878 833 2933 fuisse
853 2880 1027 2935 lacessitum.
1046 2881 1184 2951 Proponit

77 2967 171 3021 hostes
180 2968 241 3037 jam
254 2976 352 3037 aperte
364 2967 416 3022 niti
426 2976 456 3021 ut
470 2966 576 3021 Christi
586 2966 702 3021 Vicario
712 2984 771 3021 non
786 2967 877 3037 magis
888 2984 974 3038 quam
984 2967 1096 3037 privato
1104 2970 1182 3025 cuili-

78 3055 123 3109 bet
133 3056 210 3124 leges
223 3055 445 3124 patrocinentur,
454 3054 512 3109 imo
530 3065 561 3110 ut
579 3053 762 3125 pontificatus
781 3055 844 3125 ipse
858 3055 902 3109 vel
914 3055 942 3109 vi
955 3054 1095 3124 adhibita,
1108 3058 1180 3126 peri·

77 3151 166 3196 matur
184 3156 274 3208 27.-
286 3142 415 3197 Alterum
427 3158 491 3197 esse
504 3139 684 3195 inimicorum
703 3158 794 3210 genus
816 3141 940 3196 ostendit
961 3142 1183 3212 praeferentium

78 3231 309 3297 moderationem,
321 3230 390 3285 dum
402 3230 514 3285 occulte
526 3229 557 3284 in
568 3230 702 3285 eumdem
716 3230 803 3285 finem
816 3230 944 3285 tendunt.
959 3231 1000 3285 Hi
1021 3230 1098 3284 enim
1113 3230 1181 3286 dum

79 3311 167 3369 sinunt
185 3314 250 3369 illos
262 3312 292 3368 in
306 3314 466 3368 Ecclesiam
478 3314 614 3383 grassari,
628 3312 797 3367 Pontificem
817 3330 965 3367 romanum
979 3314 1138 3383 producunt
1152 3324 1180 3368 ut

78 3400 156 3457 rebus
175 3401 280 3456 italicis
297 3400 448 3456 minaciter
465 3400 678 3464 imminentem
693 3400 777 3455 Sedis
793 3400 968 3469 apostolicae
994 3399 1180 3457 incolumitati

79 3486 242 3543 verbotenus
255 3504 306 3557 per
318 3488 398 3557 leges
409 3488 561 3543 consulunt
573 3506 581 3553 3
603 3487 664 3555 ejus
678 3498 774 3541 autem
789 3484 902 3541 divinae
916 3487 1076 3543 auctoritati
1091 3487 1179 3542 omui-

79 3574 158 3627 modo
176 3574 326 3631 obsistunt.
352 3575 388 3630 Vi
409 3576 481 3646 legis
503 3576 575 3631 liber
596 3586 675 3644 patet
693 3575 839 3631 Fidelibus
861 3576 898 3629 ad
920 3592 1065 3631 summum
1080 3576 1179 3632 Pasto-

78 3662 284 3732 remaditusast
291 3663 442 3718 insolentia
450 3658 544 3733 plebis
555 3664 746 3734 praecluditur
751 3664 880 3731 27-28.—
889 3664 1012 3719 Causam
1021 3661 1180 3720 increscen-

79 3748 112 3800 tis
128 3750 231 3804 recenti
245 3761 372 3820 tempore
385 3750 511 3807 hostium
524 3752 625 3807 furoris
638 3769 697 3806 non
711 3752 739 3805 in
752 3767 787 3805 eo
800 3749 1002 3805 inveniendam
1015 3750 1083 3805 dicit
1103 3753 1179 3822 quod

79 3834 139 3891 inde
150 3839 187 3893 ab
205 3837 286 3893 initio
305 3838 491 3894 Pontificatus
509 3839 665 3895 vindicavit
683 3840 847 3895 libertatem
865 3855 947 3894 suam
969 3849 1055 3909 atque
1071 3840 1136 3909 jura
1150 3842 1178 3895 S.

81 3921 156 3980 Sedis
167 3944 218 3996 per
230 3944 305 3998 quae
317 3930 362 3984 vel
374 3940 495 3998 augetur
507 3930 585 3985 salus
600 3930 718 3985 Italicae
731 3928 826 3998 gentis
840 3949 846 3991 ς
858 3929 908 3983 sed
922 3929 951 3982 in
964 3930 1019 3983 hoc
1032 3947 1097 3984 esse
1105 3930 1179 4001 posi-

81 4018 133 4065 tam
140 4014 214 4083 quod
225 4014 370 4085 superiore
379 4033 455 4071 anno
460 4017 596 4072 revelavit
605 4034 757 4088 pravarum
768 4026 1179 4089 sectarumarcanaearumque

81 4098 217 4157 molimina
229 4103 257 4157 in
269 4103 448 4173 Religionem
461 4105 601 4175 sacrilega
615 4117 645 4161 et
664 4105 719 4176 ipsi
732 4106 772 4160 rei
784 4106 858 4159 civili
872 4104 1074 4160 exitiosissima
1087 4107 1177 4175 aii-29.

81 4188 183 4257 -Quo
197 4191 233 4246 de
254 4191 379 4262 periculo
392 4192 507 4263 regibus
529 4194 762 4266 principibusque
779 4194 942 4261 admonitis,
955 4194 1118 4249 Catholicos
1141 4196 1178 4251 ad

81 4270 178 4331 Meum
190 4290 333 4335 certamen
346 4281 428 4337 enixe
440 4282 608 4338 adhortatur
620 4298 662 4351 29·
681 4313 712 4323 -
728 4284 796 4337 Duo
809 4282 875 4337 novi
896 4282 1062 4337 Cardinaies
1081 4299 1177 4338 crean-

84 4364 124 4412 tur
137 4374 177 4429 30.
