3117 4859
383 334 455 405 208
502 354 598 405 cnr.
620 352 776 405 auctet.
802 342 823 369 ·‘
842 354 1219 408 eaovrnaurrssruus
1235 356 1345 407 naus.
1363 333 1381 359 ”

378 504 421 566 tis
438 506 527 567 iussu
544 513 578 568 et
593 504 802 581 auctoritate,
817 505 968 582 emissae,
984 505 1016 567 in
1034 507 1207 571 communi
1224 527 1284 569 usu
1301 518 1475 577 versantur.

379 609 442 673 Per
451 610 569 671 eadem
587 619 699 672 autem
714 618 877 691 tempora,
893 621 1010 673 notum
1022 619 1083 685 est,
1095 630 1200 692 quum
1215 611 1383 675 versiones
1397 610 1474 673 alias

377 710 561 774 Bibliorum
594 713 760 793 antiquas,
790 722 862 773 turn
896 711 1105 794 polyglottas
1136 710 1418 795 Antuerpiensem
1445 720 1475 774 et

377 820 608 897 Parisiensem,
623 820 880 901 diligentissime
895 840 967 882 esse
983 821 1101 898 editas,
1117 821 1266 882 sincerae
1282 820 1475 901 investigan-

376 926 439 989 dae
462 926 649 989 sententiae
666 935 843 1007 peraptas:
867 945 928 989 nec
946 925 1050 989 ullum
1073 946 1146 989 esse
1167 926 1342 1009 utriusque
1367 924 1475 987 Testa·

377 1031 480 1093 menti
497 1029 628 1105 librum,
643 1030 698 1111 qui
725 1048 793 1092 non
811 1029 885 1113 plus
901 1049 969 1092 uno
986 1038 1104 1092 nactus
1120 1030 1163 1093 sit
1180 1030 1305 1093 bonum
1321 1028 1474 1109 explana·

377 1142 607 1215 torem,neque
623 1134 809 1214 graviorem
826 1132 928 1196 ullam
944 1131 988 1196 de
1001 1133 1120 1196 iisdem
1133 1132 1231 1196 rebus
1243 1134 1476 1217 quaestionem,

377 1255 463 1318 quae
486 1256 553 1299 non
571 1236 751 1298 multorum
768 1235 905 1319 ingenia
921 1235 1157 1299 fecundissime
1173 1236 1362 1300 exercuerit
1376 1258 1383 1297 ε
1397 1253 1475 1317 quos

376 1338 463 1402 inter
479 1358 544 1401 non
562 1337 670 1420 pauci,
693 1339 780 1419 iique
802 1339 1018 1401 studiosiores
1036 1338 1086 1403 Ss.
1110 1340 1257 1416 Patrum,
1273 1359 1393 1402 nomen
1417 1336 1472 1399 sibi

269 1490 349 1540 Poste·
375 1440 482 1504 fecere
497 1440 670 1504 eximium.
699 1442 828 1523 Neque,
843 1462 887 1505 ex
912 1441 969 1505 illa
995 1442 1132 1507 demum
1157 1453 1280 1521 aetate,
1291 1443 1471 1506 desiderata

239 1555 350 1631 numum
375 1553 425 1606 est
442 1551 630 1606 nostrorum
652 1544 799 1609 sollertia
814 1566 822 1622 ;
837 1564 942 1626 quum
965 1544 1045 1609 clari
1067 1546 1211 1609 subinde
1225 1546 1286 1608 viri
1303 1547 1345 1610 de
1361 1545 1469 1608 iisdem

197 1622 350 1735 ww
374 1647 494 1710 studiis
511 1648 594 1711 bene
610 1649 676 1713 sint
693 1650 812 1725 meriti,
827 1669 1007 1731 sacrasque
1030 1649 1176 1714 Litteras
1200 1662 1318 1714 contra
1335 1648 1470 1713 rotrbna·

196 1752 224 1799 S.
234 1753 347 1817 Scriptu-
372 1750 467 1814 lismi
480 1760 681 1828 commenta,
705 1771 750 1815 ex
775 1750 959 1835 philologia
986 1764 1019 1816 et
1048 1752 1198 1815 finitimis
1213 1752 1398 1837 disciplinis
1419 1752 1468 1813 de·

195 1824 346 1932 „bom
373 1865 470 1931 torta,
481 1856 580 1920 simili
611 1865 886 1937 argumentorum
911 1876 1033 1937 genere
1063 1856 1275 1920 vindicarint.
1307 1892 1352 1905 -
1382 1854 1468 1917 Haec

196 1948 344 2061 ψέξῃ·
371 1961 485 2023 omnia
500 1962 557 2043 qui
583 1960 687 2041 probe
713 1968 749 2022 ut
774 1971 908 2042 oportet
934 1961 1156 2036 considerent,
1170 1961 1303 2023 dabunt
1319 1959 1469 2041 prolecto,

282 2050 288 2064 ’
373 2062 569 2141 Ecclesiam,
585 2053 646 2128 nec
671 2061 739 2127 ullo
764 2084 913 2146 unquam
941 2064 1170 2145 providentiae
1196 2066 1298 2128 modo
1325 2062 1469 2135 defuisse,

371 2188 438 2250 quo
453 2169 586 2231 divinae
603 2166 798 2251 Scripturas
812 2167 920 2231 sontes
936 2169 970 2229 in
988 2166 1073 2232 filios
1089 2188 1169 2231 suos
1185 2167 1373 2231 salutariter
1392 2165 1467 2229 deri·

371 2280 472 2348 varet,
484 2283 586 2353 atque
609 2270 691 2335 illud
708 2271 923 2354 praesidium,
938 2272 971 2333 in
999 2291 1067 2353 quo
1087 2272 1247 2334 divinitus
1264 2272 1307 2334 ad
1324 2270 1465 2333 eiusdem

370 2376 511 2441 tutelam
533 2376 702 2459 decusque
729 2376 838 2439 locata
862 2384 923 2452 est,
940 2378 1114 2438 retinuisse
1128 2385 1292 2457 perpetuo
1315 2373 1465 2456 omnique

291 2533 295 2548 ,
371 2484 557 2546 studiorum
580 2500 645 2564 ope
669 2502 861 2557 exornasse,
878 2490 915 2545 ut
940 2482 1039 2544 nullis
1055 2493 1275 2544 externorum
1299 2479 1464 2544 hominum

371 2586 596 2649 incitamentis
612 2587 750 2667 eguerit,
762 2594 869 2668 egeat.

227 2730 292 2779 pm
300 2732 344 2781 H:
416 2699 488 2761 lam
506 2698 653 2779 postulat
669 2720 689 2761 a
707 2698 815 2762 Nobis
832 2698 976 2763 instituti
994 2700 1123 2762 consilii
1140 2699 1235 2776 rati0,
1252 2710 1287 2761 ut
1316 2715 1402 2780 quae
1420 2694 1468 2757 his

190 2795 344 2911 ι”ᾰζξζὲξῖς
370 2804 412 2866 de
428 2803 547 2866 studiis
564 2813 653 2866 recte
668 2803 864 2866 ordinandis
881 2804 1058 2865 videantur
1084 2804 1224 2885 optima,
1241 2823 1281 2866 ea
1297 2802 1461 2865 vobiscum

191 2926 220 2976 S.
230 2926 342 2991 Scripta.
370 2908 669 2985 communicemus,
684 2907 909 2971 Venerabiles
937 2907 1082 2971 Fratres.
1101 2906 1169 2971 Sed
1187 2907 1351 2989 principio
1375 2900 1469 2985 quale

192 2992 340 3123 'ssjss'ffjg
369 3011 562 3075 adversetur
578 3018 612 3076 et
629 3012 730 3074 instet
742 3010 919 3074 hominum
935 3030 1051 3092 genus,
1069 3011 1192 3092 quibus
1207 3009 1259 3073 vel
1276 3009 1402 3073 artibus
1417 3002 1466 3066 vel

212 3127 341 3173 ruraead-
367 3116 469 3179 armis
484 3112 666 3191 confidant,
682 3114 821 3178 interest
845 3112 961 3195 utique
988 3113 1052 3175 hoc
1078 3114 1152 3175 loco
1169 3128 1412 3193 recognoscere.
1425 3142 1468 3153 -

215 3202 342 3305 ,ξ’,ἷζῗζῖἷζ
369 3220 513 3296 Scilicet,
529 3229 566 3282 ut
590 3230 690 3282 antea
717 3238 794 3281 cum
823 3218 862 3280 iis
890 3219 1070 3301 praecipue
1087 3236 1139 3280 res
1166 3216 1229 3280 suit
1255 3217 1313 3299 qui
1341 3214 1467 3297 privato

189 3323 339 3433 summit
368 3323 490 3386 iudicio
505 3322 589 3399 freti,
614 3321 735 3385 divinis
762 3322 1001 3385 traditionibus
1028 3330 1062 3383 et
1090 3319 1284 3402 magisterio
1301 3314 1466 3383 Ecclesiae

200 3450 246 3499 Ex
256 3452 339 3499 Prote·
367 3428 559 3509 repudiatis,
577 3426 785 3509 Scripturam
802 3436 989 3489 statuerant
1007 3425 1142 3489 unicum
1169 3424 1383 3487 revelationis
1398 3421 1466 3483 ion·

199 3518 339 3629 ιζ’νῖζζᾞ
366 3538 434 3593 tem
449 3550 708 3612 supremumque
724 3527 870 3593 iudicem
888 3528 965 3593 fidei
979 3551 986 3607 ;
1002 3530 1049 3591 ita
1067 3548 1155 3591 nunc
1183 3538 1233 3592 est
1259 3548 1336 3591 cum
1355 3523 1466 3589 Ratio·

187 3649 340 3758 cupream
367 3634 505 3712 nalistis,
522 3636 577 3716 qui
604 3654 719 3697 eorum
747 3633 843 3716 quasi
869 3632 926 3695 lilii
955 3628 1001 3697 et
1017 3634 1169 3710 heredes,
1195 3633 1276 3694 item
1303 3627 1465 3695 sententia

241 3720 338 3761 alzona-
368 3739 374 3751 ·
473 3717 478 3726 “

220 3777 339 3825 duanam
366 3740 473 3801 mnixi
501 3759 569 3813 sua,
592 3737 645 3801 vel
673 3739 733 3801 has
762 3740 852 3820 ipsas
877 3759 896 3800 a
924 3736 1076 3819 patribus
1094 3748 1253 3819 acceptas
1269 3736 1464 3799 christianae

224 3842 345 3918 imperas
366 3840 443 3903 fidei
460 3842 615 3924 reliquias
632 3863 766 3923 prorsus
783 3841 985 3906 abiecerunt.
1003 3838 1164 3903 Divinam
1182 3841 1273 3904 enim
1301 3839 1353 3902 vel
1381 3854 1463 3899 reve·

198 3908 337 4022 rafmss]
365 3945 525 4009 lationem
539 3945 591 4009 vel
608 3948 861 4028 inspirationem
878 3946 929 4007 vel
948 3944 1157 4027 Scripturam
1176 3964 1315 4019 sacram,
1331 3940 1464 4005 omnino

182 4053 339 4163 gabbam}
365 4050 467 4113 ullam
484 4059 619 4133 negant,
636 4071 743 4132 neque
760 4051 826 4114 alia
842 4070 977 4132 prorsus
994 4070 1034 4112 ea
1057 4070 1130 4112 esse
1147 4049 1315 4124 dictitant,
1331 4046 1392 4109 nisi
1407 4043 1461 4108 ho-

201 4169 290 4216 varras
306 4171 336 4217 rr·
365 4156 492 4218 minum
521 4153 661 4219 artificia
688 4164 722 4217 et
747 4164 963 4218 commenta:
981 4154 1055 4216 illas
1083 4153 1250 4227 nimirum,
1275 4171 1344 4213 non
1369 4163 1459 4216 vetas

184 4233 286 4347 ‘221³‘
281 4241 337 4349 arx}
363 4268 531 4341 gestarum
549 4276 659 4319 rerum
686 4256 978 4334 narrationes-sed
1007 4267 1067 4320 aut
1093 4256 1225 4338 ineptas
1253 4252 1383 4317 fabulas
1405 4256 1458 4313 aut

119 4412 121 4417 .
182 4362 334 4478 {menan-
362 4362 518 4427 historias
535 4362 714 4425 mendaces
729 4382 737 4440 ;
753 4381 803 4438 ea,
818 4382 886 4425 non
903 4360 1061 4426 vaticinia
1087 4369 1121 4424 et
1148 4360 1292 4435 oracula,
1326 4356 1385 4420 sed
1407 4359 1459 4418 aut
