3117 4859
347 362 398 432 90
474 358 664 411 LITTERAE
688 355 947 409 Arosronrcru
967 342 988 373 “
1007 356 1120 421 Quuu
1147 356 1276 408 uuaen
1295 334 1323 409 ”.

173 524 320 590 praemium
346 519 522 595 caducum,
536 516 611 593 iilis,
628 514 726 599 quasi
748 514 1017 591 invitamentum,
1046 514 1276 597 proponimus.
1292 514 1458 582 Ceterum

168 590 320 715 ἄζῃ
348 624 475 688 maiora
491 630 674 706 expectent
688 619 734 684 ab
751 620 800 697 iis,
822 617 943 703 quibus
966 638 1002 684 se
1017 619 1234 693 devoverunt,
1250 616 1413 683 nimirum
1438 640 1461 685 a

348 727 434 804 lesu,
450 727 560 791 Maria
574 735 608 790 et
621 724 752 806 Ioseph,
766 724 825 809 qui
841 724 908 787 sint
924 723 1028 787 servis
1044 723 1114 787 suis
1129 730 1325 805 praesentes
1339 725 1461 808 propi·

346 828 383 892 tii
396 830 430 893 in
445 830 539 894 omni
552 828 641 894 vitae
655 846 763 904 cursu,
774 836 809 892 et
822 826 1040 910 postmodum
1057 824 1214 903 efficiant,
1226 834 1264 891 ut
1289 846 1350 892 sua
1378 848 1461 893 san·

345 933 495 997 ctissima
516 953 556 998 ac
580 932 778 998 suavissima
802 932 941 997 nomina
964 930 1097 996 illorum
1118 931 1331 997 morientium
1355 931 1464 998 labiis

166 1059 319 1109 utemur„-
346 1037 522 1101 insideant.
537 1035 653 1120 Quare
665 1037 755 1119 quod
772 1038 900 1102 bonurn
917 1043 1140 1120 sanctumque
1155 1036 1209 1115 sit,
1231 1036 1366 1121 Deique
1384 1039 1463 1122 gir>

163 1124 319 1255 s'ffissff
345 1140 421 1217 riae,
432 1149 467 1205 et
478 1141 667 1205 animarum
676 1139 778 1205 saluti
793 1142 1000 1219 benevertat,
1017 1140 1091 1205 Nos
1107 1140 1308 1205 auctoritate
1325 1140 1464 1209 Nostra

168 1256 318 1332 τέμω-
343 1241 552 1326 Apostolus,
578 1244 632 1309 his
646 1242 775 1323 litteris,
793 1264 978 1328 poenarum
994 1242 1250 1309 remissionibus
1264 1264 1323 1309 seu
1340 1246 1462 1312 indul·

167 1321 318 1437 ‘fimf
343 1348 476 1431 gennis,
491 1348 750 1432 privilegiisque,
763 1369 851 1433 quae
874 1350 959 1414 inira
975 1350 1007 1413 in
1024 1347 1183 1430 apposito
1205 1346 1316 1413 indice
1337 1368 1464 1415 recen·

344 1462 469 1529 sentur,
488 1471 606 1516 omnes
630 1461 664 1516 et
688 1453 841 1536 singulos
865 1453 998 1519 sodales
1021 1452 1290 1518 Consoeiationis
1335 1472 1464 1519 sacrae

345 1554 508 1621 Familiae
523 1566 593 1621 tam
609 1567 804 1643 praesentes
819 1578 922 1641 quarn
945 1558 1075 1622 futuros
1098 1557 1147 1622 uti
1176 1576 1276 1639 posse
1292 1558 1463 1625 volumus

345 1669 379 1723 et
388 1660 552 1730 iubemus.
