3117 4859
389 353 458 420 ²42
486 354 746 408 cousrrrumo
760 358 888 410 aeosr.
907 347 927 374 ⁴·
940 357 1177 414 onstcmnun
1190 361 1238 414 ac
1255 361 1465 420 nuncnunc.
1484 347 1498 372 ''

385 499 504 562 eadem
529 498 572 562 de
596 519 632 565 re
654 510 734 564 sunt
758 501 891 566 litterae
913 501 1086 568 decretales
1100 506 1143 568 de
1166 505 1367 590 recipiendis
1381 518 1418 573 et
1433 531 1499 576 non

384 602 584 684 recipiendis
601 602 703 681 libris,
722 625 808 688 quas
824 605 980 671 Gelasius
1001 618 1192 690 opportune
1208 609 1311 676 dedit.
1327 609 1502 692 Similiter,

383 707 526 771 decursu
565 715 725 784 aetatum,
763 709 1087 790 Monotheletarum,
1125 711 1319 792 Abaelardi,
1358 714 1499 782 Massilii

387 810 549 888 Patavini,
574 811 716 876 Wicleffi
747 822 782 877 et
815 811 931 878 Hussii
964 815 1159 898 pestilentes
1191 815 1301 896 libros,
1328 823 1498 886 sententia

385 915 591 994 apostolicae
607 914 706 980 Sedis
722 915 876 983 confixit.

235 1029 359 1134 Comperta
431 1019 575 1084 Saeculo
612 1033 725 1085 autem
763 1021 897 1086 decimo
933 1023 1064 1105 quinto,
1096 1033 1270 1106 comperta
1304 1035 1377 1090 arte
1411 1047 1497 1090 nova

207 1091 360 1210 riaff‘rfsss‘a'
385 1121 529 1198 libraria,
539 1145 605 1188 non
624 1126 726 1189 modo
742 1126 775 1189 in
793 1144 893 1208 prave
909 1127 1033 1210 scripta
1048 1129 1319 1192 animadversum
1335 1141 1400 1208 est,
1413 1151 1497 1214 quae

225 1208 360 1315 ,aggfffi
385 1227 494 1290 lucem
510 1231 734 1310 aspexissent,
749 1229 809 1294 sed
826 1231 928 1294 etiam
956 1251 999 1294 ne
1026 1251 1093 1314 qua
1117 1231 1188 1295 eius
1204 1233 1336 1314 generis
1352 1235 1496 1316 posthac

216 1329 359 1434 gaam
384 1333 570 1409 ederentur,
585 1335 694 1397 caveri
710 1343 879 1415 coeptum.
895 1335 1012 1417 Atque
1037 1335 1125 1399 hanc
1151 1336 1400 1418 providentiam
1430 1359 1494 1403 non

262 1462 357 1566 Ἢ
384 1438 465 1500 levis
480 1438 595 1520 aliqua
609 1457 737 1514 caussa,
752 1440 811 1502 sed
828 1439 968 1502 omnino
984 1439 1090 1504 tutela
1114 1439 1302 1505 honestatis
1318 1461 1358 1504 ac
1378 1443 1493 1506 salutis

203 1571 336 1622 parm,
382 1542 538 1624 publicae
573 1563 633 1625 per
659 1543 741 1606 illud
778 1552 912 1624 tempus
947 1543 1163 1624 postulabat:
1190 1552 1369 1627 propterea
1402 1547 1492 1629 quod

381 1655 488 1710 artem
517 1666 577 1728 per
603 1667 639 1710 se
664 1647 841 1729 optimam,
858 1649 1086 1712 maximarum
1107 1648 1292 1712 utilitatum
1311 1661 1492 1730 parentem,

380 1749 584 1812 christianae
610 1751 762 1833 gentium
798 1751 1000 1815 humanitati
1036 1752 1277 1834 propagandae
1305 1762 1430 1830 natam,
1458 1753 1488 1817 in

379 1854 640 1918 instrumentum
658 1856 777 1936 ingens
793 1855 961 1918 ruinarum
987 1855 1087 1918 nimis
1110 1854 1208 1918 multi
1224 1855 1375 1920 celeriter
1388 1856 1489 1921 defle·

379 1969 509 2023 xerant.
527 1957 693 2039 Magnum
718 1979 821 2042 prave
848 1960 1048 2040 scriptorum
1078 1960 1214 2038 malum,
1230 1961 1303 2041 ipsa
1328 1959 1488 2043 vulgandi

377 2063 548 2128 celeritate
565 2063 674 2126 maius
699 2075 772 2127 erat
796 2083 834 2125 ac
857 2063 1005 2127 velocius
1021 2061 1188 2128 effectum.
1207 2063 1328 2146 Itaque
1344 2065 1486 2129 saluber·

377 2169 463 2232 rimo
479 2167 619 2232 consilio
643 2188 719 2230 curn
744 2167 943 2230 Alexander
958 2165 1020 2244 Vl,
1036 2177 1108 2230 tum
1137 2167 1208 2231 Leo
1236 2167 1269 2230 X
1297 2168 1485 2232 decessores

378 2271 507 2352 Nostri,
530 2281 637 2335 certas
662 2271 767 2336 tulere
790 2270 890 2353 leges,
915 2271 1030 2354 utique
1058 2281 1280 2354 congruentes
1296 2271 1337 2334 iis
1356 2281 1482 2354 tempo·

376 2377 467 2440 ribus
498 2397 537 2440 ac
571 2375 728 2450 moribus,
753 2395 841 2458 quae
874 2373 1097 2439 officinatores
1132 2374 1284 2439 librarios
1317 2375 1350 2438 in
1375 2376 1480 2440 officio

375 2481 596 2544 continerent

253 2596 349 2642 axona
420 2585 507 2648 Mox
525 2585 677 2667 graviore
692 2594 814 2646 exorto
831 2583 974 2660 turbine,
985 2583 1094 2648 multo
1105 2583 1299 2666 vigilantius
1311 2603 1352 2647 ac
1367 2584 1475 2648 fortius

255 2656 350 2702 haeresi
501 2689 507 2702 .
1046 2688 1053 2701 .
1287 2689 1294 2702 .
1413 2689 1420 2700 .

218 2715 348 2760 ruram.
374 2698 525 2770 oportuit
550 2689 712 2752 malarum
740 2689 922 2751 haereseon
955 2687 1134 2768 prohibere
1158 2699 1326 2770 contagia.
1353 2687 1474 2751 Idcirco

165 2833 169 2844 ι
194 2775 349 2880 2‘222322'2
374 2791 462 2854 idern
478 2793 549 2856 Leo
566 2793 609 2867 X,
622 2803 808 2875 posteaque
821 2791 978 2855 Clemens
991 2791 1060 2855 Vll
1075 2791 1272 2873 gravissime
1287 2799 1474 2866 sanxerunt,

234 2896 346 2999 2222,
374 2898 484 2959 necui
510 2898 628 2979 legere,
644 2917 709 2959 neu
735 2897 887 2973 retinere,
904 2895 1043 2958 Lutheri
1071 2894 1173 2958 libros
1200 2895 1250 2959 fas
1277 2906 1371 2959 esset
1394 2894 1471 2960 Cum

226 3018 348 3069 perversos
372 3021 451 3070 vero
478 3023 539 3082 pro
563 3001 650 3063 illius
677 3001 751 3062 aevi
776 2999 973 3062 infelicitate
997 2999 1158 3062 crevisset
1185 3001 1472 3082 praetermodum

211 3072 346 3178 1123ng
371 3116 472 3188 atque
488 3107 521 3168 in
538 3124 656 3169 omnes
680 3112 793 3187 partes
819 3104 1021 3186 pervasisset
1038 3103 1303 3186 perniciosorum
1320 3104 1471 3168 librorum

192 3191 302 3237 mmm·
370 3209 502 3292 impura
529 3209 698 3284 colluvies,
715 3207 878 3289 ampliore
904 3228 944 3270 ac
968 3207 1197 3289 praesentiore
1220 3209 1370 3272 remedio
1397 3226 1474 3290 opus

228 3350 343 3395 ΗΜ
370 3335 443 3378 esse
459 3315 644 3377 videbatur.
666 3311 768 3394 Quod
786 3311 924 3396 quidem
944 3313 1130 3376 remedium
1147 3321 1339 3395 opportune
1355 3313 1474 3394 primus

191 3411 344 3514 “2¹25le
369 3419 525 3482 adhibuit
541 3417 665 3480 Paulus
681 3417 734 3480 IV
750 3417 905 3480 decessor
923 3415 1056 3492 Noster,
1072 3414 1230 3479 videlicet
1250 3416 1391 3480 elencho
1406 3435 1474 3498 pro-

224 3527 343 3596 mrqrvm
369 3525 482 3604 posito
498 3524 699 3604 scriptoram
715 3529 749 3583 et
765 3520 938 3596 librorum,
953 3539 973 3582 a
990 3538 1132 3600 quorum
1151 3539 1213 3582 usu
1229 3539 1349 3582 cavere
1365 3518 1474 3583 fideles

211 3587 342 3693 mhi-hihi]
368 3635 546 3709 oporteret.
562 3625 640 3687 Non
658 3624 706 3685 ita
722 3622 830 3687 multo
857 3633 935 3704 post
960 3621 1180 3685 Tridentinae
1206 3623 1337 3705 Synodi
1364 3621 1473 3685 Patres

190 3705 343 3823 &hii-ff
367 3729 563 3810 gliscentem
597 3726 765 3789 scribendi
794 3725 997 3808 legendique
1022 3724 1193 3789 licentiam
1222 3746 1311 3789 novo
1337 3725 1474 3788 consilio

189 3825 340 3935 Jssff'ffig
367 3835 586 3914 coercendam
603 3841 811 3896 curaverunt.
829 3831 957 3893 Eorum
982 3831 1107 3913 quippe
1128 3831 1304 3894 voluntate
1319 3830 1474 3912 iussuque

187 3951 340 4046 peragrav-
366 3938 443 4001 lecti
460 3939 502 4000 ad
519 3937 552 3998 id
568 3934 737 4017 praesules
754 3946 787 3997 et
804 3933 954 4014 theologi
972 3953 1039 3996 non
1057 3933 1166 3998 solum
1182 3935 1341 4016 augendo
1357 3953 1474 4016 perpo-

187 4007 254 4110 lqpr
300 4018 340 4097 Μ.
365 4042 544 4123 liendoque
563 4041 680 4117 Indici,
696 4058 796 4119 quem
814 4037 938 4100 Paulus
954 4037 1004 4101 IV
1020 4038 1180 4114 ediderat,
1190 4039 1314 4101 dedere
1329 4057 1474 4119 operam,

364 4148 421 4207 sed
437 4145 585 4226 Regulas
601 4144 703 4205 etiam
720 4143 956 4224 conscripsere,
966 4143 999 4203 in
1013 4141 1169 4219 editione,
1182 4140 1335 4219 lectione,
1347 4161 1474 4224 usuque

364 4249 523 4310 librorum
541 4247 742 4308 servandas:
767 4246 888 4329 quibus
914 4243 1055 4326 Regulis
1081 4245 1158 4308 Pius
1186 4245 1237 4308 lV
1266 4246 1473 4329 apostolicae

362 4350 572 4413 auctoritatis
588 4349 688 4411 robur
704 4350 836 4412 adiecit.
