3117 4859
392 389 440 441 20
545 387 733 441 ursrnana
760 385 1018 439 apostoticae
1048 371 1069 403 ‘⁴
1088 358 1340 437 sruouuaa1”.

386 540 538 604 omnium
555 538 695 605 Sueciae
718 548 919 617 sanctorum,
946 548 1018 604 turn
1045 538 1240 623 praesertim
1262 536 1408 603 Sanctae
1422 536 1486 601 Bir-

386 644 491 727 gittae
507 664 592 726 quae
604 644 689 708 sicut
701 642 998 727 praestantissimis
1019 636 1206 723 virtutibus,
1227 644 1274 707 ita
1300 640 1488 732 praeclaris·

386 747 479 809 simis
502 744 567 809 Dei
587 746 779 811 muneribus
804 744 988 811 luculenter
1021 744 1153 814 effulsit
1185 744 1318 829 Quibus
1343 766 1364 809 e
1388 746 1490 821 rebus,

386 852 476 933 quod
488 851 613 915 bonum
630 850 845 934 faustumque
861 854 904 916 sit
924 852 1241 929 ecclesiaeSueciae‚
1254 862 1289 916 et
1308 850 1490 915 christianis

361 954 542 1023 ‚omnibus
572 954 660 1019 illius
695 957 840 1038 regionis
870 958 1073 1033 benevertat,
1105 976 1261 1040 suprema
1294 955 1490 1020 anctoritate

239 1072 360 1148 sannam
387 1060 512 1124 Nostra
528 1080 586 1141 per
601 1060 662 1123 has
678 1058 805 1125 litteras
822 1060 984 1126 Sanctam
1002 1061 1182 1144 Rirgittam
1199 1060 1336 1125 viduam
1357 1058 1489 1123 vicaria·

221 1138 362 1251 θ”ξὲἱῖζ
387 1174 440 1229 tus
468 1164 657 1249 Apostolici
680 1185 719 1229 ac
745 1166 850 1229 totius
874 1168 967 1248 regni
996 1166 1137 1231 Sueciae
1166 1165 1381 1249 praecipuam
1405 1162 1489 1245 apud

265 1268 360 1331 praecr-
387 1268 499 1332 Deum
530 1276 708 1350 patronam
731 1268 976 1349 constituimus,
1004 1272 1248 1334 renunciamus.
1277 1268 1396 1351 Atque
1419 1266 1491 1330 ideo

205 1332 360 1447 msssmffss
386 1372 541 1436 volumus
557 1380 594 1435 ut
609 1372 655 1437 ibi
671 1372 819 1439 Sanctae
833 1372 997 1457 Birgittae
1014 1375 1128 1439 omnia
1150 1372 1324 1457 privilegia
1332 1382 1368 1437 et
1378 1390 1490 1437 omnes

220 1464 357 1523 ‘mm’
385 1474 669 1553 honorificentiae,
692 1495 780 1560 quae
800 1479 986 1561 praecipuis
1009 1478 1158 1544 locorum
1176 1478 1330 1542 Patronis
1357 1478 1402 1541 de
1427 1478 1489 1539 iure

243 1598 359 1655 praesen-
386 1587 592 1661 competunt,
617 1579 649 1642 in
681 1587 851 1661 posterum
881 1582 1121 1659 adiudicentur,
1142 1580 1343 1646 deierantur.
1373 1580 1489 1643 Decer-

210 1657 361 1770 Iflje'fflf
386 1694 503 1749 nentes
519 1684 579 1747 has
606 1693 799 1766 praesentes
828 1684 955 1751 litteras
985 1686 1105 1764 firmas,
1131 1688 1260 1752 validas
1287 1695 1322 1751 et
1345 1684 1489 1749 efficaces

209 1790 262 1837 vim
280 1795 360 1863 'atque
385 1806 517 1871 semper
526 1788 670 1850 existere
679 1800 713 1851 et
723 1786 802 1864 sore,
819 1809 964 1871 suosque
981 1789 1147 1872 plenarios
1157 1801 1191 1853 et
1201 1789 1349 1872 integros
1358 1786 1492 1852 effectus

204 1854 359 1968 fimi?
385 1892 493 1956 sortiri
508 1900 543 1954 et
558 1892 718 1967 obtinere,
727 1912 766 1955 ac
783 1892 858 1969 illis,
875 1893 917 1955 ad
934 1912 1020 1975 quos
1035 1904 1166 1976 spectat
1187 1905 1220 1958 et
1253 1914 1315 1974 pro
1344 1901 1491 1973 tempore

384 1994 639 2079 quomodolibet
654 1996 830 2077 spectabit,
839 1997 872 2058 in
889 1998 1046 2060 omnibus
1056 2006 1089 2061 et
1099 2018 1158 2079 per
1168 1996 1282 2061 omnia
1304 1995 1490 2079 plenissime

385 2098 569 2181 suffragari.
586 2096 664 2162 Non
680 2099 894 2162 obstantibus
910 2102 1205 2166 constitutionibus
1221 2111 1255 2165 et
1276 2096 1490 2165 ordinationi·
1550 2135 1552 2168 :

385 2205 447 2266 bus
465 2199 679 2281 Apostolicis‚
694 2202 879 2283 ceterisque
900 2204 1074 2267 contrariis
1094 2206 1369 2287 quibuscumque.
1392 2200 1490 2267 Volu·
1550 2179 1552 2216 ¹

387 2324 460 2367 mus
488 2314 600 2366 autem
632 2312 669 2365 ut
698 2306 925 2384 praesentium
956 2306 1142 2371 litterarum
1168 2307 1402 2387 transumptis,
1435 2321 1487 2367 seu

387 2405 552 2487 exemplis
582 2404 683 2467 etiam
711 2404 880 2487 impressis
906 2428 1006 2473 manu
1037 2410 1177 2474 alicuius
1211 2410 1332 2475 notarii
1373 2405 1491 2493 publici

387 2510 581 2589 subscriptis
597 2519 630 2572 et
646 2507 755 2590 sigillo
771 2530 933 2592 personae
945 2514 979 2575 in
992 2515 1217 2579 ecclesiastica
1231 2515 1400 2597 dignitate
1420 2530 1492 2575 con·

387 2613 524 2677 stitutae
541 2612 677 2675 munitis
693 2613 811 2676 eadem
828 2634 962 2696 prorsus
972 2617 1056 2681 fides
1065 2620 1272 2697 adhibeatur,
1291 2638 1378 2702 quae
1406 2614 1492 2681 adhi-

387 2720 519 2783 beretur
535 2717 615 2798 ipsis
635 2718 866 2798 praesentibus
880 2721 907 2782 si
920 2718 1029 2785 lorent
1044 2723 1217 2787 exhibitae
1234 2721 1286 2787 vel
1309 2733 1472 2787 ostensae.

432 2822 559 2885 Datum
578 2820 707 2884 Romae
723 2822 813 2903 apud
832 2822 865 2887 S.
883 2824 1017 2889 Petrum
1033 2828 1096 2891 sub
1113 2826 1215 2891 anulo
1240 2826 1420 2891 Piscatoris
1444 2822 1492 2887 die

393 2947 404 2991 1
434 2925 590 2993 Octobris
622 2938 819 3002 Mucccxcl,
846 2927 1065 2993 Pontificatus
1095 2930 1211 2995 Nostri
1241 2950 1333 2995 anno
1367 2929 1494 2994 decimo
1549 2967 1550 2970 =

388 3041 517 3115 quartu.

893 3118 939 3182 M.
956 3120 1054 3186 caru.
1074 3119 1453 3188 eunocuowsrn.
