3117 4859
72 1648 75 1655 ,
180 1612 303 1657 namma,

369 328 438 419 184
491 346 608 397 uersa.
629 342 788 394 svcvcn.
812 308 1399 390 “consanus1fluucan0nuu.’'

366 444 1459 469 Μ

362 498 530 584 praesidia
554 506 657 580 atque
681 494 878 557 adiumenta
905 511 993 575 quae
1019 500 1154 574 tempus
1168 492 1221 555 vel
1234 490 1327 554 locus
1341 486 1464 551 afferat

361 604 503 671 Summa
519 612 632 665 tamen
650 597 829 682 prudentia
844 596 1087 679 vigilantiaque
1109 616 1194 678 opus
1210 606 1270 671 est,
1284 613 1325 658 ne
1340 592 1464 657 scilicet

359 708 559 791 gravitatem
577 704 783 785 modumque
798 700 987 765 transiliant
997 700 1082 765 sacri
1092 700 1220 763 ordinis
1229 700 1302 779 viri,
1310 710 1344 763 et
1357 698 1466 761 minus

360 812 423 895 ipsi
446 810 602 875 caelestia
630 826 731 891 quam
759 805 909 869 humana
935 824 1050 869 curare
1077 804 1264 868 videantur.
1282 803 1465 886 Aptissimc

359 917 448 981 idem
466 914 647 998 Gregorius
658 912 704 975 M.
719 936 725 976 :
744 925 762 979 t
778 908 972 975 Saecularia
993 910 1107 992 itaque
1123 903 1275 991 negotia'
1286 906 1466 991 aliquando

360 1034 379 1089 t
395 1040 440 1085 ex
456 1016 689 1101 compassione
704 1013 881 1078 toleranda
897 1022 985 1089 sunt,
1001 1030 1173 1094 nunquam
1196 1030 1277 1075 vero
1293 1031 1338 1074 ex
1353 1028 1465 1073 amore

359 1138 379 1193 ‹
395 1122 608 1207 requirenda:
619 1140 660 1185 ne
670 1140 747 1183 cum
761 1128 908 1181 mentem
919 1117 1091 1201 diligentis
1103 1126 1299 1201 aggravant,
1308 1116 1397 1179 hanc
1408 1132 1465 1177 suo

361 1228 518 1295 (victam
535 1225 684 1309 pondere
699 1222 741 1287 ad
760 1222 829 1285 ima
852 1220 896 1285 de
926 1220 1127 1285 caelestibus
1151 1231 1307 1305 mergant
1321 1218 1407 1301 (¹).)
1426 1254 1465 1265 -

230 1334 330 1412 QeEc·
360 1330 447 1393 Illud
464 1330 566 1393 etiam
583 1328 746 1405 volumus,
762 1324 904 1389 excitari
932 1343 952 1386 a
976 1323 1072 1387 vobis
1102 1323 1160 1406 qui
1183 1325 1284 1388 curiis
1300 1336 1465 1407 praesunt,

176 1400 331 1529 xlm
358 1444 395 1498 ut
410 1432 625 1497 ecclesiarum
653 1450 788 1494 suarum
800 1428 963 1511 peculium
990 1427 1146 1511 religiose
1172 1429 1368 1493 custodiant
1394 1428 1465 1493 dili-

247 1546 286 1609 'ra
297 1532 333 1581 ’ἦ
356 1538 619 1622 gentissimeque
633 1534 872 1600 administrent
887 1557 894 1598 ε
911 1534 938 1595 si
955 1553 1023 1617 qua
1039 1542 1168 1599 vernet
1193 1534 1257 1597 hoc
1284 1534 1320 1597 in
1346 1553 1464 1615 genere

357 1642 467 1705 minus
487 1650 577 1703 recta
605 1638 800 1713 insederint,
827 1656 888 1700 vos
916 1638 996 1703 item
1025 1649 1141 1720 aptam
1168 1640 1376 1704 curationem
1408 1658 1465 1721 pro

356 1764 493 1810 munere
509 1746 697 1809 admovete.
713 1780 756 1791 -
773 1742 948 1805 Praeterea
976 1742 1075 1805 valde
1097 1752 1326 1827 opportunum
1354 1762 1464 1808 cense-

356 1868 440 1925 mus,
456 1848 641 1912 studiosam
670 1866 690 1909 a
706 1845 805 1911 Clero
821 1846 962 1909 conlcrri
979 1866 1104 1923 curam,
1119 1856 1157 1911 ut
1171 1867 1259 1931 quae
1286 1848 1363 1912 istic
1391 1858 1466 1912 sunt

357 1950 564 2017 Sodalitates
580 1970 638 2015 seu
656 1948 960 2015 confraternitates
986 1949 1093 2014 laicae
1108 1951 1141 2014 in
1166 1951 1345 2034 pristinum
1369 1952 1465 2017 decus

356 2055 566 2119 revirescant.
582 2054 717 2137 Nempe
733 2053 775 2117 de
788 2072 827 2115 ea
840 2072 875 2116 re
891 2053 1010 2135 agitur,
1026 2073 1113 2135 quae
1125 2073 1192 2117 non
1211 2055 1321 2119 minus
1337 2074 1464 2119 earum·

354 2156 432 2221 dem
451 2158 690 2232 Sodalitatum,
703 2176 805 2238 quam
820 2155 991 2238 publicum
1008 2164 1137 2239 spectet
1149 2157 1320 2239 religionis
1330 2158 1463 2221 bonum.

203 2266 328 2344 Sodatrjea·
357 2261 407 2327 Ut
429 2262 518 2325 enim
535 2271 646 2326 cetera
662 2262 869 2339 omittamus,
879 2261 1062 2343 plurimum
1079 2280 1161 2325 sane
1172 2262 1362 2327 adiumenti
1374 2263 1464 2327 vobis

207 2332 330 2446 ‘fam‘
355 2367 510 2451 cleroque
535 2376 648 2431 vestro
679 2366 759 2430 talia
789 2366 956 2433 Sodalitia
986 2364 1105 2431 afferre
1132 2377 1275 2450 possunt
1301 2388 1407 2452 quum
1434 2369 1464 2431 in

200 2470 331 2511 eumcum
356 2468 547 2533 excolendo
563 2470 605 2532 ad
623 2470 794 2553 pietatem,
809 2468 853 2533 ad
878 2470 1095 2534 christianam
1110 2472 1215 2535 vitam
1237 2472 1376 2555 populo,
1397 2480 1464 2536 turn

177 2528 330 2643 scandflm'
356 2574 459 2638 etiam
477 2574 510 2635 in
528 2570 693 2636 firmanda
709 2574 847 2637 salutari
871 2572 937 2649 illa,
952 2592 1054 2656 quam
1070 2554 1247 2657 tantopere
1267 2574 1464 2657 expetimus

357 2678 545 2743 animorum
562 2677 845 2761 voluntatumque
859 2678 1090 2741 consensione.

232 2833 331 2895 Quibus
402 2782 549 2846 Demum
565 2783 608 2845 de
635 2781 674 2845 iis
699 2782 969 2864 omnibus,quae
995 2782 1046 2845 vel
1077 2782 1119 2845 ad
1137 2782 1306 2866 religionis
1323 2781 1465 2865 fideique

219 2898 249 2947 de
260 2898 332 2975 retus
357 2886 468 2951 avitae
483 2886 633 2964 tutelam,
649 2886 701 2949 vel
715 2884 758 2949 ad
776 2887 1006 2951 institutorum
1023 2884 1181 2951 catholici
1199 2888 1345 2952 nominis
1361 2889 1463 2953 incre·

197 2964 332 3079 ,m
359 3000 520 3068 mentum,
536 2990 587 3055 vel
605 2990 706 3055 enam
719 2990 762 3053 aa
777 2990 865 3056 cren
879 2991 1052 3074 utriusque
1062 2990 1277 3075 disciplinam
1289 2992 1464 3074 pertinent,

188 3094 334 3172 'conferant
357 3095 524 3183 optimum
542 3113 622 3157 sane
638 3092 989 3181 salubberrimumque
1005 3094 1075 3158 lore
1091 3095 1303 3171 arbitramur,
1318 3095 1464 3161 Venera-

178 3167 284 3290 23ng
296 3162 332 3210 E·
358 3199 442 3263 biles
459 3200 602 3277 Fratres,
617 3198 645 3261 si
661 3198 802 3261 consilia
820 3198 1005 3263 identidem
1022 3198 1110 3263 inter
1124 3220 1185 3263 vos
1211 3198 1362 3264 conferre
1389 3218 1463 3265 con·

358 3303 772 3385 sueveritis,ea}communi
790 3302 915 3366 iudicio
926 3303 1103 3382 decreturi,
1114 3323 1202 3387 quae
1214 3302 1266 3368 vel
1280 3306 1464 3369 necessaria

359 3408 410 3473 vel
429 3410 536 3492 magis
552 3416 744 3491 opportuna
759 3408 990 3490 dignoveritis.

266 3536 342 3608 Ant?
404 3513 568 3576 Futurum
584 3510 785 3575 confidimus
801 3520 838 3575 ut
855 3512 1001 3575 universi
1030 3534 1075 3577 ex
1109 3512 1286 3597 Hungarla
1310 3512 1462 3578 catholici

210 3639 332 3675 mumsu·
358 3614 522 3694 homines,
546 3623 616 3679 tam
649 3614 748 3697 plena
776 3614 917 3697 periculi
945 3636 1053 3680 rerum
1082 3635 1217 3680 suarum
1249 3616 1462 3681 inclinatione

182 3696 272 3803 ,ffi-
285 3691 332 3805 {2
358 3728 543 3803 perspecta,
570 3727 671 3801 atque
698 3719 731 3782 in
759 3718 812 3782 his
840 3720 1009 3797 omnibus,
1024 3740 1112 3804 quae
1128 3720 1290 3796 diximus,
1306 3730 1462 3802 paternae

181 3820 253 3932 ἱέμε
268 3821 331 3934 th-
359 3820 505 3885 Nostrae
521 3820 757 3887 sollicitudinis
772 3823 1107 3907 studiosissimaeque
1130 3844 1210 3905 erga
1235 3825 1327 3906 ipsos
1351 3823 1462 3889 volun·

193 3884 332 4013 ΐῗξηῖἆξ
358 3925 438 3989 tatis
449 3925 681 3991 testimonium
693 3936 982 4009 recognoscentes,
995 3929 1147 3992 animum
1158 3930 1311 4011 viresque
1321 3935 1461 4001 sumant;

223 4074 332 4123 pm..
358 4030 527 4112 0mnique,
544 4029 592 4092 uti
610 4050 669 4112 par
679 4040 739 4107 est,
756 4030 919 4114 religione
947 4030 1097 4095 consiliis
1114 4033 1320 4115 monitisque
1333 4029 1461 4097 Nostris

182 4137 324 4202 buntaro·
359 4131 602 4213 obtemperent.
618 4132 727 4196 Vobis
755 4144 882 4210 autern,
898 4133 1120 4199 Venerabiles
1148 4136 1293 4213 Fratres,
1318 4137 1460 4217 itemque
1506 4196 1509 4201 .

181 4204 332 4319 ggss'ss'
358 4235 448 4299 clero
463 4236 655 4319 populoque
672 4237 849 4314 catholico,
866 4258 933 4303 una
949 4240 1040 4304 velut
1057 4248 1171 4304 mente
1191 4260 1327 4323 unoque
1353 4241 1459 4303 animo

181 4332 274 4395 ΜΝ
390 4380 409 4413 1.
422 4367 479 4426 Reg.
493 4367 587 4414 Pastor.
599 4380 622 4425 p.
637 4378 664 4420 n,
675 4381 694 4413 c.
706 4378 750 4413 νη.
