3117 4859
263 344 314 396 DE
340 343 592 396 MATRIMONIO
617 343 737 394 CIVILl
764 343 807 394 IN
834 342 1050 398 HUNGARIA.
1174 343 1218 413 31

103 487 215 570 ipsius
237 488 322 552 sacri
347 486 487 552 Consilii
511 488 679 552 sententia
701 486 927 551 venerabilem
953 489 1104 552 Fratrem
1122 506 1222 569 supra
1307 509 1340 555 ιε

103 591 238 655 dictum
254 592 288 654 in
306 590 534 655 Patriarcham
552 589 825 672 Baby-lonensem
843 588 1222 656 Chaldaeorumconfir-
1260 568 1387 686 ‘'w''

104 695 281 774 orandum,
304 696 402 778 eique
432 694 584 772 Pallium,
609 695 652 758 de
668 694 757 758 beati
775 695 866 759 Petri
882 715 1021 780 corpore
1036 704 1222 777 sumptum,
1246 733 1331 781 Pam,-
1340 737 1380 782 ,μ

102 798 209 862 hodie
224 799 479 863 concedendum
495 798 697 862 censuimus.
1247 807 1305 840 Μ
1317 800 1398 855 “5³¹-

150 902 273 986 ltaque
300 904 501 967 auctoritate
524 901 769 982 omnipotentis
802 901 876 979 Dei,
903 913 1097 970 sanctorum
1124 903 1219 987 Apo·

102 1005 271 1070 stolorum
289 1008 378 1071 Petri
395 1017 429 1071 et
447 1005 541 1070 Pauli
558 1027 598 1070 ac
614 1006 750 1082 Nostra,
772 1005 1012 1071 confirmamus
1037 1017 1071 1071 et
1098 1026 1220 1088 appro-
1258 1089 1263 1098 Ι

101 1110 226 1174 bamus
238 1109 437 1174 electionem
455 1130 513 1172 seu
529 1111 795 1191 postulationem
811 1131 832 1173 a
848 1110 1096 1176 venerabilibus
1112 1111 1220 1176 fratri·

102 1214 166 1278 bus
179 1215 361 1297 Episcopis
372 1214 546 1280 Chaldaici
563 1215 646 1277 ritus
659 1211 783 1277 factam
796 1214 839 1277 de
852 1235 997 1297 persona
1008 1215 1220 1279 Venerabilis

104 1317 233 1382 Fratris
249 1318 386 1401 Georgii
404 1318 596 1382 Ebed·Iesu
615 1316 815 1400 Khayyath‚
836 1338 912 1382 eum
937 1319 1168 1401 praeficientes
1184 1319 1218 1383 in

103 1422 334 1486 Patriarcham
348 1433 382 1486 et
395 1421 567 1486 Pastorem
580 1421 753 1484 Ecclesiae
770 1421 1019 1504 Babyloneusis
1030 1423 1219 1488 Chaldaeo·

102 1545 187 1603 rum,
200 1537 301 1609 prout
313 1527 346 1590 in
363 1527 498 1590 decreto
514 1537 546 1589 et
560 1524 720 1589 schedula
734 1524 1032 1590 Consistorialibus
1049 1529 1219 1609 exprime-

101 1639 176 1694 tur:
204 1631 378 1694 contrariis
404 1631 670 1712 quibuscumque
686 1647 752 1690 non
770 1629 995 1695 obstantibus.
1013 1631 1052 1694 ln
1071 1631 1220 1696 Nomine

104 1733 215 1798 Patris
231 1732 276 1811 *la
291 1745 324 1800 et
340 1735 417 1799 Filii
432 1732 477 1812 »l«,
492 1743 525 1798 et
542 1733 688 1816 Spiritus
704 1728 740 1798 *l*
756 1730 883 1797 Sancti.
899 1734 1022 1799 Amen.

146 1836 250 1921 Quod
267 1839 431 1922 reliquum
448 1849 509 1916 est,
524 1837 790 1920 transgredimur
805 1838 848 1900 ad
864 1839 1117 1919 cooptationem
1136 1841 1217 1923 Epi·

102 1959 292 2024 scoporum.
