3117 4859
315 328 384 397 134
438 330 626 382 arrianae
643 332 902 384 nsosromcns
923 322 943 349 ¹·
962 332 1194 385 nnnvrssnne
1215 333 1297 385 nos.
1320 312 1338 337 ’'

159 486 282 536 athelmi·
309 484 516 565 praescripto
531 484 655 549 habeat
679 486 924 549 excolendam:
947 472 1151 570 aiebantque
1179 489 1212 551 in
1230 488 1339 551 Nobis
1355 508 1421 550 ex-

134 560 283 682 Ἔωλὲἕξζῖ
309 587 536 668 pectationem
557 609 624 651 non
650 589 753 652 modo
779 599 940 671 perpetua
957 592 1151 655 testimonia
1168 612 1319 655 summae
1345 592 1423 654 eius

152 683 286 799 wlff
310 688 445 771 pietatis
471 691 504 753 in
530 692 618 755 hanc
644 692 879 774 Apostolicam
907 692 1041 771 Sedem,
1056 696 1116 759 sed
1132 696 1287 779 propriae
1312 696 1424 778 ipsius

133 830 210 874 man,
227 823 283 878 pro·
310 804 461 857 sacratae
477 794 577 877 leges,
593 796 714 878 quibus
736 796 864 860 alumni
888 798 1089 878 sapientiam
1106 798 1289 881 Aquinatis
1305 818 1423 881 perse-

133 881 285 1007 ,ffl'qdss
308 901 365 981 qui
391 908 424 963 et
450 899 599 982 profiteri
625 911 791 965 tenentur.
815 938 859 949 -
876 900 927 963 Ea
954 900 1055 982 igitur
1083 913 1195 966 mente
1212 914 1249 967 ut
1264 902 1423 969 Societas

133 1014 231 1061 ctrinae
253 1012 280 1060 S.
313 1003 398 1067 IEsv
418 1003 451 1077 in
473 1004 645 1087 proposito
668 1014 741 1067 tam
766 1004 937 1085 praeclaro
956 1002 1149 1069 fidelissime
1164 1015 1305 1083 constet,
1316 1014 1425 1087 atque

178 1077 285 1191 ,Ἐξ
309 1106 419 1170 locum
435 1108 641 1189 cumprimis
656 1114 772 1170 teneat
789 1109 821 1170 in
839 1108 949 1184 ea,cui
965 1116 1142 1189 tantopere
1158 1106 1341 1185 studemus,
1357 1110 1425 1172 do-

132 1215 207 1259 cram.
310 1212 418 1274 ctrina
433 1233 510 1275 vera
526 1212 652 1274 tuenda
667 1220 701 1274 et
717 1212 947 1293 propaganda,
962 1212 1069 1274 visum
1087 1221 1137 1274 est
1151 1213 1286 1275 easdem
1305 1212 1425 1276 Socie-

186 1323 284 1399 trasu-
310 1314 389 1378 tatis
421 1314 522 1396 leges,
557 1324 656 1396 prout
682 1315 716 1377 in
748 1316 1046 1379 constitutionibus
1080 1316 1203 1397 Ignatii
1237 1316 1356 1391 Patris,
1384 1316 1423 1379 in

129 1404 284 1503 {52:¹⁸ssss
310 1419 452 1482 decretis
464 1419 765 1502 congregationum
787 1420 1005 1500 generalium,
1027 1420 1060 1481 in
1089 1418 1259 1481 mandatis
1277 1436 1425 1499 praepo-

134 1521 284 1650 {noctram
310 1523 449 1586 sitorum
466 1522 642 1599 habentur,
657 1524 691 1587 in
719 1543 886 1587 summam
915 1526 1098 1607 quamdam
1116 1520 1278 1597 conferre,
1295 1540 1426 1602 easque

154 1652 284 1715 ,compa
311 1625 423 1689 firmas
436 1635 538 1708 atque
549 1628 581 1689 in
594 1638 793 1709 perpetuum
808 1638 897 1691 ratas
911 1648 1067 1710 suprema
1078 1624 1281 1689 auctoritate
1293 1622 1425 1686 Nostra

134 1717 285 1831 '225⁸ssss
310 1731 486 1794 declarare.
504 1728 583 1813 Quo
599 1732 700 1795 etiam
718 1731 774 1794 fiet
792 1741 838 1809 ut,
850 1734 875 1793 si
896 1752 981 1814 quae
993 1732 1077 1795 sorte
1094 1729 1265 1811 speciosae
1282 1746 1426 1791 caussae

152 1847 286 1925 ¹repentis
312 1834 362 1897 vei
384 1834 542 1898 inductae
558 1835 810 1898 consuetudinis
837 1835 949 1917 aliqua
973 1856 1017 1899 ex
1035 1845 1130 1918 parte
1145 1832 1342 1909 contrariae,
1367 1831 1424 1894 vel

135 1914 231 2029 {253⁸
245 1930 284 1962 ω’
313 1939 423 2002 minus
448 1948 559 2002 rectae
578 1940 873 2021 interpretationis,
889 1940 1066 2017 resideant,
1082 1940 1129 2001 eis
1157 1938 1291 2019 penitus
1308 1935 1425 1999 subla·

312 2042 364 2117 tis,
388 2043 502 2124 regula
518 2053 552 2105 et
575 2062 693 2107 norma
716 2052 884 2107 statuatur
906 2063 926 2106 a
950 2043 1059 2106 Nobis
1082 2048 1181 2118 certa,
1205 2039 1344 2117 stabilis,
1361 2040 1427 2102 de-

314 2145 417 2210 finita.

175 2280 202 2330 S.
214 2282 287 2343 lgna·
359 2251 460 2333 Quod
477 2252 621 2333 primum
639 2260 699 2329 est,
715 2252 816 2333 idque
839 2252 997 2314 omnibus
1011 2250 1114 2331 probe
1131 2258 1259 2325 notum,
1279 2248 1325 2310 sic
1338 2246 1420 2309 insi-

162 2347 289 2459 sam
315 2357 390 2437 gnis
401 2354 639 2418 ilieSocietatis
652 2366 769 2418 auctor
779 2356 902 2419 crebris
913 2355 1192 2417 constitutionum
1209 2351 1291 2415 locis
1306 2351 1422 2414 decre·

164 2476 289 2541 quendam
317 2458 371 2534 vit,
381 2460 585 2540 sequendam
603 2460 635 2521 in
650 2479 851 2542 unaquaque
867 2460 1044 2541 disciplina
1064 2458 1252 2521 doctrinam
1277 2455 1422 2518 solidam

148 2540 289 2592 duranum
316 2571 349 2626 et
365 2581 525 2639 securam,
541 2574 642 2644 atque
652 2564 753 2625 etiam
770 2552 963 2626 securiorem
975 2572 1007 2626 et
1021 2560 1130 2647 magis
1139 2559 1346 2643 approbatam
1356 2557 1402 2639 (¹)
1417 2582 1425 2621 :

141 2608 291 2657 securiorem

171 2673 289 2801 miii
315 2666 404 2747 quod
433 2664 556 2747 pluries
583 2666 669 2729 redit
685 2667 795 2749 ipsum
809 2688 868 2749 per
878 2669 1012 2731 decreta
1028 2676 1061 2729 et
1078 2668 1167 2729 iussa
1183 2673 1255 2727 tum
1283 2682 1421 2744 congre·

137 2810 192 2851 tarn
211 2803 289 2852 decre·
316 2771 490 2851 gationum
508 2781 579 2833 tum
597 2772 864 2853 praepositorum
882 2772 943 2834 rite
967 2770 1178 2833 affirmatum.
1198 2768 1275 2831 Hoc
1306 2776 1418 2829 autem

137 2871 177 2917 Μ’(
185 2867 293 2997 {a}
316 2874 460 2955 amplius
477 2873 532 2937 iile
549 2876 728 2964 praecepit,
743 2885 780 2938 ut
797 2876 960 2950 doctrina,
978 2894 1080 2957 quam
1098 2881 1293 2955 sequeretur
1311 2868 1423 2935 Socie-

179 3006 289 3062 posteaa
315 2989 377 3056 tas,
393 2998 459 3043 una
475 2981 661 3060 eademque
678 2989 765 3041 esset
778 2981 872 3061 apud
889 2998 1006 3042 omnes
1023 2988 1125 3059 atque
1141 2976 1174 3038 in
1193 2975 1284 3037 omni
1308 2989 1421 3035 mune·

154 3066 289 3195 {iffi
317 3103 389 3145 rum
418 3082 774 3165 perfunctionezldem
798 3084 977 3165 sapiamus,
1002 3082 1096 3157 idem
1118 3080 1228 3162 quoad
1250 3077 1321 3141 eius
1341 3073 1425 3159 fieri

191 3204 289 3244 marom
309 3187 423 3269 possit,
437 3183 598 3249 'dicamus
623 3207 740 3264 omnes,
770 3186 865 3249 iuxta
896 3186 1096 3267 Apostolum.
1113 3182 1290 3247 Doctrinae
1320 3180 1428 3262 igitur

139 3268 199 3375 ,ἐξ
209 3278 290 3375 QZ„
314 3290 572 3373 differentesnon
587 3290 819 3368 admittantur,
830 3311 884 3353 nec
894 3290 988 3353 verbo
1003 3289 1039 3351 in
1050 3285 1252 3351 concionibus
1262 3282 1424 3348 cellectio·

209 3392 292 3440 volucr
318 3394 414 3457 nibus
431 3393 581 3475 publicis,
597 3413 653 3455 nec
665 3393 797 3476 scriptis
822 3393 918 3457 libris
928 3393 990 3477 (ὓς
1007 3394 1086 3454 item
1107 3415 1113 3453 ε
1130 3390 1252 3454 Patres
1277 3383 1427 3469 deputati

139 3458 294 3571 {maiis}
316 3519 356 3560 ex
369 3498 477 3561 oarr'as
491 3496 681 3560 nationibus
688 3509 751 3577 pro
766 3496 850 3559 libro
868 3496 907 3559 de
923 3496 1049 3559 ratione
1065 3494 1253 3556 studiorum
1281 3508 1424 3571 recogno·

140 3588 289 3648 mmm·
316 3601 437 3676 scendo,
452 3621 554 3683 quum
577 3600 616 3664 de
637 3600 757 3663 delectu
771 3600 960 3682 opinionum
984 3598 1097 3681 primo
1122 3596 1186 3660 loco
1217 3594 1426 3659 tractandam

317 3703 1015 3786 censuissent,actamqnomfundomentum
1035 3700 1287 3785 proposuissent,
1310 3696 1426 3760 doctri-

318 3830 396 3872 nam
410 3809 576 3874 Societatis
589 3830 656 3871 csse
677 3808 788 3871 debere
812 3808 1022 3886 uniformem,
1048 3824 1195 3868 securam
1220 3814 1251 3867 et
1277 3800 1426 3875 solidam,

193 3947 249 3989 rum
261 3942 291 3990 do
318 3912 412 3974 iuxta
426 3912 668 3974 constitutiones
672 3959 795 3974 .........
810 3910 863 3993 (a).
879 3910 977 3993 Quae
991 3909 1130 3992 quidem
1157 3906 1332 3972 uniformis
1347 3906 1426 3968 doc·

160 4008 292 4056 '‘mm“
316 4016 424 4079 trinae
441 4017 633 4097 praeceptio
650 4034 716 4077 non
734 4034 774 4076 eo
791 4013 1016 4077 circumscribi
1034 4013 1186 4093 putanda
1208 4020 1268 4087 est,
1284 4020 1321 4073 ut
1352 4025 1426 4070 sen-

155 4080 292 4186 iiiiii
317 4120 441 4184 tentias
456 4118 694 4182 tantummodo
710 4136 796 4198 quae
813 4124 892 4179 sunt
911 4118 944 4178 in
957 4115 1081 4179 scholis
1104 4133 1301 4178 communes
1324 4110 1427 4193 respi-

140 4214 287 4263 ‘mmm’
316 4224 393 4299 ciat,
408 4241 522 4285 verum
539 4222 640 4284 etiam
658 4221 701 4283 ad
718 4220 897 4301 opiniones
929 4219 1029 4282 latius
1058 4218 1224 4299 pertinere
1247 4213 1428 4299 dequibus

319 4312 1430 4405 mm
