3117 4859
240 364 242 373 ι
315 366 317 373 t
389 364 391 373 t
501 366 502 371 η
538 366 540 373 t
576 368 578 373 v
604 370 605 373 ,

114 370 124 387 t'
159 382 177 402 γ’
196 380 210 399 a¹
233 382 251 399 ιι
269 380 290 399 0„
308 382 322 399 ι,
345 374 364 397 ⁸¹„
382 376 401 399 ι(
420 384 439 399 ιι,
456 380 476 397 ⁸..
494 380 509 397 'e
531 380 550 395 Ψ..
569 380 588 397 ⁸..
605 380 620 395 'a
643 378 658 395 ἰ
680 378 700 395 'v
718 379 733 396 ἰ
756 350 1221 426 'sfflfflm

141 417 1060 434 .........................................................................................
1079 417 1183 430 =·····¹···.

126 444 145 461 1.
1180 443 1201 452 ,ι

261 517 1066 600 ιιττΕΒΑΕΑΡοετοιιοΑΕ

283 717 348 776 uu
373 714 743 774 snucuuaruuus
774 647 1217 1018 sosarinus-”fi

181 1022 193 1027 ·’
367 1033 661 1089 samm
373 1011 621 1021 ························

103 1137 380 1440 {affluunt
397 1126 431 1188 in
453 1126 619 1188 honorem
635 1123 744 1187 sancti
766 1122 914 1206 Philippi
931 1125 1025 1190 Nerii
1040 1127 1105 1192 hoc
1119 1151 1221 1212 anno,
1314 1192 1333 1238 8

267 1211 293 1360 Ε
315 1233 371 1296 die
384 1227 549 1311 vigesima
561 1236 661 1290 sexta
678 1227 840 1290 vertentis
856 1227 939 1292 Maii
953 1232 1087 1309 mensis,
1102 1234 1219 1318 elapso
1284 1251 1364 1292 nan

268 1336 418 1435 petrium
457 1331 666 1396 saeculorum
706 1333 828 1412 spatio,
864 1352 884 1394 a
916 1333 1114 1401 beatissimo
1147 1341 1218 1404 eius
1278 1303 1358 1464 Εἴθ’

1328 1423 1399 1463 tatur

104 1443 294 1518 &mmet
316 1442 423 1517 exitu,
438 1437 617 1502 sollemnia
628 1437 696 1500 sint
707 1440 900 1519 peragenda
910 1445 1217 1518 sacra,nuntiatum
1244 1477 1399 1538 Pontifexae

105 1553 216 1618 Nobis
231 1563 292 1626 est,
307 1567 352 1610 ex
377 1545 551 1609 laustitate
574 1541 837 1624 auspicatissimi
864 1542 963 1606 huius
988 1557 1129 1612 eventus
1151 1551 1217 1615 sin·
1243 1538 1377 1643 2222&ss

103 1657 214 1742 gulari
231 1652 368 1738 pietatis
383 1650 497 1713 studio
513 1647 680 1711 exarsisse
697 1645 846 1710 fidelium
863 1650 1026 1728 omnium,
1050 1673 1089 1715 ac
1114 1656 1218 1736 potis.
1245 1656 1398 1726 »passeis

103 1765 229 1827 simum
246 1758 479 1821 Romanorum
493 1753 634 1827 animos,
646 1750 769 1832 quibus
784 1752 914 1833 optima
926 1774 1009 1816 sane
1024 1753 1217 1823 huiusmodi
1244 1717 1312 1821 ll'ell
1321 1716 1396 1821 iil?

102 1865 239 1935 occasio
254 1863 334 1938 visa,
349 1869 388 1923 ut
405 1876 501 1921 suam
518 1857 550 1918 in
569 1854 776 1936 Apostolum
794 1855 920 1920 Almae
939 1858 1041 1922 Urbis
1063 1861 1218 1925 volunta·
1245 1834 1354 1888 Mi*

106 1982 177 2036 tem
194 1964 511 2044 observantiamque
537 1957 713 2040 multiplici
738 1958 985 2042 significatione
1007 1972 1219 2030 testarentur.

107 2075 182 2140 Nos
212 2083 337 2145 autern,
360 2067 483 2149 quibus
514 2073 584 2126 tam
616 2063 774 2144 gravibus
807 2065 979 2128 Ecclesiae
1010 2069 1219 2150 temporibus

104 2177 188 2244 nihil
205 2172 377 2255 antiquius
387 2181 439 2233 est
454 2189 493 2231 ac
504 2168 649 2246 suavius,
658 2187 761 2250 quarn
773 2176 810 2231 ut
821 2168 992 2250 religionis
1005 2192 1101 2234 amor
1111 2173 1219 2255 magis

105 2303 143 2348 ac
170 2279 278 2362 magis
305 2277 338 2338 in
365 2273 493 2356 populo
513 2272 691 2348 excitetur,
718 2274 926 2353 periucundo
944 2273 1102 2339 'laetitiae
1118 2297 1216 2340 sensu

105 2385 220 2452 affecti
236 2400 362 2458 sumus,
375 2398 452 2441 curn
468 2376 551 2440 haec
569 2377 742 2454 novimus;
768 2397 817 2456 ac,
842 2379 918 2441 Deo
939 2381 1137 2461 opitulante,
1152 2381 1216 2444 sol-

104 2489 230 2556 lemnia
257 2487 321 2550 ista
345 2501 441 2546 sacra
467 2499 534 2543 non
561 2500 666 2544 vacua
696 2482 862 2563 spirituali
888 2484 995 2546 fructu
1027 2485 1217 2550 christianis

103 2591 298 2658 hominibus
310 2588 422 2653 sutura
438 2584 649 2650 confidimus.
666 2583 780 2668 Quum
797 2587 887 2650 enim
904 2589 1091 2670 singulares
1108 2593 1216 2655 sancti
1242 2632 1367 2691 imm„

103 2698 251 2781 Philippi
266 2695 360 2758 Nerii
372 2695 513 2756 virtutes
529 2703 643 2754 mente
656 2693 848 2773 repetimus,
860 2695 1007 2758 iucunda
1018 2715 1099 2757 sane
1108 2715 1216 2759 recor·
1242 2692 1395 2796 ssfflff'·

102 2805 200 2872 datio
215 2800 341 2865 mulcet
359 2796 521 2873 animum,
536 2803 639 2877 atque
653 2797 697 2858 ad
714 2794 780 2858 Dei
796 2816 945 2861 amorem
963 2799 1107 2880 impellit
1123 2801 1214 2863 oble·
1243 2810 1354 2881 &ctrina

104 2921 184 2979 ctat.
215 2904 406 2972 Coniuncta
432 2919 509 2963 curn
540 2900 734 2963 innocentia
758 2901 849 2964 vitae
874 2904 1039 2982 doctrina,
1069 2904 1216 2988 flagrans
1243 2883 1380 2928 ''mm''

103 3007 341 3104 provehendae
357 3002 437 3067 fidei
452 3004 552 3083 zelus,
567 3002 674 3066 eflusa
697 3004 731 3067 in
759 3025 885 3086 egenos
902 3010 1032 3084 caritas,
1048 3030 1166 3073 omnes
1183 3011 1216 3073 in

104 3118 224 3188 inclito
239 3114 311 3178 viro
335 3109 647 3192 praestantissimae
674 3107 791 3172 laudes
817 3112 1009 3176 mirandum
1026 3114 1059 3174 in
1078 3115 1216 3179 modum

104 3225 310 3294 enituerunt,
325 3217 382 3297 qui
399 3221 435 3275 et
461 3233 480 3274 e
505 3223 666 3294 suggesto
681 3222 716 3274 et
742 3213 773 3275 in
803 3216 930 3279 exedra
956 3217 1117 3299 piaculari
1134 3221 1216 3282 etin

104 3323 250 3414 publicis
260 3318 488 3394 concionibus,
499 3327 533 3379 et
544 3315 681 3379 monitis
693 3317 1046 3398 privatis‚innumeros
1062 3321 1217 3388 homines

103 3430 215 3496 estad
236 3425 368 3489 virtutis
384 3423 540 3486 semitam
557 3440 712 3484 revocare
729 3422 831 3499 nisus,
846 3433 881 3485 et
901 3425 935 3486 in
954 3428 1167 3503 nosocomiis,
1183 3428 1215 3489 in

104 3531 305 3606 carceribus,
321 3529 354 3591 in
367 3526 503 3608 templis
519 3546 557 3588 ac
575 3545 634 3606 per
646 3525 797 3608 compita
812 3529 938 3609 passim
954 3529 1113 3595 exhibuit
1135 3551 1216 3613 apo-

104 3637 252 3704 stolatus
275 3633 328 3697 sui
351 3629 659 3696 testimonia..Etsi
683 3651 760 3694 cum
788 3632 928 3696 eruditis
952 3635 1039 3711 viris,
1055 3639 1217 3719 temporis

104 3743 157 3808 sui
173 3740 302 3824 primis,
328 3747 476 3800 uteretur
497 3734 715 3811 familiariter,
739 3735 939 3802 humilitatis
963 3748 1078 3803 tamen
1102 3762 1217 3808 amore

104 3847 238 3922 ductus,
252 3842 431 3908 stultitiam
449 3839 565 3904 Crucis
576 3840 765 3922 amplexus,
781 3854 814 3905 et
832 3844 949 3907 mundi
966 3847 1094 3909 caduca
1106 3849 1216 3930 despi-

104 3952 207 4028 ciens,
223 3950 310 4013 inter
325 3967 490 4030 pauperes
507 3947 630 4028 stipem
657 3947 896 4027 quaeritantes,
922 3950 1077 4034 interque
1091 3972 1217 4034 egenos

102 4057 147 4122 ad
166 4055 256 4120 Petri
272 4052 390 4118 limina
406 4051 669 4134 peregrinantes,
692 4071 836 4134 operosa
860 4057 1001 4118 caritate
1024 4057 1215 4122 diversaba-

101 4173 165 4226 tur.
181 4156 413 4242 Congregatio
430 4156 706 4239 Presbyterorum
732 4158 952 4222 saecularium
978 4160 1022 4222 ab
1048 4159 1216 4240 Oratorio,
1241 4161 1311 4231 cujus
1332 4160 1394 4232 ἓξὲξ·

1240 4225 1396 4279 stztvcrtagns

101 4281 154 4334 tot
170 4266 342 4347 tantisque
358 4261 552 4326 nominibus
568 4262 698 4343 optime
714 4264 756 4325 de
773 4282 809 4324 re
831 4264 1013 4327 christiana
1038 4267 1166 4343 merita,
1181 4277 1215 4330 et
1243 4281 1375 4348 congrega-

102 4397 190 4462 quae
207 4369 395 4438 fundatoris
411 4369 560 4452 vestigiis
576 4369 734 4434 insistens
746 4369 780 4431 in
795 4370 885 4450 piam
898 4370 1112 4451 potissimum
1125 4371 1213 4433 iuve·
1232 4339 1376 4458 mlii?
