3117 4859
383 366 435 415 nn
463 366 492 417 s.
514 366 547 417 R.
570 356 602 418 t.
632 368 883 420 canorunnss.
1141 375 1187 443 29

86 516 290 600 providentia
308 516 372 579 Dei
389 528 421 580 et
436 516 644 581 saeculorum
662 516 823 602 suffragio
839 522 1011 589 addictam
1025 522 1189 601 Pontifici,
1218 525 1220 529 ’
1278 551 1308 597 14

86 634 228 704 repetere
253 623 485 705 perreximus;
512 623 614 706 plane
643 625 837 704 sentientes,
867 627 958 709 quod
986 648 1053 691 non
1085 627 1188 691 semel
1255 597 1328 713 {²595

86 726 626 803 memoravimus,incolumitatem
647 729 726 791 iuris
743 728 860 793 Nostri
870 749 946 795 curn
958 730 1077 808 salute,
1092 730 1190 794 liber·
1216 763 1367 815 ,·„„„„·„,·‚

85 838 157 903 tate,
172 830 396 913 prosperitate
421 830 523 894 italici
548 831 679 914 generis
703 831 834 913 optime
861 852 961 917 posse
988 835 1190 899 consistere:
1216 830 1252 878 ‘1'0
1260 830 1366 907 pmii·

85 932 182 997 immo
200 933 364 997 Italorum
382 955 458 998 cum
487 935 688 1017 Apostolica
718 937 799 1001 sede
823 956 1025 1001 consensum
1050 939 1190 1003 omnino
1215 902 1367 1011 bizim]

86 1040 123 1101 ad
138 1056 253 1102 eorum
270 1036 436 1101 bonorum
454 1039 660 1104 incrementa
677 1039 769 1103 domi
801 1040 947 1123 lorisque
971 1041 1190 1124 profuturum.
1214 1027 1371 1142 mm

86 1139 175 1223 Quae
190 1142 395 1224 scripsimus,
411 1160 564 1225 quaeque
581 1142 747 1227 usquead
764 1142 852 1207 hanc
869 1145 969 1221 diem,
981 1145 1063 1208 nihil
1075 1154 1188 1210 tamen
1212 1157 1277 1233 sura
1288 1109 1368 1209 sque-

86 1249 223 1312 minitati
239 1250 410 1329 cuiquam,
425 1248 566 1330 egimus,
582 1247 698 1312 omnia
709 1258 886 1327 testantur,
903 1249 985 1313 nihil
998 1270 1070 1312 esse
1081 1269 1189 1332 neque
1214 1222 1370 1353 ‘2⁸12'ssss

85 1355 115 1415 in
130 1352 297 1417 sententia
324 1350 459 1430 Nostra,
475 1372 586 1435 neque
602 1354 635 1415 in
658 1353 782 1436 agendi
803 1354 932 1417 ratione
945 1364 1124 1418 mutatum.
1146 1390 1190 1401 —
1215 1354 1284 1403 sarus
1298 1355 1367 1432 trafi-

85 1458 158 1521 Alia
172 1459 279 1541 igitur
293 1459 511 1523 increscentis
528 1457 754 1522 contentionis
770 1468 822 1521 est
844 1478 962 1522 caussa
989 1458 1199 1541 quaerenda.x
1214 1426 1370 1535 mm

87 1564 184 1645 Atqui
209 1583 283 1627 rem
300 1564 454 1626 videmur
484 1563 653 1626 verissime
670 1562 709 1625 iis
734 1562 886 1645 attigisse
902 1562 1032 1642 litteris,
1046 1584 1130 1646 quas
1145 1564 1188 1627 ad
1215 1552 1355 1665 {221’022

88 1666 242 1732 Italorum
261 1678 398 1751 gentem
415 1667 570 1732 dedimus
594 1686 684 1731 anno
700 1667 892 1749 superiore:
908 1668 941 1729 in
969 1669 1090 1750 quibus
1115 1689 1189 1750 pra·
1216 1632 1344 1745 superiore

87 1794 193 1837 varum
210 1792 335 1836 arcana
348 1780 515 1836 sectarum
534 1771 710 1853 ipsissimis
726 1791 842 1834 eorum
860 1772 979 1847 verbis,
993 1774 1051 1855 qui
1078 1784 1190 1838 essent
1216 1762 1285 1862 ‘5229
1302 1764 1368 1877 25²2

87 1878 212 1955 conscii,
225 1876 431 1958 aperuimus:
441 1876 561 1959 quibus
576 1875 712 1957 quidem
736 1875 847 1938 verbis
863 1875 1044 1937 novissime
1069 1876 1102 1939 in
1116 1878 1190 1957 ipso
1216 1894 1308 1927 varum

87 1978 340 2061 legumlatorum
355 1990 452 2043 coetu
466 1980 557 2044 haud
572 1979 751 2062 ambiguae
767 1978 967 2042 concinuere
978 1978 1190 2044 voces.Com-
1217 1952 1368 2058 {cracem

87 2094 358 2147 munesectarum
369 2084 545 2147 consilium
559 2094 611 2147 est
622 2083 764 2164 fatigare
775 2101 889 2165 pugna
902 2082 1007 2145 atroci
1020 2102 1189 2145 summurn
1218 2089 1326 2189 'lt'Jiuf

88 2186 317 2269 pontificatum
335 2198 369 2253 et
385 2188 546 2265 funditus,
558 2189 585 2252 si
602 2188 672 2252 fieri
689 2190 805 2271 possit,
821 2185 1039 2250 christianum
1056 2186 1190 2251 abolere
1219 2154 1367 2269 3σῖῐῖἓὲξῖ-

87 2312 213 2361 nomen.
243 2294 353 2356 Modo
383 2304 565 2376 properant
592 2294 762 2357 destinata
787 2300 928 2374 patrare,
958 2301 1086 2356 certum
1118 2294 1190 2371 rati,
1217 2271 1369 2401 Z‘g'ssejm'

85 2399 191 2465 omnia
219 2398 284 2460 sibi
310 2398 457 2461 secunda
488 2406 589 2479 atque
616 2390 812 2460 obedientia
828 2394 905 2458 iore.
923 2392 1098 2477 Siquidem
1121 2416 1188 2461 non

85 2501 179 2563 modo
198 2499 286 2563 nihil
302 2497 549 2580 impedimenti,
577 2498 666 2560 unde
693 2496 914 2559 metuendum
931 2496 1081 2559 maxime
1098 2497 1189 2561 vide-

85 2612 176 2679 retur,
191 2604 251 2665 sed
264 2600 504 2677 indulgentiam
524 2610 627 2683 atque
644 2599 864 2663 incitamenta
889 2608 1086 2680 coeptorum
1114 2602 1190 2683 plus

84 2707 181 2769 semel
197 2706 262 2769 sibi
275 2704 393 2768 vident
405 2704 534 2767 adesse.

125 2808 175 2871 En
194 2810 306 2892 igitur,
320 2805 542 2871 Venerabiles
568 2804 712 2883 Fratres,
732 2825 801 2887 quo
828 2825 879 2867 res
896 2804 970 2868 loco
985 2808 1051 2869 sint
1066 2828 1073 2869 :
1089 2806 1190 2887 idque

85 2921 115 2975 et
129 2932 292 2994 cognosse
307 2912 405 2975 decet
433 2920 467 2975 et
495 2910 699 2986 meminisse,
714 2910 794 2991 quia
818 2908 1048 2974 defensionem
1071 2919 1190 2974 contra

85 3016 146 3079 vim
161 3016 359 3098 parantibus
383 3015 522 3099 prodest
547 3014 666 3077 itinera
692 3012 839 3077 hostiurn
869 3012 993 3077 habere
1009 3022 1190 3095 comperta.

84 3120 253 3203 —Atque
279 3120 344 3183 huc
369 3128 574 3203 magnopere
601 3117 742 3181 velimus
768 3117 947 3182 intendant
964 3118 1114 3181 animum
1132 3120 1189 3200 qui

87 3226 190 3305 regnis
218 3231 377 3306 praesunt
402 3231 436 3287 et
461 3222 629 3305 imperiis:
658 3219 754 3283 facile
782 3220 871 3283 enirn
900 3220 1099 3303 intelligent,
1122 3240 1189 3284 non
1269 3247 1371 3309 ἱρείη,-

87 3328 249 3411 religionis
265 3328 514 3406 tantummodo,
527 3326 585 3390 sed
597 3326 698 3391 etiarn
710 3325 857 3389 civitatis
869 3326 1008 3390 omnino
1021 3328 1190 3404 interesse,
1217 3312 1369 3425 iiiiiisrisi

86 3435 150 3499 vias
165 3434 333 3518 impietati
348 3434 565 3516 moribusque
581 3434 702 3516 pravis
718 3449 759 3495 ne
777 3431 863 3495 ultra
879 3432 1075 3514 procedant,
1091 3434 1190 3495 inter·
1227 3442 1318 3519 Quoue
1325 3412 1368 3518 pe:-

88 3539 180 3605 cludi.
204 3539 340 3604 Etenim
366 3538 423 3603 ubi
450 3538 644 3604 dominatur
672 3536 839 3617 impietas,
855 3537 900 3601 ibi
918 3535 1117 3600 collabelieri
1134 3556 1188 3599 ne·
1218 3508 1369 3636 {jffiffi

88 3662 173 3707 cesse
188 3654 239 3707 est
254 3643 471 3727 praecipuum
489 3642 633 3706 civitatis
646 3640 914 3715 fundamentum,
927 3642 1017 3723 quod
1031 3638 1191 3720 religione
1213 3639 1345 3715 purusque

88 3757 119 3810 et
132 3748 307 3812 honestate
324 3767 454 3811 morum
472 3746 684 3811 continetur:
701 3742 912 3807 comminuta
928 3764 1007 3807 vero
1023 3752 1191 3825 potestate
1218 3704 1364 3764 armamus,

90 3848 262 3929 Ecclesiae,
279 3870 366 3934 quae
388 3849 457 3914 vim
484 3849 588 3914 habet
613 3847 774 3930 alligandi
801 3847 997 3925 maximam,
1014 3845 1125 3909 omnis
1141 3854 1192 3909 est

91 3950 178 4018 fluxa
202 3974 239 4018 ac
267 3954 355 4017 male
381 3962 456 4019 tuta
481 3952 594 4017 sutura
620 3950 1053 4034 auctoritas—Reputent
1069 3960 1194 4022 autem,

92 4066 250 4141 quotquot
277 4057 401 4141 ubique
433 4068 521 4137 sunt,
551 4056 707 4121 catholici
741 4055 823 4139 quid
856 4056 1002 4137 agitetur
1032 4054 1193 4116 adversus
1240 4068 1370 4119 catholon

95 4160 303 4227 christianum
322 4183 445 4227 nomen
464 4163 626 4240 universe,
641 4180 795 4246 quaeque
827 4160 1027 4224 nominatim
1047 4156 1080 4220 in
1097 4158 1192 4238 Apo·
1219 4135 1353 4249 §fam

97 4264 242 4329 stolicam
258 4266 372 4330 sedem
388 4264 526 4331 consilia
544 4274 725 4331 struantur:
735 4263 989 4346 coniunctisque
1005 4261 1191 4325 Nobiscum
1217 4266 1292 4315 cniu
1310 4263 1352 4312 au-

98 4368 211 4433 animis
226 4370 430 4435 contendant
445 4388 555 4436 rerum
579 4370 742 4435 malarum
758 4366 928 4443 audaciae,
944 4364 1101 4449 oppositu
1114 4382 1193 4426 con·
1219 4332 1346 4381 ''m''
