3117 4859
358 416 1424 611 2—2

358 786 1427 963 -τ

164 1105 289 1207 Μιὲῃι
365 1105 543 1180 mm
565 1099 683 1164 litteris
710 1100 844 1166 Nostris
869 1105 912 1166 ad
929 1103 1150 1169 Venerabiles
1176 1105 1311 1170 Fratres
1341 1108 1439 1172 Hun-

185 1218 258 1281 1895·
406 1205 435 1376 I
489 1181 650 1286 l'gariae
664 1205 854 1288 Episcopus
865 1209 969 1271 semel
981 1219 1083 1291 atque
1094 1211 1214 1273 iterum
1228 1210 1350 1288 missis,
1362 1230 1438 1275 cum

231 1331 301 1377 nour
325 1255 515 1481 ΞἜΠΞ
537 1312 740 1392 prospiceret
756 1313 889 1374 animus
912 1313 994 1395 quid
1021 1312 1090 1376 illic
1114 1324 1305 1395 temporum
1321 1332 1439 1376 cursus

177 1391 300 1496 mii}
535 1415 653 1479 afferre
669 1415 837 1479 catholico
853 1417 982 1480 nomini
999 1418 1176 1492 videretur,
1200 1437 1268 1481 non
1295 1418 1439 1482 obscure

169 1511 301 1615 mx
325 1518 590 1598 significavimus
613 1521 800 1584 futurorum
825 1521 1117 1586 incommodorum
1133 1520 1313 1586 sollicitam
1335 1541 1440 1605 expe·

147 1630 301 1735 wffi·
327 1624 522 1740 ctationem.
547 1625 677 1689 Revera
702 1645 853 1706 coepere,
877 1645 964 1708 quae
990 1646 1045 1689 me
1069 1626 1258 1702 tuebamus,
1277 1626 1439 1709 opinione

144 1751 229 1809 garta.
326 1727 426 1792 citius
438 1747 620 1811 erumpere.
636 1767 680 1778 -
697 1729 810 1792 Facile
836 1730 1002 1794 coniicitis
1017 1749 1177 1811 quorsum
1195 1730 1323 1794 Nostra
1339 1729 1440 1812 perti·

327 1843 407 1895 neat
427 1833 556 1896 oratio:
572 1836 614 1897 ad
632 1853 673 1896 ea
696 1833 864 1912 nimirum,
880 1853 967 1916 quae
989 1833 1080 1897 haud
1103 1834 1151 1898 ita
1167 1834 1296 1916 pridem
1314 1832 1441 1916 placuit

326 1935 369 1999 de
381 1937 546 2019 coniugiis
563 1937 594 1999 in
615 1937 794 2020 Hungaria
809 1939 996 2002 decernere.
1013 1937 1140 2001 Ratum
1166 1938 1241 2020 lege
1266 1939 1441 2001 matrimo-

328 2041 431 2118 nium,
445 2041 536 2121 quod
559 2039 654 2105 anile
675 2051 820 2106 vocant:
844 2043 1008 2124 permissa
1029 2042 1249 2106 divortiorum
1275 2040 1439 2105 facultas:

327 2144 463 2220 iussum,
488 2145 623 2226 nuptias
650 2147 732 2209 inire
761 2166 853 2210 more
876 2147 1044 2210 catholico
1066 2145 1178 2223 licere,
1193 2145 1252 2208 sed
1269 2145 1362 2209 civili
1378 2145 1440 2207 ritu

327 2260 428 2312 antea
444 2247 637 2330 perfunctis.

196 2380 302 2427 Rama
372 2349 497 2416 Omnia
514 2353 675 2435 prolecto,
690 2365 727 2418 ut
743 2354 940 2433 debuerant,
956 2355 1088 2436 experti
1104 2376 1144 2419 ac
1160 2354 1340 2439 periclitati
1361 2352 1440 2436 Epi-

169 2441 301 2558 Efflsf
327 2457 420 2538 scopi
447 2466 525 2520 sunt
542 2467 580 2523 ut
596 2460 640 2523 ab
667 2458 829 2537 Ecclesia,
854 2480 874 2523 a
898 2459 1034 2523 civitate
1060 2469 1194 2523 tantum
1219 2459 1299 2522 mali
1323 2455 1438 2522 defen·

150 2555 302 2663 Cierohpon.
327 2561 446 2624 derent
459 2586 466 2626 :
481 2561 665 2627 elaboravit
681 2565 803 2627 eodem
818 2564 993 2646 proposito
1008 2583 1084 2627 curn
1103 2564 1282 2646 Episcopis
1298 2561 1438 2628 Clerus:

180 2632 214 2662 nu
236 2633 303 2676 nque

147 2674 301 2794 01:532ss
327 2664 478 2730 sedulam
492 2666 616 2730 dedere
626 2687 764 2750 operam
777 2678 947 2750 quotquot
959 2689 1004 2731 ex
1020 2678 1163 2752 utroque
1178 2667 1436 2751 legumlatorum

149 2796 302 2866 rumque,
326 2768 443 2832 ordine
458 2770 586 2834 salvam
599 2773 719 2836 volunt
735 2783 910 2853 acceptam
927 2773 971 2838 ab
987 2773 1058 2837 avis
1072 2783 1107 2838 et
1130 2771 1313 2837 maioribus
1329 2769 1437 2834 fidem.

147 2856 302 2974 μ’ζζξξζζζζ
327 2873 460 2956 Quibus
488 2884 601 2938 tamen
629 2877 787 2940 omnibus
814 2875 936 2940 frustra
963 2879 1155 2959 insumptus
1176 2885 1228 2941 est
1245 2895 1307 2959 pro
1322 2891 1438 2940 caussa

167 2974 303 3093 22:222:ch
327 2977 510 3042 iustissima
535 2980 812 3063 sanctissimaque
837 2980 954 3046 labor:
982 2981 1057 3064 plus
1073 2982 1096 3045 ii
1112 2980 1257 3056 valuere,
1279 2979 1337 3063 qui
1361 2979 1437 3041 civi·

172 3093 301 3164 regumn·
327 3102 385 3144 cos
414 3083 592 3165 profanare
618 3104 737 3162 mores,
767 3105 906 3168 remque
938 3086 1170 3169 Hungaricam
1203 3086 1236 3148 in
1268 3083 1436 3148 anfractus

149 3165 199 3199 ’Μ’
327 3187 529 3269 compellere
546 3209 655 3253 rerum
673 3210 834 3254 novarum
852 3192 981 3255 iamdiu
997 3193 1224 3255 connituntur.
1250 3187 1358 3270 Atqui
1384 3203 1437 3249 ve·

328 3293 391 3354 reri
407 3292 603 3376 religionem
621 3295 809 3375 oportebat,
821 3296 874 3358 cui
886 3297 1037 3359 maxime
1049 3293 1291 3358 firmitudinem
1307 3285 1435 3374 imperii

328 3395 537 3481 gloriamque
550 3399 696 3461 nominis
715 3399 893 3481 Hungaria
908 3400 1029 3463 debet:
1046 3420 1108 3480 pro
1122 3417 1189 3481 qua
1205 3397 1307 3461 toties
1321 3396 1436 3459 adver·

328 3521 385 3564 sus
396 3501 562 3565 immanes
574 3503 722 3566 hostium
737 3505 882 3586 impetus
897 3502 1106 3568 memorabili
1117 3503 1240 3566 virtute
1251 3498 1436 3564 dimicavit:

328 3625 428 3689 quam
446 3605 565 3687 ipsam,
581 3626 640 3689 per
661 3628 795 3671 summa
815 3627 917 3690 saepe
942 3607 1137 3671 discrimina
1154 3604 1314 3684 inviolate
1329 3621 1435 3668 serva·

328 3721 409 3787 tam,
424 3709 593 3795 hodieque
610 3711 717 3775 multo
734 3713 885 3776 maxima
910 3733 987 3794 pars
1011 3713 1162 3775 studiose
1188 3719 1222 3773 et
1237 3716 1435 3782 constanter,

329 3825 365 3877 ut
382 3817 708 3897 praestantissimum
726 3817 902 3892 bonorum,
917 3826 1038 3880 tuetur.

184 3927 305 3974 Pessime
377 3919 651 4003 Haudquaquam
669 3921 833 3984 inanimo
849 3930 909 3996 est,
933 3939 995 3982 nec
1018 3920 1189 4002 ceteroqui
1205 3919 1433 3989 necessarium,

152 3988 304 4091 'affixi
329 4025 426 4106 plura
441 4024 552 4105 eloqui
569 4044 638 4107 quo
653 4033 815 4106 appareat
841 4023 1030 4087 cuiusmodi
1058 4043 1118 4086 eae
1145 4023 1237 4104 leges
1261 4023 1340 4099 sint,
1354 4037 1432 4103 quas

152 4106 305 4210 ᾖξ”ἓζξῖξῖζ
331 4130 433 4193 modo
458 4129 729 4205 memoravimus,
753 4147 904 4210 quasque
931 4129 1032 4191 variis
1062 4127 1271 4209 temporibus
1301 4125 1431 4190 easdem

152 4225 304 4327 uffa*
330 4235 459 4296 romani
477 4230 655 4295 Pontifices
671 4233 864 4296 decessores
892 4232 1018 4311 Nostri,
1035 4241 1072 4295 ut
1097 4231 1222 4295 veritas
1238 4229 1432 4313 postulabat,

331 4337 609 4420 praeiudicavere,
625 4338 821 4419 praesertim
837 4337 915 4419 quia
933 4335 1144 4419 Nosmetipsi
1161 4334 1250 4400 istud
1266 4335 1310 4398 de
1325 4328 1431 4397 matri·
