3117 4859
410 396 462 446 na
488 394 653 447 rosamo
679 395 854 445 unarum.
1122 384 1190 457 297

85 548 371 632 inexplicabilium
398 548 682 626 communionem,
698 568 758 630 per
772 546 1007 611 claritudinem
1033 547 1104 609 eius
1120 543 1191 627 glo·
1243 544 1328 645 SEssr

85 652 150 715 riae
166 652 198 714 in
216 663 250 717 te
266 651 522 730 redundantem,
537 651 643 739 enixe
665 652 883 716 obsecramus
897 672 904 731 ;
920 651 972 714 eia
988 668 1059 727 nos,
1074 668 1192 732 quarn·
1255 634 1334 719 rupa

84 754 131 817 vis
143 754 310 838 indignos,
319 756 399 820 audi
414 755 562 837 benigna
577 756 756 819 eterraudi.

126 858 236 923 Vobis
247 860 360 942 igitur,
381 858 605 924 Venerabiles
623 859 766 936 Fratres,
783 860 916 924 Rosarii
934 860 1080 924 marialis
1096 877 1190 940 prae·
1263 874 1368 949 Concu·

82 966 214 1038 stantia,
224 962 349 1046 duplici
362 982 498 1046 quoque
514 972 670 1045 exparte
686 983 789 1045 quarn
805 963 1027 1043 laudavimus,
1038 962 1190 1027 conside·
1209 939 1352 1067 ssssff?

82 1076 161 1156 rata,
172 1088 214 1131 eo
229 1065 288 1134 fiat
304 1068 453 1150 apertius
465 1086 524 1130 cur
539 1086 607 1131 non
623 1068 757 1131 desinat
773 1088 852 1133 cura
878 1067 1004 1133 Nostra
1025 1070 1115 1132 idem
1142 1068 1190 1130 in·
1216 1071 1287 1119 rium
1301 1071 1331 1148 {n

82 1169 218 1248 culcare,
245 1171 335 1235 idem
366 1171 559 1253 provehere.
576 1170 787 1237 Caelestibus
815 1172 961 1252 auxiliis,
976 1172 1068 1258 quod
1094 1171 1191 1235 initio
1215 1135 1355 1250 {mir

83 1276 283 1352 monuimus,
299 1275 460 1339 maiorem
477 1275 628 1359 quotidie
644 1276 678 1339 in
692 1276 831 1340 modum
849 1277 979 1360 indiget
996 1262 1166 1340 saeculum
1183 1294 1190 1349 ;
1215 1266 1322 1382 W?
1337 1267 1374 1315 “d

81 1380 276 1460 praesertim
286 1398 390 1461 quum
406 1378 475 1443 late
489 1379 558 1444 siut
574 1378 681 1445 multa
695 1380 819 1463 quibus
835 1380 1013 1446 afflictetur
1028 1380 1191 1451 Ecclesia,
1213 1339 1297 1447 m
1307 1361 1366 1449 'Ec-

81 1482 140 1547 iuri
161 1503 226 1548 suo
241 1483 455 1566 libertatique
477 1484 646 1564 adversis;
667 1484 774 1549 multa
797 1506 884 1569 quae
899 1485 1091 1551 civitatibus
1107 1484 1191 1547 chri·
1216 1465 1302 1589 {2³²¹OE
1315 1480 1366 1513 Μ’

79 1586 196 1651 stianis
205 1588 463 1669 prosperitatem
474 1597 508 1650 et
521 1607 637 1669 pacem
651 1587 802 1653 funditus
812 1589 1024 1654 labefactent.
1038 1590 1192 1655 lamvero

79 1692 119 1754 ad
133 1711 172 1755 ea
181 1691 389 1756 demerenda
398 1691 526 1755 auxilia
535 1711 630 1774 spem
647 1692 721 1756 Nos
735 1693 914 1776 plurimam
927 1694 960 1757 in
975 1694 1117 1758 Rosario
1134 1693 1190 1756 ha·

79 1793 155 1859 bere
169 1795 282 1873 sitam,
297 1815 410 1860 rursus
426 1792 658 1881 affirmateque
674 1794 878 1879 profitemur.
896 1796 1037 1862 Utinam
1055 1806 1191 1861 sanctae

78 1896 151 1962 huic
163 1898 285 1982 pietati
295 1900 455 1982 pristinus
468 1900 592 1984 ubique
603 1899 910 1979 bonor,secundum
921 1908 1010 1978 vota,
1021 1902 1191 1968 reddatur:

79 2001 158 2067 haec
174 2004 211 2066 in
221 2002 359 2068 urbibus
368 2013 402 2070 et
413 2004 508 2084 villis,
518 2005 552 2069 in
568 2003 703 2071 familiis
714 2017 747 2071 et
759 2005 910 2082 officinis,
927 2004 1015 2087 apud
1028 2004 1190 2087 primores

78 2115 109 2171 et
125 2105 270 2185 infimos,
281 2107 459 2172 adametur
467 2119 501 2177 et
516 2110 654 2187 colatur,
670 2130 737 2175 non
753 2131 849 2175 secus
865 2130 903 2174 ac
920 2110 1090 2194 praeclara
1105 2110 1189 2173 chri·

78 2210 207 2275 stianae
218 2209 438 2292 professionis
450 2224 584 2292 tessera,
595 2215 829 2297 optimumque
839 2216 1043 2300 praesidium
1056 2215 1189 2280 divinae

79 2315 315 2398 propitiandae
329 2317 536 2383 clementiae.
551 2316 710 2401 -Quod
727 2318 864 2401 quidem
877 2320 910 2382 in
924 2320 996 2383 dies
1005 2319 1189 2402 impensius
1247 2367 1368 2417 audacius

79 2428 219 2499 urgeant
231 2439 348 2485 omnes
357 2431 501 2504 oportet,
515 2424 654 2505 quando
663 2423 844 2505 impiorum
857 2423 1189 2505 vesanaperversitas
1216 2433 1309 2482 indies
1342 2498 1347 2508 ¹

79 2522 156 2585 nihil
168 2524 238 2588 iam
255 2542 322 2589 nou
335 2534 432 2607 urget
444 2527 671 2592 machinando
682 2538 717 2593 et
731 2529 939 2607 audendout
951 2527 1054 2592 divini
1071 2526 1190 2591 Numi·
1213 2504 1365 2627 mm,
1412 2570 1421 2579 r

79 2626 128 2686 nis
136 2626 223 2691 iram
236 2627 377 2693 lacessat
390 2628 566 2713 iustaeque
575 2630 875 2698 animadversionis
887 2633 1000 2698 trahat
1009 2635 1143 2715 pondus
1155 2634 1188 2697 in

79 2730 231 2809 patriam.
248 2730 341 2795 Inter
361 2735 599 2813 ceterasenim
623 2755 768 2814 caussas,
783 2736 847 2801 hoc
868 2738 984 2803 dolent
1003 2738 1189 2802 Nobiscum

80 2835 155 2899 boni
168 2856 297 2915 omnes,
314 2837 347 2901 in
364 2838 440 2904 sinu
456 2837 531 2921 ipso
542 2840 694 2921 gentium
705 2839 945 2905 catholicarum
960 2842 1100 2905 nimium
1116 2861 1189 2906 esse

80 2947 214 3022 multos,
238 2946 295 3028 qui
317 2946 530 3013 contumeliis
551 2946 704 3030 religioni
729 2966 942 3031 quocumque
966 2946 1068 3010 modo
1091 2943 1191 3009 illatis

79 3047 253 3129 laetentur,
264 3050 404 3134 ipsique,
420 3049 605 3116 incredibili
615 3051 762 3132 quadam
775 3049 912 3114 licentia
924 3048 1088 3132 quidlibet
1100 3049 1190 3112 evul-

77 3154 187 3235 gandi,
199 3154 234 3217 in
252 3155 285 3218 id
299 3155 478 3219 videantur
487 3154 682 3218 incumbere
693 3164 731 3217 ut
746 3154 975 3219 sanctissimas
986 3154 1057 3217 eius
1067 3173 1118 3216 res
1131 3174 1190 3216 ex·

78 3255 313 3340 ploratamque
323 3259 367 3322 de
381 3258 533 3341 Virginis
549 3257 737 3339 patrocinio
751 3254 909 3323 fiduciam
921 3258 954 3321 in
967 3257 1190 3339 contemptio-

79 3382 154 3427 nem
170 3376 206 3429 et
222 3365 403 3431 ludibrium
417 3366 643 3430 multitudinis
658 3374 789 3429 vocent.
806 3360 974 3427 Proximis
990 3360 1081 3425 hisce
1098 3380 1189 3424 men·
1275 3386 1366 3435 cm.

79 3467 178 3545 sibus,
191 3488 234 3532 ne
244 3469 367 3535 Christi
378 3470 514 3553 quidem
530 3469 643 3534 IESV
656 3468 842 3535 Servatoris
853 3485 1016 3550 personae
1026 3464 1188 3545 augustis·
1216 3452 1304 3501 ''¹⁶²5“
1315 3466 1350 3499 ’θ’

81 3570 183 3635 simae
193 3582 419 3656 temperatum
431 3582 490 3637 est.
500 3572 613 3657 Quam
626 3591 742 3654 rapere
753 3572 786 3635 in
801 3573 973 3636 illecebras
983 3590 1111 3649 scenae,
1123 3571 1189 3633 iam
1214 3518 1337 3649 {23²2ss

81 3677 204 3753 passim
231 3678 483 3741 contaminatae
499 3675 644 3759 flagitiis,
661 3676 800 3741 minime
823 3678 952 3760 puduit,
969 3675 1191 3757 eamdemque
1209 3651 1369 3764 {fjfflff'

81 3776 200 3841 referre
216 3781 352 3862 propria
367 3780 578 3845 deminutam
602 3789 744 3843 naturae
759 3780 893 3843 divinae
910 3780 1086 3842 maiestate
1101 3796 1110 3855 ;
1124 3796 1191 3859 qua
1216 3780 1306 3840 Italia,

81 3878 241 3959 detracta,
257 3885 525 3967 redemptionem
537 3883 645 3966 ipsam
661 3881 801 3946 humani
818 3883 950 3965 generis
967 3882 1039 3947 tolli
1057 3900 1192 3944 necesse

81 3993 140 4047 est.
157 3983 278 4068 Neque
293 3988 415 4069 puduit
431 3986 548 4051 vellea
564 3986 769 4069 sempiterna
791 3985 929 4050 infamia
942 3986 1113 4049 hominem
1131 3982 1191 4046 eri-

82 4106 168 4165 pere,
181 4089 314 4154 sceleris
331 4111 424 4156 reum
436 4089 666 4174 perfidiaeque
682 4092 816 4154 summa
831 4101 909 4173 post
925 4090 1100 4154 hominurn
1124 4107 1191 4149 me-

83 4192 222 4255 moriam
238 4195 451 4260 immanitate
466 4194 686 4271 detestabilis,
701 4196 908 4278 proditorem
925 4194 1059 4259 Christi.
1074 4228 1117 4241 -
1132 4190 1190 4255 Ad
1265 4214 1370 4277 auquas

83 4291 382 4376 haec,per1taliae
398 4298 496 4363 urbes
512 4298 564 4362 vel
581 4308 714 4383 patrata
730 4299 781 4363 vel
808 4298 983 4381 patranda,
1001 4296 1190 4379 indignatio
1215 4280 1367 4411 {mom

85 4396 234 4463 universe
248 4412 421 4466 commota
432 4413 493 4480 est,
508 4405 629 4469 acriter
638 4403 889 4488 deplorantium
905 4402 1120 4465 sacerrimum
1139 4399 1189 4461 ius
1216 4412 1333 4460 Μίνωι
