3117 4859
402 343 470 428 164
510 359 690 412 uersrom
719 357 932 411 sucvctrcn
961 349 983 376 “
1001 360 1107 412 snrrs
1134 359 1350 411 cocurruu.
1367 333 1385 360 ”

397 505 436 569 iis
454 524 539 586 quae
554 504 727 568 hominem
744 504 889 587 iungunt
904 503 991 582 Deo,
1006 516 1041 568 et
1056 503 1135 567 inde
1151 523 1276 568 nomen
1283 503 1408 586 fideles
1419 523 1509 567 acce·

396 609 515 692 pimus.
538 607 633 672 Unus
647 607 823 682 Dominus,
847 607 1019 690 unafides,
1034 627 1137 670 unum
1154 606 1317 690 baptismo
1332 606 1403 688 (¹):
1418 607 1509 670 vide

396 712 474 778 licet
489 712 575 776 sicut
600 731 686 775 unus
714 711 893 790 Dominus,
908 721 942 776 et
966 712 1136 796 baptisma
1162 731 1278 790 unum,
1290 712 1339 775 ita
1350 711 1507 774 omnium

395 816 662 894 christianorum,
678 817 734 900 qui
762 815 887 900 ubique
911 825 999 893 suot,
1025 835 1127 880 unam
1155 836 1228 880 esse
1243 815 1346 878 fidem
1364 823 1509 898 oportet

399 921 517 1003 ltaque
546 919 667 984 Paulus
707 919 894 1002 Apostolus
925 920 1134 997 christianos,
1163 930 1201 984 ut
1231 921 1323 984 idem
1355 919 1505 982 sentiant

395 1043 524 1102 omnes,
535 1022 767 1108 effugiamque
793 1023 991 1105 opinionum
1006 1024 1148 1088 dissidia
1163 1044 1231 1087 non
1248 1035 1346 1106 rogat
1362 1032 1506 1092 tantum,

396 1129 455 1192 sed
472 1126 602 1210 flagitat
619 1148 658 1192 ac
683 1127 785 1210 plane
805 1128 982 1192 obsecrat:
999 1127 1135 1192 Obsecro
1158 1139 1268 1192 autom
1283 1149 1350 1204 vos,
1371 1128 1507 1208 fratres,

390 1243 452 1316 per
466 1253 579 1296 nornen
599 1233 740 1296 Domini
765 1231 873 1296 nostri
894 1232 971 1296 Iesu
989 1232 1139 1299 Christi:
1154 1244 1192 1297 ut
1216 1232 1362 1314 r'rlipsum
1389 1230 1506 1294 doato

395 1357 513 1414 omnes,
527 1347 560 1401 et
573 1357 636 1400 non
655 1337 773 1400 sintin
790 1335 1081 1401 voborchismoto:
1098 1338 1175 1400 sitis
1193 1347 1303 1400 ouum
1314 1337 1462 1418 perfecti
1475 1335 1506 1396 ir

395 1442 501 1507 eodem
518 1462 623 1520 sensu,
637 1451 670 1504 rt
692 1442 728 1504 in
743 1441 853 1505 eadem
869 1442 1029 1505 sententia
1046 1442 1099 1524 (²).
1115 1441 1214 1525 Quae
1229 1441 1303 1506 loca
1329 1461 1420 1505 sane
1445 1459 1504 1502 noo

396 1545 549 1629 indigent
565 1547 766 1628 interprete:
782 1547 863 1610 satis
878 1547 968 1610 enim
985 1566 1045 1629 per
1060 1567 1096 1610 se
1107 1546 1292 1628 loquuntur
1306 1545 1393 1628 ipsa
1412 1544 1501 1610 Cete-

217 1687 371 1748 quoequalis
396 1652 491 1733 roqui
508 1670 609 1714 unam
627 1671 699 1714 esse
709 1649 809 1715 fidem
823 1651 954 1729 debere,
963 1651 1022 1734 qui
1034 1671 1069 1714 se
1082 1648 1282 1734 profitentur
1293 1649 1503 1724 christianos,

238 1746 371 1865 ‘2223ss
396 1753 500 1836 vulgo
515 1753 844 1818 assentiuntur.lllud
860 1755 973 1837 potius
985 1754 1127 1819 maximi
1140 1754 1304 1818 momenti
1317 1774 1359 1818 ac
1370 1771 1502 1836 prorsus

219 1880 266 1937 ene
280 1865 368 1934 aaran.
396 1859 631 1936 necessarium,
670 1861 702 1922 in
743 1878 812 1942 quo
853 1858 951 1922 multi
986 1878 1097 1923 errore
1141 1858 1310 1936 falluntur,
1338 1860 1497 1922 internos·

218 1925 370 2101 ‘Zirm-
396 1983 471 2028 cere
487 1963 632 2046 quaesit
658 1964 755 2028 istius
770 1965 900 2047 species
925 1971 959 2026 et
975 1963 1082 2027 forma
1098 1964 1246 2028 unitatis
1258 1962 1364 2044 Quod
1382 1963 1497 2045 ipsum,

230 2059 260 2090 ‘²
396 2075 433 2132 ut
450 2087 553 2150 supra
577 2067 715 2132 lecimus
731 2069 765 2131 in
781 2087 899 2130 caussa
916 2065 1025 2144 simili,
1041 2086 1107 2130 non
1139 2066 1337 2148 opinatione
1352 2079 1414 2133 aut
1429 2087 1499 2132 coo·

396 2173 524 2236 iectura
540 2183 601 2248 est,
616 2172 675 2235 sed
692 2171 833 2236 scientia
849 2173 895 2235 rei
911 2179 1029 2254 gestae
1047 2171 1287 2234 iudicandum:
1308 2171 1497 2254 quaerendo

395 2276 521 2341 scilicet
538 2275 787 2357 statuendoque
802 2274 936 2358 qualem
949 2274 982 2337 in
1005 2274 1071 2337 tide
1089 2274 1255 2340 unitatem
1271 2273 1497 2340 rasuscnn-

396 2393 487 2446 STUS
503 2399 576 2444 esse
592 2379 807 2462 praeceperit.

248 2525 370 2572 pam-„a
442 2483 530 2548 lusu
548 2482 705 2547 CHRISTI
716 2481 869 2544 doctrina
879 2480 1041 2560 caelestis,
1052 2480 1188 2545 tametsi
1200 2500 1366 2564 magnam
1378 2490 1497 2564 partem

254 2585 371 2655 ,esnone
398 2584 596 2667 consignata
621 2583 739 2648 litteris
764 2580 881 2648 afflatu
907 2583 1032 2661 divino,
1055 2583 1214 2666 colligare
1229 2593 1349 2647 tamen
1367 2592 1496 2654 mentes,

242 2657 369 2749 nli-'iil
399 2689 561 2769 permissa
589 2687 762 2752 hominum
781 2688 926 2771 ingenio,
951 2690 1026 2770 ipsa
1053 2707 1120 2752 non
1144 2698 1289 2769 poterat
1316 2687 1403 2752 Erat
1417 2687 1496 2750 enim

258 2763 369 2874 “c‘'{lZZf'
400 2791 545 2873 proclive
563 2793 652 2855 lactu
666 2800 701 2854 ut
712 2792 745 2854 in
757 2791 866 2854 varias
878 2793 1039 2857 incideret
1051 2801 1154 2873 atque
1165 2791 1253 2855 inter
1263 2810 1300 2854 se
1311 2790 1495 2855 differentes

228 2883 370 2986 Fffjs'ss'jg
397 2895 713 2977 interpretationes:
740 2896 842 2977 idque
870 2914 936 2959 non
963 2895 1067 2960 modo
1092 2903 1231 2977 propter
1257 2895 1367 2976 ipsius
1382 2894 1494 2958 rimae

219 3001 369 3105 sclopano-
397 3001 555 3082 mysteria
572 3001 753 3076 doctrinae,
769 3000 943 3063 sedetiam
961 3007 1097 3083 propter
1107 2998 1249 3062 humani
1263 2997 1394 3081 ingenii
1403 2997 1496 3063 varie

218 3073 266 3106 se.
397 3111 514 3182 tatem,
530 3113 564 3167 et
591 3105 880 3185 perturbationem
908 3105 941 3166 in
965 3103 1079 3168 studia
1107 3103 1279 3168 contraria
1305 3104 1493 3167 abeuntium

396 3208 630 3291 cupiditatum.
648 3208 705 3271 Ex
721 3206 912 3272 differentia
941 3207 1184 3290 interpretandi
1211 3207 1496 3271 dissimilitudines

396 3312 562 3376 sentiendi
579 3312 779 3376 necessitate
795 3322 992 3376 nascuntur:
1005 3312 1083 3375 hinc
1096 3311 1496 3388 controversiae,dissidia,

396 3419 639 3496 contentiones,
654 3417 767 3501 qualia
784 3417 977 3482 incumbere
993 3419 1025 3481 in
1044 3417 1232 3482 Ecclesiam
1249 3419 1325 3502 ipsa
1335 3419 1421 3482 vidit
1431 3435 1496 3499 pro

397 3523 490 3586 xima
516 3522 701 3605 originibus
717 3531 821 3586 aetas.
839 3522 892 3586 De
907 3523 1082 3587 haereticis
1096 3521 1177 3587 illud
1188 3522 1305 3586 scribit
1326 3523 1497 3587 Irenaeus:

397 3625 618 3709 (Scripturas
635 3625 772 3709 quidem
791 3624 1003 3703 confitentur,
1018 3625 1315 3710 interpretationes
1331 3647 1412 3691 vero
1425 3643 1497 3689 con-

400 3735 567 3796 (vertunt
587 3721 676 3807 (3).»
704 3726 819 3809 Atque
844 3725 1079 3809 Augustinus:
1099 3740 1117 3794 t
1141 3725 1262 3808 Neque
1286 3728 1379 3791 enim
1405 3736 1497 3790 natac

396 3840 504 3900 <sunt
528 3829 683 3894 haereses
692 3839 725 3893 et
734 3831 903 3913 quaedam
914 3831 1310 3913 dogmataperversitatis
1320 3830 1497 3915 illaquean-

401 3938 480 4006 (tia
496 3934 625 4001 animas
635 3943 670 3998 et
682 3934 715 3997 in
729 3933 935 4016 protundum
949 3935 1214 4018 praecipitantia,
1226 3935 1291 4000 nisi
1303 3936 1385 4018 dum
1402 3935 1496 4016 scrip·

235 4069 372 4130 rus-„um
399 4055 417 4109 t
433 4049 527 4106 turae
543 4040 653 4104 bonae
665 4039 898 4120 intelliguntur
910 4059 977 4102 non
990 4039 1101 4121 bene(
1118 4039 1139 4121 ).
1156 4055 1175 4110 )
1201 4036 1259 4104 Ad
1272 4041 1497 4122 coniugandas

236 4129 372 4231 „2'2‘122'3
396 4145 496 4225 igitur
512 4154 652 4220 mentes,
667 4143 708 4205 ad
726 4141 936 4208 efficiendam
950 4145 1179 4228 tuendamque
1194 4145 1412 4209 concordiam
1428 4163 1495 4208 sen·

427 4323 445 4354 1.
464 4307 559 4370 Epter„
573 4321 608 4364 rv,
622 4325 644 4370 5.
661 4335 689 4345 -
716 4325 736 4358 a.
758 4312 855 4366 Icon,
875 4324 893 4366 t,
907 4327 941 4360 ro.
961 4328 1028 4372 -3
1050 4313 1412 4371 Lib.ttr,oapxa,'n.1a.-
1437 4313 1495 4370 4¹¹

398 4377 491 4435 Evang.
506 4378 573 4424 loon.
586 4385 653 4425 tract.
668 4387 745 4432 xvur,
758 4393 812 4438 cap.
821 4392 844 4438 5,
856 4395 880 4427 n.
896 4395 915 4427 ι.
