3117 4859
252 370 303 421 Du
329 368 538 421 INSTITUTO
567 368 710 419 PHILOS.
741 368 989 421 LOVANIENSI.
1100 373 1171 443 239

75 526 146 589 dam
161 524 203 587 ad
220 523 370 587 eiusdem
389 524 560 604 pertinens
576 524 829 604 integritatem
846 533 948 606 atque
965 545 1041 588 eum
1059 523 1170 590 locum
1273 547 1287 595 7

76 628 228 705 obtineat,
243 646 343 709 quern
361 637 395 692 et
410 625 582 708 pontificia
598 627 669 690 eius
685 628 780 707 origo
796 635 831 690 et
855 629 1005 710 gravitas
1028 628 1102 711 ipsa
1122 629 1172 692 di·
1216 593 1341 714 2⁸13sser

76 730 226 812 sciplinae
250 730 389 793 omnino
414 738 612 811 exposcunt.
639 728 857 813 Quapropter
879 731 950 794 eius
974 732 1113 796 Praeses
1137 733 1171 796 in

77 834 252 899 Consilium
281 833 453 911 rectorale,
479 844 515 897 ut
543 834 647 912 aiunt,
663 836 875 913 admittatur,
898 836 1025 900 eisdem
1052 838 1175 920 quibus

77 939 196 1003 Decani
221 937 436 1002 Facultatum
464 938 612 1015 iuribus;
638 938 794 1019 Magistri
821 950 935 1002 autem
964 940 998 1002 in
1026 941 1173 1022 aliquam

77 1042 326 1125 adleganturex
354 1042 587 1106 Facultatibus
613 1042 852 1107 Universitatis
878 1063 965 1126 quae
993 1042 1059 1107 iam
1087 1054 1174 1123 sunt,

78 1148 271 1230 paribusque
300 1168 339 1211 ac
370 1148 520 1230 collegae
552 1148 678 1211 iuribus
710 1158 742 1211 et
774 1148 957 1229 privilegiis
987 1151 1174 1233 eodemque

78 1251 314 1333 Episcoporum
331 1252 518 1332 patrocinio
535 1259 680 1314 utantur.
698 1249 868 1332 Quoniam
886 1272 965 1314 vero
981 1252 1057 1315 huic
1074 1252 1174 1315 Insti·
1231 1288 1356 1348 Magistri

77 1366 145 1420 tuto
158 1356 333 1437 peculiaris
360 1357 462 1419 etiam
490 1365 542 1419 est
565 1354 640 1418 finis
667 1364 700 1418 et
721 1375 802 1418 suae
829 1356 995 1437 quaedam
1021 1357 1175 1439 propriae
1205 1352 1326 1428 fmilia&

77 1462 312 1544 distinctaeque
329 1461 483 1536 rationes,
497 1460 621 1523 idcirco
632 1470 788 1543 oportere
800 1461 954 1523 ducimus
967 1470 1002 1523 ut
1020 1461 1175 1543 Magistri
1204 1425 1355 1532 imam

78 1583 148 1627 suos
164 1564 265 1625 etiam
286 1582 436 1649 seorsum
462 1561 611 1625 habeant
636 1571 761 1638 coetus,
788 1562 944 1624 Praeside
970 1562 1176 1627 moderante.
1204 1548 1336 1663 mla-

79 1668 276 1731 Potestatem
293 1677 406 1731 autem
430 1668 557 1731 eisdem
585 1676 619 1730 et
635 1668 686 1729 ius
713 1665 853 1730 facimus
879 1677 916 1729 ut
935 1666 1118 1732 decernant
1134 1670 1177 1732 de
1241 1650 1356 1763 eolrcedi-

78 1770 302 1853 philosophiae
314 1771 486 1853 gradibus,
498 1772 765 1847 baccalaureatu,
775 1770 921 1849 licentia,
934 1770 1055 1849 laurea,
1068 1774 1177 1855 deque
1205 1786 1360 1843 turporertas

78 1876 239 1957 superiore
255 1876 360 1957 gradu
389 1876 614 1956 cooptationis
640 1876 673 1937 in
702 1873 861 1940 Scholam
888 1874 923 1939 S.
946 1875 1099 1940 Thomae
1122 1878 1179 1940 tri·
1205 1846 1328 1974 zum

79 1966 221 2057 buendis,
243 1979 424 2042 accedente
444 1989 558 2041 tamen
586 1980 740 2042 Rectoris
769 1979 1010 2043 Universitatis
1025 2001 1179 2063 compro·
1206 1976 1305 2089 ‘uffa‘

79 2083 214 2146 batione.
230 2120 274 2131 -
298 2081 394 2165 Quae
410 2082 525 2145 omnia
540 2092 574 2144 et
591 2082 723 2163 singula
750 2081 905 2145 iubemus
929 2093 1003 2144 rata
1028 2090 1062 2146 et
1084 2081 1179 2147 firma
1202 2057 1349 2171 {lvnaen-

80 2189 263 2262 consistere,
279 2207 362 2250 neve
384 2188 417 2249 in
435 2196 618 2267 posterum,
634 2187 761 2249 iniussu
787 2186 915 2249 Nostro
936 2185 988 2249 vel
1011 2206 1179 2249 successo·
1205 2172 1241 2221 ‘²⁸3
1284 2237 1321 2286 le
1335 2252 1360 2284 es

81 2311 156 2368 rum,
171 2293 212 2355 de
230 2291 269 2353 iis
295 2292 481 2373 quidquam
507 2291 687 2354 immutari.
713 2290 919 2354 Mandamus
944 2302 1117 2372 praeterea
1145 2300 1180 2354 ut
1207 2252 1356 2351 eriruela

81 2394 163 2478 leges
181 2407 214 2460 et
243 2397 449 2479 praescripta
476 2408 548 2459 tum
576 2396 726 2460 Instituti
753 2405 826 2459 tum
851 2396 978 2460 adnexi
1002 2394 1181 2460 Seminarii
1207 2368 1339 2482 {Melin-

81 2508 259 2581 opportune
275 2501 318 2563 ad
344 2500 424 2576 Nos,
445 2522 504 2582 per
527 2521 657 2565 sacrum
684 2500 871 2565 Consilium
888 2500 1007 2564 studiis
1025 2500 1182 2582 regundis
1199 2498 1358 2564 firmandae.

82 2602 256 2681 probanda,
271 2602 504 2666 confirmanda
519 2584 724 2667 efferantur.

119 2711 260 2774 Minime
276 2720 389 2774 autem
406 2710 601 2775 dubitamus
617 2712 697 2794 quin
720 2711 939 2776 Athenaeum
959 2710 1182 2789 Lovaniense,
1231 2738 1361 2800 'commen-

82 2815 166 2877 cuius
177 2816 209 2877 in
224 2815 298 2878 Nos
311 2825 413 2897 atque
426 2816 459 2878 in
473 2814 709 2896 Apostolicam
724 2814 848 2879 Sedem
861 2804 1064 2896 obsequium
1075 2815 1182 2878 multa
1207 2817 1252 2864 dar
1272 2817 1361 2866 Ponti-

82 2937 178 3001 eaque
194 2920 329 3001 egregia
349 2928 549 3002 argumenta
571 2929 747 2994 testantur,
760 2921 870 2983 eidem
885 2920 1056 2995 Institut0,
1073 2918 1182 2981 Nobis
1200 2881 1361 2996 (si-³202&

82 3022 126 3083 vel
143 3026 292 3087 maxime
308 3033 457 3105 accepto,
481 3025 642 3105 opinione
664 3044 731 3107 qua
747 3024 861 3106 coepit
884 3033 917 3087 et
934 3024 1049 3086 animo
1065 3021 1182 3085 suffra·
1208 3012 1345 3129 'mys‘

82 3128 145 3205 gari
166 3128 308 3191 insistat.
323 3127 478 3209 Utrique
491 3148 570 3191 vero
586 3147 631 3190 ex
648 3140 743 3209 parte
765 3128 980 3191 observantia
996 3136 1030 3189 et
1046 3146 1183 3189 concor·
1209 3144 1367 3220 taremiater

83 3229 140 3309 dia,
158 3251 225 3313 qua
246 3232 382 3314 quidem
407 3233 618 3295 stabiliendis
634 3232 885 3315 educendisque
909 3232 1009 3294 rebus
1034 3229 1116 3293 nihil
1134 3241 1184 3295 est
1209 3208 1362 3331 {wlff

84 3336 195 3413 aptius,
211 3337 369 3417 idemque
390 3337 514 3418 publici
536 3337 616 3399 boni
634 3336 785 3400 studium
803 3338 849 3400 ita
871 3346 1000 3399 certent
1017 3345 1184 3417 optamus,
1210 3339 1353 3415 hujuquro

84 3446 118 3500 ut
131 3440 161 3502 in
180 3441 253 3503 dies
270 3440 402 3523 utrique
415 3442 516 3503 decus
530 3452 694 3523 augeatur
710 3451 744 3504 et
760 3440 912 3504 laborum
929 3441 1183 3503 honestissimo·
1204 3411 1359 3519 ,armna

84 3561 148 3605 rum
171 3545 316 3609 ubertas.
340 3544 408 3609 Sed
426 3546 458 3607 in
483 3546 547 3609 hoc
565 3546 638 3626 ipso
666 3545 846 3626 prudentia
872 3565 1043 3627 operaque
1064 3554 1185 3621 vestra,
1209 3541 1364 3600 auguratur.

84 3640 295 3709 Venerabiles
323 3647 467 3724 Fratres,
484 3648 664 3729 plurimum
691 3649 762 3712 Nos
787 3669 885 3730 posse
912 3646 1082 3712 confidere
1102 3648 1184 3710 iam-

85 3749 205 3827 pridem
234 3761 447 3833 perspectum
472 3765 667 3834 certumque
694 3751 878 3814 habemus:
903 3771 988 3835 quos
1015 3752 1105 3815 enim
1133 3771 1185 3814 res

86 3849 150 3932 ipsa
173 3855 403 3937 perstudiosos
431 3865 531 3919 nacta
558 3865 608 3918 est
630 3856 673 3917 ad
703 3854 926 3918 exoriendum
956 3854 1113 3932 lautores,
1137 3855 1186 3919 eis

86 3959 227 4036 prolecto
251 3961 294 4024 ad
320 3980 479 4043 prospere
505 3960 758 4022 consistendum
783 3961 935 4042 patronis
959 3961 1022 4023 erit
1047 3960 1185 4043 optimis

87 4059 247 4127 laetatura
267 4063 343 4126 Hoc
360 4064 507 4145 denique
525 4072 628 4125 restat
645 4062 893 4144 pientissimum
911 4072 1036 4140 votum,
1052 4074 1089 4126 ut
1106 4084 1186 4127 con·

87 4164 185 4229 ditum
204 4167 402 4231 Institutum
429 4166 558 4230 Doctor
574 4167 646 4247 ipse
663 4164 858 4247 Angelicus,
875 4166 967 4228 cuius
996 4166 1133 4228 nomine
1153 4175 1187 4231 et

89 4267 186 4332 tutela
201 4270 376 4354 insigniter
403 4272 539 4352 gaudet,
565 4270 712 4352 benigna
736 4271 769 4333 in
794 4290 895 4334 omne
919 4281 1054 4352 tempus
1078 4270 1187 4351 gratia

96 4373 250 4455 respiciat,
266 4376 435 4457 sapientia
460 4388 493 4441 et
509 4377 632 4439 virtute
657 4396 718 4438 sua
742 4375 906 4439 illustret:
931 4394 999 4457 quo
1027 4375 1187 4456 praestite
