3117 4859
409 349 482 418 260
568 367 665 417 LlTT.
695 367 822 418 aeosr.
851 357 874 436 ξ·
895 367 935 418 iu
965 367 1074 418 varai
1101 369 1319 418 carneuna,
1342 345 1361 372 ’¹

404 507 513 571 stituit
529 529 590 589 pro
606 509 701 572 novis
717 509 896 590 Episcopis
921 529 1103 593 eorumque
1129 509 1381 591 episcopalibus
1403 509 1493 574 Curiis

404 610 446 673 ad
464 611 569 674 instar
584 612 723 676 aliarum
752 612 972 695 Reipublicae
998 615 1199 692 dioecesum,
1215 615 1312 677 novis
1339 614 1492 678 nominan-

402 713 455 776 dis
472 713 651 799 Episcopis
665 717 877 781 attribuimus
893 724 928 781 et
944 717 1169 799 adsignemus.

223 857 304 902 rime
322 845 379 914 ⁹¹¹¹!
448 816 557 883 Curae
580 839 681 902 porro
702 841 776 884 esse
800 821 937 886 debebit
963 823 1069 886 tribus
1095 841 1255 886 novarum
1281 821 1412 886 sedium
1430 820 1491 900 Epi-

241 913 377 962 ΜΨ·
402 923 514 1004 scopis
540 924 765 1001 nominandis,
792 935 829 990 ut
856 926 890 990 in
918 945 1118 1010 unaquaque
1144 927 1332 1008 respective
1361 925 1490 990 Ecclesia

235 977 300 1008 mrim
311 966 377 1020 cirpi-

233 1022 376 1128 3ἷῖᾒῖ
401 1028 597 1106 calhedffllli
612 1029 806 1093 cathedrale
822 1029 1017 1113 Capitulum
1044 1029 1141 1094 iuxta
1167 1031 1352 1094 canonicas
1368 1029 1488 1094 sanciio·
1544 1031 1545 1042 ¹

239 1141 374 1246 meisq-
401 1151 469 1204 nes,
485 1152 589 1212 quum
606 1134 751 1216 primum
769 1134 838 1198 fieri
855 1135 987 1220 poterit,
1003 1137 1157 1218 erigatur.
1174 1137 1243 1202 Ubi
1269 1145 1386 1200 autem
1410 1135 1489 1198 iriun

232 1261 374 1318 patricin-
400 1241 644 1306 cathedralium
671 1241 886 1306 ecclesiarum
904 1241 1062 1324 Capitula
1090 1241 1151 1305 rite
1175 1241 1301 1306 suerint
1318 1243 1489 1307 constituti.
1544 1305 1545 1328 ,

220 1321 371 1426 „msjssfm‘l
399 1343 595 1410 facultatem
620 1347 701 1428 ipsis
729 1348 949 1430 impertimus,
975 1356 1110 1425 statuta,
1134 1349 1369 1412 ordinationes
1393 1360 1423 1412 et
1447 1347 1487 1408 de·

398 1460 498 1524 creta,
524 1449 622 1514 iuxta
649 1471 820 1515 sacrorum
856 1450 1044 1528 Canonum,
1079 1459 1112 1516 et
1150 1453 1331 1534 praecipue
1369 1449 1486 1518 Concilii

398 1551 588 1618 Tridentini
605 1556 885 1636 praescriptiones
901 1553 1111 1632 conficiendi,
1124 1575 1211 1639 quae
1234 1563 1352 1620 tamen
1369 1557 1410 1620 ab
1425 1573 1486 1618 uno
1544 1543 1545 1572 ³

397 1675 533 1740 quoque
548 1659 735 1740 respective
751 1659 934 1725 Ordinario
960 1659 1061 1724 trium
1078 1659 1326 1740 praedictarum
1346 1660 1487 1724 Ecclesia·

228 1769 372 1828 oumcapr.
398 1779 471 1823 rum
488 1761 653 1827 Antistite
669 1765 890 1844 approbanda
909 1773 944 1827 et
968 1763 1147 1827 sancienda
1167 1773 1273 1828 erunt
1292 1765 1427 1829 Interim
1448 1782 1485 1824 us·

231 1831 371 1944 ‘ulam
397 1883 463 1946 que
478 1866 560 1931 dum
582 1867 789 1932 cathedralia
811 1867 967 1948 Capitula
978 1867 1010 1930 iii
1024 1866 1129 1930 tribus
1142 1867 1237 1930 novis
1250 1865 1485 1950 Episcopalibus

218 1950 372 2066 ,ss‘ssssi‘ssc‘ffjss
397 1969 533 2034 sedibus
560 1980 671 2035 erecta
696 1991 762 2035 noii
786 1971 917 2047 luerint,
944 1989 1058 2034 earum
1087 1968 1269 2033 Antistites
1308 1963 1483 2034 nominandi

262 2068 574 2172 3532530011811511112
602 2076 664 2140 sibi
692 2095 737 2140 eir
761 2075 912 2157 probatis
944 2084 979 2139 et
1014 2075 1234 2155 prudentibus
1269 2069 1483 2138 ecclesiasticis

236 2187 369 2254 cossinum
396 2179 474 2242 viris
490 2188 673 2253 assumant,
688 2199 831 2262 quorum
860 2181 1057 2244 adiumento
1073 2178 1106 2242 in
1124 2179 1307 2242 maioribus
1324 2176 1482 2261 expedien-

216 2245 355 2291 m'b‘a'n'
394 2281 449 2344 dis
475 2301 609 2348 suarum
639 2286 821 2366 respective
847 2286 1040 2350 dioecesum
1068 2283 1211 2365 negotiis
1235 2293 1385 2364 utantur,
1406 2281 1481 2345 vehe-

396 2392 526 2447 menter
540 2385 695 2466 cupimus
709 2395 745 2450 et
761 2388 1047 2451 commendamus.

288 2563 293 2572 ·
310 2503 370 2574 viii
439 2489 565 2552 Munus
582 2489 718 2573 insuper
733 2491 796 2555 erit
813 2491 974 2572 cuiusque
989 2510 1035 2555 eir
1051 2489 1157 2554 tribus
1173 2489 1269 2554 novis
1284 2485 1479 2572 designandis

224 2561 368 2680 δᾳᾌῖζζᾷζῗ
395 2590 582 2674 Episcopis,
599 2603 636 2657 ut
663 2595 706 2658 ad
734 2594 879 2659 lormam
908 2595 1120 2658 decretorum
1146 2593 1287 2659 Concilii
1317 2589 1480 2659 Tridentini

216 2683 366 2741 mamengi.
394 2691 619 2760 Seminarium
646 2697 886 2762 dioecesanum
916 2699 949 2762 iii
976 2717 1037 2763 sua
1063 2699 1206 2782 quisque
1229 2699 1386 2776 dioecesi,
1399 2711 1478 2779 quuiii
1543 2779 1544 2784 ἵ

394 2798 538 2878 primum
556 2799 626 2864 fieri
642 2802 774 2884 poterit,
790 2803 897 2884 erigat
924 2811 958 2866 et
985 2803 1147 2880 instituat,
1164 2803 1196 2866 in
1223 2800 1349 2885 quibus
1371 2803 1478 2866 iuvenes

392 2907 502 2970 clerici
528 2908 572 2972 ad
599 2909 758 2971 virtutem
786 2916 819 2973 et
853 2905 1042 2970 doctrinam
1080 2927 1119 2971 ac
1152 2907 1315 2990 pietatem
1350 2913 1477 2972 accurate
1543 2899 1544 2950 l

391 3012 601 3089 excolantur,
615 3020 718 3093 atque
743 3031 790 3074 ex
816 3010 1025 3094 obligatione
1049 3012 1083 3076 iii
1112 3032 1269 3095 praesens
1294 3033 1313 3075 a
1339 3008 1476 3097 gubernio

392 3115 583 3199 Argentino
598 3124 766 3197 suscepta,
781 3115 961 3196 peculiaris
988 3117 1228 3200 assignationis
1243 3111 1476 3180 constituendae

390 3228 423 3284 et
439 3220 709 3302 suppeditandae
733 3219 855 3302 cuique
878 3239 922 3283 eir
950 3221 1057 3286 tribus
1093 3221 1188 3286 novis
1214 3219 1420 3285 dioecesibus
1434 3231 1477 3294 pro

390 3325 509 3408 viginti
530 3325 659 3389 clericis
675 3326 870 3388 earumdem
881 3324 1073 3392 dioecesum
1087 3327 1120 3390 in
1134 3325 1360 3392 Seminarium
1381 3317 1476 3388 Arell-

389 3425 552 3490 dioecesis
575 3425 800 3489 Bonearensis
822 3424 1032 3508 recipiendis,
1053 3427 1126 3491 Nos
1145 3443 1331 3508 congruam
1350 3425 1474 3504 assigna·

389 3527 515 3592 tionem
547 3529 669 3611 cuique
697 3525 888 3593 Seminario
913 3531 1094 3611 propriam,
1120 3549 1224 3612 quum
1250 3549 1290 3594 ea
1317 3522 1475 3608 respective

388 3641 499 3696 erecta
524 3633 657 3708 luerint,
679 3631 722 3695 ad
745 3650 861 3694 eorum
883 3640 1010 3696 statum
1032 3634 1205 3716 vitamque
1234 3633 1402 3706 tuendam,
1422 3623 1475 3689 Gu·
1542 3695 1543 3708 ,

388 3736 540 3800 bernium
558 3734 726 3799 iacturum
750 3753 824 3796 esse
840 3733 930 3798 haud
947 3735 1151 3802 dubitamus.

241 3793 362 3841 Reservai

238 3853 286 3910 Ap.
301 3855 361 3900 sedi
430 3841 566 3904 Novam
582 3859 662 3903 vero
679 3849 751 3902 tum
764 3837 1046 3918 Archidioecesis‚
1058 3849 1130 3904 tum
1147 3839 1349 3922 reliquarum
1365 3837 1475 3916 Argen·

215 3909 359 4017 liiiffl'f
385 3943 476 4013 tinae
493 3941 714 4024 Reipublicae
730 3940 925 4007 dioecesum
941 3942 1275 4008 dismembrationem
1289 3953 1345 4008 aut
1356 3941 1473 4005 circuiri·

226 4029 358 4136 ‘'¹25ss'ssss
384 4045 601 4126 scriptionem
618 4043 723 4107 libere
738 4043 924 4126 sanciendi,
936 4047 1220 4129 quandocumque
1236 4047 1270 4110 id
1287 4043 1435 4128 expedire
1448 4037 1472 4099 ii

204 4145 357 4251 ,stiffi-⁰
386 4147 535 4209 Domino
559 4147 667 4210 visum
697 4146 806 4222 luerit,
833 4147 914 4229 quin
943 4149 1048 4214 ullum
1083 4150 1116 4214 in
1144 4151 1178 4215 id
1215 4150 1412 4216 Antistitum
1432 4136 1471 4204 vel

247 4263 356 4320 pionem
385 4247 617 4330 Capitulorum
658 4268 831 4312 assensum
861 4255 1008 4334 exquiri,
1040 4253 1093 4320 vel
1124 4255 1356 4320 territorialem
1388 4249 1471 4314 ullam

218 4321 356 4368 ecclesiasti·
583 4352 590 4366 ·
824 4353 831 4368 ·
874 4354 882 4369 ·
1019 4357 1027 4374 ι
1079 4359 1087 4374 ·
1248 4361 1256 4374 ·
1379 4357 1386 4370 ·
1461 4342 1471 4392 t

203 4389 263 4424 m„
382 4361 693 4431 compensationem
722 4362 883 4417 consiiiui
899 4366 933 4421 et
949 4358 1087 4423 attribui
1112 4378 1197 4441 opus
1229 4368 1282 4436 sit,
1298 4368 1459 4422 omninoe
