3117 4859
391 341 411 389 2
575 336 756 389 epistota
776 322 796 352 ‘¹
817 334 998 386 MOERORE
1018 336 1268 392 sapientum.
1289 316 1306 345 '⁸

390 491 526 556 tulerint
553 491 595 553 ad
627 490 673 552 rei
698 488 899 552 christianae
930 490 1102 553 historiam
1134 494 1353 557 ordinandam
1380 504 1411 557 et
1438 496 1473 557 ad

295 609 365 684 Quae
391 594 561 660 Ecclesiae
580 595 740 676 dogmata
765 594 810 657 ab
833 612 966 658 osorum
992 594 1167 659 calumniis
1187 598 1394 664 vindicanda.
1411 599 1474 663 Hac

212 674 364 803 fJ‘gffjssg'g
391 701 463 765 Nos
473 701 516 763 de
526 719 643 763 caussa
655 699 784 762 urbano
795 698 1000 763 eruditorum
1017 698 1161 783 collegio
1177 703 1297 767 studiis
1312 704 1475 787 antiquita·

262 806 363 857 Urbano
389 818 460 867 tum
478 802 715 885 promovendis
732 801 933 882 peculiarem
951 822 1082 883 semper
1105 804 1332 884 praestitimus
1348 807 1476 871 benevo-

242 880 362 996 „mi
388 909 537 983 lentiam,
558 906 706 989 nihilque
723 906 898 969 omisimus
913 924 981 989 quo
997 906 1172 987 pristinum
1189 916 1318 972 teneret
1334 912 1431 975 decus
1451 918 1477 973 et

210 1002 321 1053 decemo
333 1003 362 1079 ‘l'
389 1014 515 1077 maiore
530 1012 681 1095 quotidie
706 1010 928 1092 amplitudine
954 1029 993 1073 ac
1020 1010 1185 1093 dignitate
1208 1012 1348 1081 floreret.
1365 1016 1477 1096 Magno

210 1076 363 1183 anima
389 1120 490 1201 igitur
519 1116 685 1183 desiderio
715 1116 863 1191 adducti,
889 1125 926 1178 ut
953 1115 1051 1178 simul
1079 1116 1156 1179 huic
1181 1120 1291 1182 coetui
1322 1122 1366 1184 de
1395 1130 1478 1202 parto

226 1200 362 1314 ''22³1“ssss
387 1223 566 1304 splendore
582 1221 662 1285 nihil
679 1220 821 1284 decedat
844 1220 902 1283 sed
927 1220 1065 1284 clariora
1082 1219 1262 1285 afferantur
1277 1223 1479 1296 incrementa,

242 1339 360 1408 arggnrea
387 1325 486 1391 simul
501 1326 611 1389 eidem
636 1324 792 1407 propensi
815 1324 918 1387 animi
936 1324 1165 1388 testimonium
1182 1326 1413 1405 exhibeamus,
1430 1346 1477 1389 nu·

210 1412 360 1521 gruem-
388 1433 544 1495 mismata
569 1450 669 1494 aurea
695 1429 785 1505 bina,
810 1448 889 1493 sena
916 1442 1084 1511 argentea,
1109 1430 1315 1497 eruditorum
1344 1433 1477 1514 praemia

386 1534 566 1619 quotannis
588 1532 810 1597 adtribuenda
836 1530 1055 1596 decernimus.
1089 1530 1184 1596 Haec
1213 1544 1326 1597 autem
1354 1554 1395 1598 ea
1417 1534 1479 1613 lege

209 1662 359 1725 legerere-
385 1641 506 1706 damus
521 1649 568 1715 ut,
577 1658 663 1721 quae
679 1657 780 1701 aurea
795 1646 882 1713 sunt,
898 1636 961 1698 illis
985 1656 1004 1698 e
1021 1636 1227 1700 nostratibus
1243 1639 1410 1701 exterisve
1424 1636 1479 1719 qui.

208 1726 292 1782 '‘m“
387 1746 560 1831 proposito
575 1743 619 1807 ab
634 1744 707 1824 ipso
723 1751 821 1807 coetu
838 1742 1081 1823 experimento,
1092 1741 1217 1822 primas
1233 1742 1265 1804 in
1290 1743 1479 1807 tractatione

387 1849 523 1914 tulerint
538 1870 545 1925 ;
562 1856 720 1929 argentea
736 1867 814 1911 vero
835 1846 875 1909 iis
900 1848 1067 1909 donentur
1089 1846 1157 1928 qui,
1177 1854 1329 1910 vertente
1344 1866 1439 1924 anno,
1451 1846 1477 1907 in

385 1955 581 2019 disserendo
596 1954 639 2015 de
649 1972 683 2015 re
699 1949 962 2033 archaeologica,
974 1952 1092 2014 ceteris
1104 1950 1238 2015 solertia
1255 1960 1288 2015 et
1303 1952 1479 2015 eruditione

386 2058 633 2124 antecesserint.
649 2056 885 2121 Benevolentis
912 2055 975 2118 hoc
1003 2054 1233 2136 providentiae
1251 2054 1397 2121 Nostrae
1412 2074 1478 2117 con·

386 2165 495 2228 silium
513 2161 594 2226 nihil
610 2160 805 2225 dubitamus
822 2160 901 2241 quin
919 2158 1077 2242 amplam,
1093 2178 1193 2241 quam
1211 2169 1396 2241 expectare
1406 2159 1479 2229 licet,

386 2268 551 2332 fructuum
569 2266 701 2347 copiam
722 2285 743 2327 a
770 2264 918 2327 navitate
936 2262 1102 2325 sodalium
1120 2261 1420 2345 archaeologorum
1445 2260 1480 2324 sit

385 2370 585 2435 habiturum.
600 2408 644 2418 —
667 2369 798 2433 Interea
825 2366 895 2445 tibi,
911 2365 1121 2429 Venerabilis
1140 2366 1256 2429 Frater
1273 2366 1409 2444 Noster,
1423 2382 1480 2447 quo

387 2474 561 2539 Urbanum
589 2472 775 2554 Collegium
804 2471 950 2535 Patrono
973 2469 1103 2551 optimo
1130 2470 1243 2549 utitur,
1270 2469 1481 2553 Collegioque

384 2580 447 2661 ipsi
472 2579 627 2643 universo
652 2576 886 2660 Apostolicam
915 2574 1183 2639 benedictionem
1212 2584 1427 2657 peramanter
1453 2574 1479 2633 in

386 2683 536 2747 Domino
551 2682 769 2763 impertimus.

428 2786 555 2850 Datum
595 2785 726 2849 Romae
762 2784 854 2865 apud
886 2780 919 2846 S.
950 2782 1083 2846 Petrum
1122 2784 1177 2846 die
1208 2797 1246 2847 1v
1290 2780 1480 2848 Decembris

385 2886 838 2967 nncccxcrv,1³ontificatus
855 2886 970 2951 Nostri
987 2906 1076 2949 anno
1092 2887 1224 2952 decimo
1247 2888 1405 2970 septimo

1091 3044 1186 3109 LEO
1212 3046 1274 3111 ΡΡ.
1298 3044 1403 3109 ΧΙΙΙ.
