3117 4859
103 381 156 432 DE
178 379 227 430 RB
244 377 460 429 CATHOLICA
476 378 578 428 APUD
592 377 833 428 ORIENTALES
846 375 1117 428 PROVEHENDA.
1136 372 1203 444 135

97 522 281 587 suetudine
296 521 421 596 vellent
446 521 542 586 latini
564 523 752 586 detractum
775 521 961 604 quidquam
978 528 1037 583 aut
1052 519 1204 584 deminu·
1245 544 1371 632 κύρω

97 637 179 692 turn.
196 663 240 675 -
261 624 369 690 iidem
386 624 545 708 Delegati
567 625 768 708 peculiarem
785 624 995 708 vigilantiam
1011 643 1088 687 cum
1104 623 1203 686 bene·
1269 642 1343 706 189⁶.

98 729 247 794 volentia
261 729 446 794 adhibeant
459 729 662 812 presbyteris
674 728 788 793 latinis
800 730 857 812 qui
870 726 1055 792 missionali
1068 747 1205 791 munere
1229 755 1260 826 a,
1266 758 1383 817 mm.

97 835 130 898 In
147 854 230 898 suae
248 834 386 898 ditionis
402 834 484 898 locis
507 843 688 898 versentur.
710 833 769 896 Eis
794 833 936 898 consilio
955 842 990 896 et
1005 832 1204 897 auctoritate
1229 817 1366 946 m?

97 939 210 1004 adsint
228 958 287 1021 per
299 935 512 1001 difficultates
529 937 561 1000 in
579 958 663 1021 quas
679 936 731 1001 vel
742 958 762 1002 a
774 939 874 1002 rebus
889 937 940 1001 vel
957 937 1001 1001 ab
1010 936 1204 1001 hominibus
1228 933 1383 1041 mm:

98 1063 165 1106 non
183 1063 257 1106 raro
272 1043 454 1120 incurrunt,
465 1053 567 1124 atque
579 1042 623 1106 ad
637 1042 812 1106 ministerii
824 1041 1001 1125 apostolici
1014 1041 1203 1106 ubertatem
1228 1067 1284 1124 cunr
1300 1010 1380 1101 02¹5·

97 1147 240 1210 suadere
264 1165 307 1209 ne
324 1146 482 1210 desinant
497 1165 665 1210 summam
691 1165 767 1210 cum
784 1145 938 1211 orientali
953 1145 1042 1210 clero
1063 1165 1203 1208 consen·
1229 1113 1361 1219 miii.

97 1252 226 1314 sionem
240 1259 274 1314 et
289 1252 455 1333 gratiam:
470 1270 573 1333 quam
589 1250 726 1332 quidem
747 1261 827 1334 apte
842 1249 1071 1315 conciliabunt
1090 1249 1153 1313 sibi
1170 1259 1204 1313 et
1229 1232 1275 1278 αἱ*

99 1355 300 1433 retinebunt,
317 1355 467 1436 ipsorum
484 1364 556 1418 turn
574 1352 708 1437 linguae
728 1355 944 1438 moribusque
970 1354 1205 1429 assuescendo,

97 1469 169 1521 tum
201 1459 326 1523 tradita
358 1479 377 1521 a
411 1457 593 1523 maioribus
620 1479 714 1522 sacra
745 1459 900 1523 instituta
929 1457 1058 1521 honore
1087 1456 1203 1521 debito

96 1573 348 1646 prosequentes
383 1561 462 1627 Huc
492 1575 605 1626 autem
634 1562 716 1626 nihil
740 1573 831 1627 certe
861 1572 931 1627 tam
962 1561 1073 1627 valeat
1098 1582 1201 1645 quam

94 1666 264 1747 specimen
282 1665 482 1731 concordiae
497 1667 830 1750 benevolentiaeque,
838 1668 929 1750 quod
942 1665 1006 1750 ipsi
1018 1667 1203 1748 praebeant

94 1769 252 1853 Delegati
270 1780 302 1834 et
319 1771 423 1835 ceteri
437 1772 494 1854 qui
510 1771 575 1834 sub
589 1773 637 1834 eis
649 1791 726 1836 cum
738 1772 938 1835 auctoritate
954 1780 1033 1835 sunt
1045 1771 1097 1850 ;ld
1110 1770 1201 1852 quod

92 1877 240 1954 graviter
251 1895 353 1958 supra
361 1873 733 1959 admonuimusNeque
742 1895 821 1939 vero
833 1873 911 1939 talis
920 1875 1024 1938 animi
1037 1874 1201 1957 prodendi

94 1997 132 2040 ac
149 1978 351 2044 testificandi
372 1979 548 2044 defuturae
564 1990 643 2044 sunt
658 1980 939 2063 opportunitates.
948 1979 1123 2044 Praeclara
1135 1979 1202 2058 illa,
1252 2024 1255 2033 ,

94 2083 121 2144 si
138 2101 197 2164 per
213 2083 414 2147 sollemnem
431 2083 580 2166 aliquam
605 2083 835 2148 celebritatem
852 2084 966 2148 faciles
992 2084 1201 2168 libentesque

93 2187 198 2250 sacris
224 2185 344 2251 ritihus
362 2187 578 2252 orientalium
606 2189 761 2251 intersint
773 2210 783 2267 ;
808 2208 848 2252 ac
870 2189 1017 2252 vicissim
1032 2189 1059 2251 si
1075 2209 1133 2253 eos
1155 2190 1199 2252 ad

91 2309 186 2355 sacra
223 2291 330 2356 latino
369 2293 434 2356 ritu
471 2291 649 2357 sollemnia
687 2311 928 2375 nonnunquam
971 2293 1123 2357 invitent
1158 2293 1198 2357 Id

93 2403 207 2459 autem
231 2396 265 2460 in
282 2396 398 2478 primis
416 2397 575 2473 decuerit,
597 2396 762 2480 valdeque
785 2394 856 2461 lieri
871 2406 1038 2480 optamus,
1053 2399 1199 2482 quoties·

91 2517 237 2582 cumque
270 2500 441 2565 Ecclesiae
468 2501 521 2565 vel
549 2501 679 2566 romani
707 2500 880 2566 Pontificis
895 2504 1015 2566 caussa
1038 2503 1199 2585 insignior

91 2603 271 2685 quaepiam
283 2615 403 2687 agatur
419 2605 704 2669 caeremoniaEx
714 2625 756 2669 eo
772 2625 918 2690 namque
934 2607 1075 2671 feliciter
1086 2617 1199 2689 potest

92 2715 230 2770 mutuae
245 2707 481 2772 observantiae
498 2709 714 2792 caritatisque
725 2709 829 2773 ioveri
845 2711 1096 2789 studium‚dum
1112 2711 1197 2776 eius·

91 2811 169 2872 dem
182 2809 259 2875 fidei
269 2820 303 2875 et
316 2813 565 2876 communionis
576 2813 709 2877 vincula
719 2816 752 2877 in
763 2815 1070 2881 amorecommunis
1082 2817 1198 2880 matris

90 2914 300 2993 roborantur,
314 2918 464 2998 dumque
481 2926 623 2999 augetur
635 2918 835 3000 obsequium
848 2940 887 2983 ac
903 2921 1011 3001 pietas
1023 2941 1103 3003 erga
1115 2919 1197 2985 Suc-

90 3037 256 3082 cessorem
273 3019 364 3084 beati
382 3021 482 3096 Petri,
499 3039 577 3084 eum
594 3041 716 3104 nempe
732 3042 833 3104 quem
851 3022 1005 3088 Christus
1028 3025 1197 3088 Dominus

89 3131 243 3186 centrum
258 3125 435 3190 coustituit
447 3134 586 3188 sanctae
602 3125 824 3209 salutarisque
840 3127 986 3192 unitatis.

134 3225 230 3310 Quae
254 3227 357 3308 igitur
381 3228 473 3292 hisce
497 3228 618 3292 litteris
650 3241 744 3294 motu
776 3232 911 3313 proprio
927 3230 1198 3314 significavimus,

1257 3273 1372 3318 Praesen-

91 3329 345 3411 declaravimus,
368 3334 561 3412 statuimus,
583 3343 655 3397 rata
678 3335 794 3398 omnia
816 3333 978 3418 firmaque
1000 3356 1196 3418 permanere
1221 3330 1363 3435 §3222

89 3435 291 3499 auctoritate
308 3436 434 3500 Nostra
450 3438 604 3501 volumus
619 3446 653 3500 et
665 3438 827 3502 iubemus.
1220 3450 1354 3520 ‘terim

134 3537 264 3603 Datum
272 3539 402 3604 Romae
413 3542 501 3624 apud
515 3541 547 3606 S.
555 3541 690 3606 Petrum
701 3542 756 3606 die
767 3555 836 3606 xlx
849 3543 964 3608 Martii
974 3559 1196 3625 Mucccxcw,
1221 3509 1340 3556 mm
1369 3526 1371 3529 Ι

89 3642 310 3708 Pontificatus
326 3644 444 3708 Nostri
460 3665 550 3709 anno
565 3645 697 3709 decImo
712 3665 811 3711 nono.

800 3799 895 3869 LEO
921 3804 983 3870 ΡΡ.
1006 3805 1109 3872 XIII.
