3117 4859
354 361 404 430 60
455 377 645 428 strennas
663 377 923 430 arosromcau
944 362 965 391 '¹
977 374 1089 440 Quum
1107 371 1149 422 ru
1169 366 1372 422 uouonuu.
1389 337 1409 366 ”

358 470 824 480 --—.—-.-.—--—-—.-..-—

355 536 436 579 num
453 517 699 582 institutionem
713 517 867 588 intendit,
883 518 958 596 ipso
985 517 1111 596 garrdet
1134 524 1272 578 auctore
1296 504 1461 579 Philisco.

355 620 412 700 qui
428 622 555 702 primus
571 642 729 686 romanos
746 624 977 688 adolescentes
993 623 1035 686 ad
1052 631 1183 704 septem
1201 619 1346 682 maiores
1356 610 1460 676 Urbis

356 725 518 789 Basilicas
534 726 659 792 devota
674 749 713 791 ac
730 727 888 810 frugifera
905 727 1176 808 peregrinatione
1196 724 1391 788 invisendas
1406 720 1464 784 ad·

210 856 330 916 nepam.
357 829 466 894 duxit.
493 831 602 895 Probe
629 833 730 897 etiam
758 853 902 898 noscens
929 832 1110 906 plurimum
1136 831 1179 895 ad
1205 829 1409 894 excitandos
1423 827 1463 890 ad

201 922 334 1034 ,2222
357 934 519 1015 pietatem
532 936 663 1000 animos
680 958 792 1001 sacros
802 947 985 1002 concentus
997 958 1106 1019 posse,
1115 938 1243 1016 primus
1254 955 1295 999 ea
1308 933 1464 1008 carmina,

221 1039 330 1086 “m't·
358 1057 445 1118 quae
471 1049 550 1104 sunt
577 1041 610 1104 in
639 1053 810 1121 posterum
839 1042 998 1108 Oratoria
1021 1052 1151 1114 vocata.
1173 1041 1303 1104 curavit
1322 1037 1464 1102 conscri-

358 1143 480 1218 benda,
489 1153 526 1207 ut
538 1163 615 1208 cum
629 1148 722 1227 poesi
735 1147 863 1211 sociata
879 1147 1027 1212 musicae
1043 1157 1174 1212 mentes
1190 1145 1340 1208 lidelinrn
1357 1143 1465 1207 flecte·

209 1267 238 1314 ιι
263 1267 333 1312 n‘sco-
360 1256 409 1309 ret
437 1249 479 1311 ad
500 1248 668 1314 virtutem.
685 1250 776 1335 Quin
794 1252 863 1316 imo
879 1253 988 1328 prisca
1003 1252 1260 1316 christianorum
1277 1249 1466 1328 Martyrum

180 1341 237 1432 κζ’,
257 1331 335 1434 ,fiiis
359 1351 525 1434 hypogea,
538 1363 706 1418 vetustate
722 1355 911 1420 fatiscentia
927 1379 967 1420 ac
979 1377 1065 1422 oene
1080 1357 1261 1420 obliterata
1275 1349 1468 1424 celebravit,

181 1447 334 1560 ἔξω·
359 1477 399 1521 ac
419 1456 652 1523 doctissimum
679 1459 860 1524 Caesarem
884 1461 918 1526 S.
937 1461 976 1525 R.
993 1462 1033 1525 E.
1049 1459 1264 1526 Cardinalem
1281 1456 1468 1528 Baronium.

361 1561 403 1624 ad
421 1563 569 1626 immane
587 1563 772 1627 Annalium
799 1565 1113 1630 Ecclesiasticorum
1138 1585 1225 1629 onus
1249 1561 1469 1627 exarandum.

230 1709 258 1754 ἀ
272 1707 335 1753 Urbe
360 1666 609 1730 hortationibus
634 1669 701 1733 suis
727 1669 870 1743 impulit.
886 1671 1045 1753 Denique
1066 1670 1147 1750 quid
1166 1669 1326 1743 Philiopo
1349 1665 1468 1729 debeat

199 1767 336 1874 mm
362 1771 473 1836 Roma
489 1771 564 1854 quis
580 1773 732 1855 ignorati
749 1775 858 1838 Extat
874 1785 1022 1838 erectum
1044 1795 1106 1849 pro
1131 1771 1316 1854 peregrinis
1339 1779 1376 1834 et
1394 1787 1468 1832 con·

182 1891 272 1934 rusesr.
361 1875 607 1940 valescentibus
633 1879 827 1956 excipiendi
842 1880 1038 1955 hospitium,
1064 1880 1165 1957 qood,
1193 1875 1290 1959 quasi
1318 1874 1471 1949 instituta

363 2003 424 2062 pro
440 1981 589 2044 caritatis
604 1983 849 2046 exercitatione
858 1985 1034 2059 palaestra,
1047 1983 1152 2049 Urbis
1170 1979 1375 2058 Apostolum
1393 1974 1471 2041 seris

362 2087 542 2167 nepotibus
567 2097 748 2163 memorat;
774 2098 926 2164 superest
951 2088 984 2152 in
1010 2109 1150 2152 romana
1175 2087 1273 2166 plebe
1300 2079 1472 2164 pooutaris

363 2191 480 2256 Sancti
508 2191 704 2266 recordatio,
731 2202 765 2254 et
786 2212 872 2270 quae
896 2192 970 2267 loca
993 2195 1111 2256 vivens
1133 2189 1380 2256 sanctimoniae
1397 2202 1473 2247 suae

362 2293 552 2374 praesentia
568 2295 657 2357 cives
672 2295 784 2358 adhuc
799 2305 834 2360 et
858 2299 1009 2362 advenae
1035 2295 1265 2362 venerabundi
1290 2291 1471 2356 celebrant.

225 2408 339 2466 Imperii!
364 2398 494 2462 idcirco
510 2418 613 2480 quum
641 2399 801 2464 admotae
828 2421 936 2465 nnoer
957 2401 1067 2465 Nobis
1093 2402 1161 2465 sint
1177 2419 1295 2480 preces
1309 2419 1331 2460 a
1346 2395 1470 2459 dilecto

223 2467 339 2527 Pontifex
400 2503 408 2518 .
1408 2499 1418 2514 .
1462 2494 1472 2512 .

206 2527 337 2584 laduqen.
363 2500 433 2564 filio
460 2503 587 2566 loaone
612 2503 735 2568 Carolo
758 2503 980 2575 Scaramucci.
996 2505 1195 2579 Praeposito
1207 2503 1472 2580 Congregatronr

205 2585 340 2690 ,ἕζῇῗξᾷξῖ
364 2607 641 2690 Presbyterorum
666 2608 886 2673 saecularium
911 2611 956 2673 ab
981 2610 1149 2684 Oratorio,
1172 2617 1210 2671 ut
1233 2607 1266 2669 in
1284 2606 1471 2668 uberiorem

186 2705 338 2810 ‘mmm‘
364 2713 551 2774 animarum
569 2710 722 2787 fructum,
744 2713 946 2776 caelestibus
974 2713 1148 2778 Ecclesiae
1170 2710 1337 2777 thesauris
1362 2716 1475 2771 cente·

364 2815 492 2879 nariam
510 2817 597 2880 hanc
609 2818 715 2879 sancti
729 2817 877 2895 Philinpi
887 2819 982 2882 Nerii
994 2817 1267 2888 sollemnitatem,
1276 2813 1472 2895 prooediem

365 2931 437 2982 tum
455 2921 488 2983 in
504 2921 568 2983 hac
585 2920 673 2983 alma
691 2921 795 2996 Urbe,
807 2931 879 2985 tum
892 2925 925 2986 in
940 2925 1098 2986 universo
1110 2921 1278 2984 catholico
1293 2917 1376 2981 orbe
1391 2915 1475 2978 cele·

365 3025 530 3088 brandam
547 3026 655 3088 ditare
672 3045 709 3087 ac
725 3026 884 3090 decorare
909 3027 1060 3102 velimus,
1086 3027 1160 3090 Nos
1185 3026 1249 3093 oiis
1273 3023 1367 3086 hisce
1386 3017 1472 3082 votis

365 3128 511 3210 benigne
523 3128 739 3193 annuendum
756 3129 1036 3197 existimavimus.
1049 3129 1279 3213 Quamobrem
1296 3127 1341 3190 de
1356 3121 1474 3192 Omni·

366 3234 514 3314 potentis
546 3233 611 3296 Dei
642 3232 880 3310 misericordia,
908 3255 948 3298 ac
977 3237 1153 3299 beatorum
1187 3233 1276 3296 Petri
1311 3240 1346 3294 et
1377 3225 1471 3292 Pauli

369 3337 611 3418 Apostolorum
638 3337 709 3400 eius
733 3339 934 3402 auctoritate
956 3339 1083 3413 conlisi,
1104 3337 1262 3403 omnibus
1285 3345 1320 3398 et
1335 3331 1474 3414 singulis

366 3444 539 3523 utriusque
565 3462 668 3504 sexus
691 3442 974 3508 Christiiidelibus
990 3446 1048 3526 qui
1063 3443 1230 3508 triduanis
1245 3439 1407 3522 quotidie,
1422 3432 1472 3497 vel

366 3545 545 3628 quinquies
562 3545 680 3609 saltem
698 3548 955 3611 novendialibus
971 3546 1284 3631 supplicationibus,
1308 3563 1397 3624 quae
1417 3537 1474 3602 ha·

366 3651 498 3713 bendae
514 3660 593 3712 sunt
609 3659 687 3713 ante
703 3652 895 3714 centenaria
911 3652 1104 3716 huiusmodi
1121 3649 1307 3722 sollemnia,
1323 3646 1475 3708 diebusa

366 3755 553 3837 respectivo
569 3754 633 3816 loci
646 3752 829 3819 Ordinario
841 3755 1068 3834 designandis.
1084 3755 1268 3824 intererint,
1283 3760 1318 3815 et
1334 3747 1387 3813 vel
1403 3748 1475 3825 ipso

367 3859 422 3921 die
439 3859 534 3935 sesto,
555 3857 607 3921 vel
624 3878 692 3919 uno
708 3877 726 3920 e
746 3857 847 3921 dictis
863 3860 969 3923 tribus
984 3870 1042 3923 aut
1060 3879 1181 3923 novem
1198 3849 1474 3920 antecedentibus

367 3961 563 4026 immediate
589 3961 717 4038 diebus,
744 3962 786 4024 ad
815 3963 976 4045 cuiusque
1003 3964 1178 4027 arbitrium
1207 3959 1374 4036 eligendo,
1401 3969 1475 4016 vere

369 4065 579 4144 poenitentes
595 4075 628 4127 et
639 4064 783 4128 confessi
796 4085 834 4129 ac
848 4066 951 4132 Sacra
963 4068 1213 4132 Communione
1226 4061 1349 4133 reiecti,
1362 4075 1474 4142 quam·

369 4167 449 4229 libet
466 4168 639 4230 ecclesiam
662 4168 713 4230 vel
732 4168 903 4248 publicum
920 4174 1113 4247 oratorium,
1130 4171 1187 4233 ubi
1203 4167 1312 4232 sancti
1329 4156 1473 4238 Philippi

370 4267 490 4332 festum
507 4270 739 4346 celebrabitur,
750 4271 872 4336 devote
887 4275 1107 4351 visitaverint,
1123 4274 1237 4356 ibique
1253 4291 1315 4350 pro
1326 4263 1474 4332 christia·

371 4392 487 4435 norum
506 4373 697 4454 Principum
715 4377 902 4453 concordia,
915 4379 1089 4442 haeresum
1107 4373 1344 4455 extirpatione,
1361 4384 1475 4451 pecca·
