3117 4859
351 334 398 403 26
503 354 693 405 urrunnu
718 354 976 406 nrosroucnu
1006 344 1026 371 “
1045 335 1301 409 surruurua”.

348 501 458 564 eidem
473 502 624 567 Pontifici
638 504 794 568 Maximo
804 503 1063 586 descriptionem
1077 505 1179 568 totius
1192 506 1333 590 Collegii
1347 517 1460 573 status

349 604 467 669 litteris
484 607 680 673 mandatam
697 608 867 672 exhibeat.

318 710 323 720 '
393 707 471 791 Quo
486 730 564 774 vero
581 710 708 774 facilius
725 721 758 775 et
774 704 968 792 expeditius
984 711 1174 778 Cardinaiis
1199 716 1365 781 Patronus
1392 735 1460 781 suo

349 832 485 876 munere
513 811 605 896 iungi
637 815 752 897 possit,
781 815 970 879 adiutorem
998 817 1028 878 ei
1053 816 1229 881 adiicirnus
1252 816 1460 882 Antistitern

348 917 522 996 urbanum,
537 919 772 983 administrum
789 920 833 983 ab
843 919 926 982 actis
937 918 1052 983 Nostri
1069 918 1208 985 Consilii
1219 921 1363 1005 negotiis
1373 922 1466 986 ritus

347 1022 517 1087 orientalis
542 1025 732 1106 praepositi,
762 1026 821 1107 qui
848 1025 985 1088 nomine
1009 1036 1042 1088 et
1068 1026 1267 1090 auctoritate
1292 1026 1461 1109 praesidis

348 1127 540 1191 Maronitici
558 1127 708 1211 Collegii,
720 1130 752 1191 in
770 1128 928 1192 omnibus
940 1149 1026 1211 quae
1037 1130 1304 1194 ministerioeius
1315 1133 1461 1195 deman-

347 1231 478 1310 dentur,
495 1230 636 1313 Collegii
655 1232 803 1295 Patrono
819 1251 956 1313 operam
974 1242 1085 1297 navet.

202 1350 321 1404 praesen·
392 1334 517 1401 Omnia
544 1334 681 1398 demum
708 1354 796 1416 quae
820 1334 872 1396 his
898 1333 1017 1397 litteris
1043 1332 1177 1399 Nostris
1203 1335 1383 1400 statuimus
1416 1354 1460 1399 ac

167 1406 320 1522 1212?ssss
347 1437 591 1501 declaravimus
615 1446 687 1501 rata
711 1457 750 1501 ac
778 1435 873 1500 firma
899 1438 946 1501 uti
971 1446 1059 1517 sunt,
1074 1438 1123 1501 ita
1144 1438 1178 1501 in
1195 1449 1365 1522 posterum
1381 1458 1463 1503 esse

169 1536 223 1585 vim
235 1538 319 1599 acfir-
347 1540 503 1606 volumus
518 1561 557 1605 ac
573 1541 736 1619 iubemus,
750 1540 880 1605 irritum
896 1561 936 1605 ac
952 1541 1051 1605 inane
1066 1540 1214 1606 futurum
1238 1540 1463 1607 decernentes

196 1606 320 1720 „ww
348 1646 375 1708 si
400 1645 479 1728 quid
496 1665 596 1728 super
611 1646 695 1709 hisa
711 1663 881 1729 quoquam
898 1646 1077 1727 contigerit
1092 1646 1265 1725 attentari;
1279 1646 1462 1711 contrariis

347 1749 613 1833 quibuscumque
630 1769 696 1812 non
714 1747 938 1812 obstantibus.

392 1850 519 1917 Datum
536 1852 669 1917 Romae
681 1851 771 1934 apud
788 1849 822 1916 S.
839 1850 974 1915 Petrum
991 1851 1054 1915 sub
1069 1848 1172 1915 anulo
1199 1850 1379 1916 Piscatoris
1403 1851 1464 1916 die

347 1970 426 2021 xxx
436 1955 639 2022 Novembris
651 1968 851 2033 Mucccxcl,
864 1952 1083 2019 Pontificatus
1093 1954 1211 2020 Nostri
1222 1974 1312 2019 auno
1321 1954 1463 2021 decimo

347 2070 475 2143 quarto.

1070 2144 1166 2213 LEO
1184 2146 1247 2210 PP.
1263 2145 1367 2211 XIII.

714 3040 1093 3340 ruffi&
