3117 4859
262 377 314 426 DE
337 377 387 426 RE
412 377 630 428 CATHOLICA
657 379 699 430 Iu
726 378 910 430 AMERICA.
1099 379 1143 447 19

45 550 122 612 quos
140 530 287 614 Spiritus
309 541 440 594 sanctus
447 533 562 613 posuit
575 533 728 614 episcopos
745 554 854 616 regere
877 532 1056 596 Ecclesiam
1071 530 1146 611 Dei,
1216 539 1286 641 ΜόΝ-

46 655 143 717 eaque
166 655 363 717 permanere
379 635 512 717 integra
527 637 560 699 in
577 638 671 701 omni
686 648 798 718 gente,
814 647 917 720 atque
932 638 966 703 in
986 637 1080 702 omni
1097 657 1146 700 re·
1212 653 1286 716 1895.

45 740 137 822 gione
152 747 315 803 terrarum
341 748 375 803 et
403 739 559 804 volumus
585 751 619 805 et
635 742 726 807 velle.
746 742 933 808 debemus:
950 741 1146 827 praesertim
1173 784 1234 818 rum
1242 776 1284 832 po-

46 843 127 924 quod
144 843 354 925 singulorum
371 845 522 928 dignitas
547 847 785 930 episcoporum
811 866 889 910 cum
904 847 1072 928 dignitate
1095 864 1147 908 ro·
1174 841 1292 948 mh·

46 946 128 1007 mani
151 944 320 1026 pontificis
342 948 389 1010 ita
414 950 536 1012 natura
552 951 757 1026 contexitur,
783 958 820 1013 ut
844 949 940 1014 alteri
960 949 1148 1013 necessario
1174 967 1226 1013 tam
1241 964 1327 1040 qfficm

46 1048 200 1126 consulat,
215 1051 272 1132 qui
289 1050 429 1114 alteram
447 1059 587 1116 tueatur.
604 1051 704 1116 Meus
718 1053 822 1116 honor
838 1063 888 1116 est
900 1052 1004 1115 bonor
1017 1052 1148 1115 univer·
1165 1030 1327 1160 mm

45 1153 119 1215 salis
127 1151 297 1218 Ecclesiae.
308 1153 408 1217 Meus
420 1155 523 1217 honor
535 1165 583 1218 est
586 1157 743 1236 fratrum
754 1176 900 1219 meorum
911 1155 1036 1218 solidus
1046 1157 1150 1238 vigor.
1174 1161 1285 1237 ⁰l‘df‘f'·

49 1254 78 1316 Τ
75 1278 127 1318 um
141 1277 198 1339 ego
214 1278 287 1320 vere
301 1258 479 1321 honoratus
493 1279 577 1335 sum,
599 1280 671 1321 crim
698 1258 842 1342 singulis
856 1258 1036 1341 quibusque
1050 1258 1153 1322 honor
1175 1233 1314 1351 mla„

45 1359 162 1424 debitus
177 1382 241 1424 non
257 1371 399 1444 negatur
412 1361 465 1444 (¹).
483 1361 597 1446 Quare
615 1361 736 1445 Legati
750 1361 954 1445 Apostolici,
965 1362 1151 1445 qualicum-
1175 1357 1287 1434 discipti-

45 1483 103 1544 que
124 1468 262 1530 demum
279 1474 448 1548 potestate
473 1475 645 1548 augeatur,
674 1486 750 1530 cum
776 1467 861 1540 haec
888 1486 1033 1548 persona
1048 1477 1151 1550 atque
1176 1438 1304 1547 {iiidie

45 1566 102 1630 hae
117 1579 229 1651 partes
242 1571 319 1644 sint,
337 1569 510 1634 Pontificis
523 1590 542 1633 a
559 1590 627 1652 quo
644 1570 799 1646 mittitur,
814 1571 976 1634 mandata
991 1571 1100 1634 facere
1116 1579 1151 1634 et
1176 1555 1307 1668 ᾗξξῖὥζζ

45 1673 246 1738 voluntatem
268 1673 490 1755 interpretari,
512 1684 645 1738 tantum
674 1675 770 1738 abest
797 1683 833 1737 ut
848 1675 1040 1740 ordinariae
1056 1685 1150 1757 pote·
1176 1695 1295 1761 mutuam

45 1778 116 1841 stati
144 1777 391 1860 Episcoporum
418 1779 599 1860 quicquam
624 1779 733 1859 pariat
758 1778 966 1855 detrimenti,
979 1790 1016 1844 ut
1038 1776 1151 1863 potius
1176 1750 1296 1798 tuentur.

46 1879 288 1945 firmamentum
305 1901 344 1945 ac
361 1883 462 1946 robur
478 1882 522 1944 sit
539 1882 708 1946 allaturus.
726 1882 809 1945 Eius
825 1884 952 1965 quippe
967 1885 1150 1949 auctoritas

47 2005 106 2048 non
122 2006 240 2068 parurn
258 1994 309 2049 est
322 1984 479 2048 habitura
495 1986 654 2067 ponderis
671 1985 713 2048 ad
730 1987 997 2050 conservandam
1013 1987 1048 2050 iu
1065 1987 1151 2051 mul·

47 2088 183 2152 titudine
214 2089 442 2152 obedientiam
457 2111 465 2168 ;
491 2089 524 2158 in
557 2087 657 2152 Clero
687 2089 900 2172 disciplinam
932 2089 1151 2172 debitamque

49 2189 219 2276 Episcopis
236 2193 498 2270 verecundiam3
525 2192 559 2255 in
589 2192 768 2276 Episcopis
788 2194 971 2257 caritatem
998 2201 1149 2258 mutuam

49 2314 117 2359 curn
134 2299 252 2360 intima
269 2298 458 2359 animorum
481 2296 727 2362 coniunctione.
743 2335 787 2346 -
804 2296 902 2380 Quae
918 2296 1055 2380 quidem
1079 2307 1150 2361 tam
1212 2319 1313 2383 Episco-

49 2399 194 2464 salutaris
212 2412 352 2483 tamque
369 2401 564 2482 expetenda
580 2401 783 2479 coniunctio,
795 2421 871 2464 cum
888 2401 921 2464 in
935 2402 1000 2464 hoc
1017 2401 1150 2484 potissi·
1176 2392 1330 2500 32:222?

49 2523 132 2568 mum
149 2507 213 2569 sita
230 2507 274 2568 sit
290 2515 324 2568 et
340 2506 464 2569 sentire
488 2505 700 2569 concorditer
728 2516 761 2570 et
778 2525 887 2586 agere,
904 2505 1003 2587 plane
1021 2505 1151 2584 efficiet,
1178 2523 1271 2564 murm
1282 2516 1320 2592 ql-

49 2617 81 2670 ut
95 2610 234 2692 quisque
250 2619 397 2674 vestrum
415 2610 448 2670 in
466 2609 759 2674 administratione
775 2610 823 2673 rei
844 2610 1051 2698 dioecesanae,
1069 2631 1150 2676 suae
1177 2587 1311 2631 “mm“

48 2713 218 2794 diligenter
233 2714 357 2777 versari
381 2723 521 2795 pergat:
549 2733 650 2777 nemo
666 2713 810 2778 alterum
825 2715 859 2777 in
876 2716 1030 2796 regundo
1045 2716 1150 2799 impe-

49 2815 132 2882 diat:
148 2819 189 2881 de
205 2817 344 2881 alterius
361 2816 509 2881 consiliis
526 2819 677 2900 actisque
692 2838 795 2882 nemo
811 2829 951 2901 quaerat
967 2844 974 2882 :
991 2821 1152 2884 universi·

49 2937 115 2999 que,
140 2921 282 2986 sublatis
310 2920 458 2983 dissidiis
484 2921 729 3003 retinendique
756 2923 901 2986 invicem
927 2924 1153 3003 observantia,

50 3023 221 3102 provehere
238 3021 412 3087 Ecclesiae
428 3025 639 3088 americanae
657 3025 761 3088 decus
776 3035 811 3088 et
827 3047 1009 3090 commune
1024 3028 1151 3091 bonum

49 3143 171 3190 summa
194 3127 314 3192 virium
342 3129 593 3210 conspiratione
609 3129 775 3194 nitamini.
798 3129 855 3192 Ex
881 3150 948 3212 qua
965 3131 1152 3213 Episcopo
1173 3151 1329 3214 pertusata-

50 3247 116 3293 rum
132 3231 309 3295 concordia
337 3232 403 3294 dici
431 3232 490 3295 vix
518 3240 630 3313 potest
655 3243 784 3314 quanta
800 3253 866 3297 non
885 3234 1094 3324 modosalus
1117 3236 1151 3298 in
1179 3217 1330 3331 {jfflffi

51 3341 174 3397 nostros
190 3335 353 3413 manabit,
368 3336 427 3398 sed
444 3336 528 3399 etin
546 3334 691 3418 reliquos
703 3337 754 3399 vis
767 3336 917 3419 exempli
933 3362 941 3401 :
956 3337 1083 3420 quippe
1094 3339 1152 3420 qui
1178 3317 1314 3409 quedem-

50 3432 139 3499 lacile
160 3439 212 3502 vel
230 3438 294 3503 hoc
311 3440 384 3521 ipso
401 3449 604 3522 argumento
620 3441 824 3522 perspicient
851 3442 885 3505 in
904 3440 1151 3523 Episcoporum
1175 3413 1263 3473 ''m“
1275 3429 1329 3461 Μ

1178 3477 1286 3528 tholicis.

50 3541 281 3608 catholicorum
297 3545 450 3608 ordinem
464 3564 541 3607 vere
553 3539 704 3606 divinum
718 3545 947 3626 apostolatum
963 3545 1156 3612 hereditate.

49 3647 206 3712 transisse.
222 3685 265 3698 —
279 3648 342 3712 Est
351 3658 524 3731 praeterea
534 3648 626 3713 aliud
640 3669 845 3732 magnopere
861 3650 1152 3718 considerandum.
1229 3695 1329 3744 Amari-

50 3743 267 3816 Consentiunt
290 3754 473 3836 prudentes
500 3753 572 3830 viri,
596 3755 687 3836 quod
718 3754 929 3836 Nosmetipsi
947 3755 1051 3837 paulo
1073 3765 1153 3819 ante
1178 3777 1254 3811 canae
1268 3762 1329 3810 civi·

51 3849 271 3934 indicavimus,
288 3877 349 3920 nec
366 3877 447 3920 sane
468 3857 575 3933 inviti,
591 3867 797 3922 reservatam
813 3859 856 3922 ad
875 3859 1002 3924 maiora
1019 3859 1152 3924 Ameri·
1177 3832 1330 3945 {fgmm

52 3971 118 4036 cam
142 3959 254 4025 videri.
280 3959 389 4042 Atqui
416 3960 524 4037 huius,
551 3979 639 4041 quae
667 3961 880 4042 prospicitur,
908 3963 1152 4052 magnitudinis
1177 3962 1230 4012 dits
1249 3960 1328 4035 {ncre-

53 4061 240 4143 participem
267 4064 490 4146 eamdemque
517 4063 715 4127 adiutricem
744 4064 932 4128 Ecclesiam
949 4065 1150 4131 catholicam
1172 4031 1328 4156 gmisu

53 4159 203 4229 volumus.
222 4166 390 4231 Nimirum
408 4169 459 4232 ius
476 4187 548 4231 esse
565 4177 666 4250 atque
682 4178 839 4250 oportere
862 4170 1059 4248 iudicamus,
1075 4193 1150 4236 eam
1176 4163 1308 4273 Ξζζὲᾔῖ

55 4278 114 4325 una
129 4287 202 4331 cum
213 4273 383 4352 republica
393 4271 494 4353 pleno
507 4273 613 4352 gradu
625 4274 667 4335 ad
680 4272 820 4336 meliora
830 4274 1042 4348 contendere,
1055 4284 1151 4339 uten·
1174 4291 1300 4353 paripro·

58 4360 1144 4388 w

85 4401 102 4432 1.
115 4386 137 4437 S„
151 4393 287 4455 Gregorius,
302 4397 378 4456 Epist.
392 4399 424 4444 ad
434 4399 520 4456 Eulog.
534 4397 612 4451 Alex„
626 4398 665 4445 lib.
679 4409 737 4451 vus.
754 4414 793 4458 ep.
807 4414 843 4459 3ο.
