3117 4859
68 397 121 446 DE
141 396 260 447 REGNI
281 396 497 448 HUNGARICI
517 394 801 447 SAECULARIBUS
821 392 1077 445 SOLEMNIBUS.
1112 384 1180 457 147

67 559 143 604 rum
169 540 301 603 exitum
328 541 586 604 maturandum?
607 539 743 602 Nemini
765 559 846 603 sane
869 538 934 601 civi
957 538 1087 620 optimo
1113 557 1180 606 non
1276 574 1291 607 1
1315 558 1317 562 ·

67 644 100 706 id
112 644 146 706 in
157 645 244 708 votis
255 643 362 722 fuerit,
373 655 420 722 ut,
435 645 576 714 sublatis
592 644 814 708 dissentiendi
826 643 962 720 caussis,
974 663 1052 706 suus
1064 642 1181 706 Eccle·
1246 617 1326 721 W

66 747 136 810 siae
152 768 194 811 ne
210 747 379 812 abnuatur
394 748 512 826 honos,
532 770 577 812 ex
602 768 670 831 quo
694 748 819 830 pariter
833 747 962 811 civitati
979 745 1180 809 luculentius
1205 783 1303 842 ,mm
1314 789 1352 834 m·

67 851 174 916 niteat
195 871 285 928 suus,
300 854 333 917 in
352 852 488 918 foedere
508 854 680 935 ductuque
696 852 807 916 avitae
824 852 1002 934 religionis.
1020 850 1106 913 lnde
1124 847 1181 912 fiet
1206 845 1345 952 2222ss

68 965 105 1020 ut
120 957 303 1020 auctoritas
319 965 538 1039 potestatum,
555 967 673 1020 mutua
697 957 853 1020 ordinum
878 954 998 1032 officia,
1014 953 1182 1018 institutio
1208 969 1292 1012 mento.
1403 948 1409 957 '

68 1058 326 1137 adolescentiae,
341 1062 422 1125 talia
449 1061 546 1143 plura
573 1071 663 1125 recte
690 1080 726 1124 se
752 1069 912 1125 tueantur
933 1061 965 1121 in
983 1059 1134 1134 veritate,
1148 1058 1181 1119 in

68 1165 205 1241 iustitia,
220 1165 254 1228 in
271 1165 430 1230 caritate:
446 1165 497 1228 his
514 1167 603 1228 enim
629 1167 779 1229 maxime
803 1165 1033 1229 fundamentis
1059 1163 1181 1246 pracsi-

67 1269 199 1351 diisque
225 1271 379 1334 civitatcs
407 1271 560 1335 nituntur
589 1291 628 1333 ac
661 1268 959 1352 vigent-Quae
989 1267 1185 1350 complexio

67 1376 232 1438 bonorum
261 1383 297 1438 ut
328 1375 418 1456 apud
451 1395 527 1460 vos·
542 1375 706 1439 habeatur
736 1374 847 1457 qualis
877 1374 1018 1437 clariore
1049 1382 1182 1454 patrum
1202 1361 1363 1478 sunm*

69 1481 231 1542 memoria
248 1478 320 1556 fuit,
336 1479 369 1543 id
387 1491 477 1542 certe
494 1478 673 1542 valiturum
690 1497 758 1542 non
777 1478 916 1542 minime
928 1489 988 1555 est,
1004 1476 1031 1539 si
1049 1476 1184 1558 pietatis
1210 1468 1357 1584 lemqibrgj

68 1581 203 1654 affectio
220 1603 298 1665 erga
315 1603 489 1647 romanam
509 1581 706 1659 Ecclesiam,
722 1583 820 1645 novis
837 1583 940 1646 veluti
957 1580 1125 1663 auspiciis,
1142 1578 1185 1642 ab
1208 1553 1363 1647 mm

68 1707 183 1751 eorum
206 1689 366 1771 exemplo
390 1689 610 1753 incitamenta
630 1687 751 1768 capiat.
776 1687 979 1770 Opportune
995 1686 1132 1768 quidem
1149 1685 1182 1746 in
1204 1666 1363 1778 ffffl‘jm'

68 1790 210 1873 publicis
230 1790 372 1874 gaudiis
388 1791 470 1855 illud
487 1792 589 1854 etiam
608 1791 772 1854 indictum
790 1792 956 1867 novimus,
972 1801 1009 1854 ut
1025 1787 1184 1853 honorifi-
1209 1791 1355 1890 ῗζῗῶᾭζ

67 1895 297 1959 centissimum
325 1895 491 1978 Stephani
515 1896 672 1959 diadema
699 1895 833 1959 insueta
848 1915 974 1978 pompa
990 1914 1049 1976 per
1065 1893 1181 1957 urbem
1209 1911 1345 2015 :remum

69 2007 264 2089 principem,
291 2009 334 2072 ad
362 2007 480 2072 Sedem
507 2007 722 2074 Comitiorum
746 2008 982 2085 dedicandam,
1006 2016 1098 2069 certa
1127 2004 1182 2068 dic
1205 2016 1361 2121 muggam

68 2109 253 2190 deferatur;
268 2111 351 2175 nihil
362 2113 488 2197 quippe
498 2132 573 2176 cum
584 2113 692 2194 gloria
703 2113 849 2176 nationis
862 2131 1046 2194 regumque
1056 2119 1182 2174 vestro·
1209 2134 1334 2180 Habsrur-

67 2237 141 2281 rum
158 2226 228 2282 tam
240 2227 293 2282 est
307 2237 511 2296 connexum,
527 2216 609 2282 nihil
626 2237 703 2281 cum
721 2229 812 2280 recta
828 2215 935 2280 civilis
953 2218 998 2279 rei
1017 2226 1181 2298 tempera·
1204 2206 1343 2312 {jssfffgm

66 2323 160 2385 tione
184 2333 254 2387 tam
280 2323 445 2404 congruit,
470 2343 571 2404 quam
599 2341 731 2386 sacrum
760 2321 842 2385 illud
869 2322 981 2402 regiae
1003 2321 1182 2404 potestatis
1207 2314 1361 2422 mm·

65 2425 206 2508 insigne.
225 2429 272 2491 Ar
288 2447 368 2493 vero
390 2448 450 2511 spe
473 2428 556 2493 libet
583 2445 798 2510 praesumere
825 2426 955 2508 duplex
980 2425 1182 2507 praestabile
1208 2432 1325 2479 tudinem.

66 2531 333 2597 emolumentum
362 2553 407 2596 ex
435 2532 492 2597 illa
515 2554 550 2596 re
577 2532 674 2596 facile
699 2532 872 2596 oriturum.
890 2530 1056 2607 Alterum,
1084 2539 1120 2595 ut
1148 2533 1181 2594 in

66 2636 242 2701 ordinibus
258 2647 360 2720 atque
377 2639 409 2700 in
428 2637 643 2701 multitudine
660 2657 701 2701 eo
725 2637 834 2717 magis
859 2645 1107 2698 sacramentum
1129 2634 1181 2700 fir·

67 2749 178 2804 metur
194 2738 348 2822 obsequii
364 2738 509 2823 fideique
526 2739 558 2802 in
576 2749 755 2822 augustam
774 2737 924 2801 Domum
938 2737 1181 2820 Habsburgen-

66 2862 148 2922 sem,
172 2863 259 2926 quae
286 2845 377 2907 idem
404 2844 573 2920 diadema,
597 2843 685 2907 ultro
716 2842 779 2904 sibi
811 2863 831 2904 a
855 2843 1038 2905 maioribus
1063 2844 1183 2907 vestris

65 2945 226 3024 delatum,
236 2948 278 3010 ad
292 2947 487 3012 felicitatem
499 2949 593 3029 regni
610 2955 773 3030 perpetuo
789 2945 911 3027 gessit;
926 2944 1080 3022 alterum,
1090 2948 1181 3029 quod

65 3059 117 3114 est
140 3050 238 3114 huius
263 3053 438 3134 propositi,
458 3061 494 3116 ut
510 3050 669 3134 copulata
685 3051 874 3114 recordatio
890 3051 1030 3115 intimae
1046 3062 1179 3133 patrum

63 3175 142 3219 cum
161 3153 333 3221 Cathedra
351 3156 440 3221 Petri
458 3154 725 3232 necessitudinis,
740 3173 828 3236 quae
844 3175 904 3235 per
919 3155 1030 3236 ipsum
1047 3155 1181 3238 pontili-

64 3259 137 3324 cale
153 3262 330 3325 donarium
348 3272 421 3326 rata
437 3271 621 3344 sanctaque
636 3259 761 3336 extitit,
782 3259 902 3322 iisdem
920 3259 1037 3323 vinclis
1053 3259 1182 3323 stabili-

64 3373 171 3428 tatem
189 3365 293 3429 add'at
309 3375 343 3428 et
360 3364 469 3428 robur.

110 3466 204 3534 Sciat
220 3478 332 3532 autem
350 3489 432 3551 gens
451 3468 692 3548 Hungarorum
710 3459 857 3544 illustris‘,
872 3467 1013 3529 omnino
1029 3487 1065 3530 se
1081 3486 1180 3549 posse
1218 3501 1360 3547 sermonu-

64 3592 105 3635 ac
117 3571 238 3635 debere
255 3573 446 3637 auctoritati
460 3580 493 3635 et
505 3571 635 3654 gratiae
647 3569 816 3634 confidere
828 3569 927 3635 Sedis
938 3569 1180 3652 Apostolicae:
1207 3560 1341 3678 {mg

64 3693 151 3758 quae
168 3695 229 3738 nec
245 3676 423 3741 immemor
439 3677 503 3740 erit
515 3693 663 3758 unquam
677 3694 786 3736 rerum
800 3674 845 3736 ab
856 3675 930 3756 ipsa
942 3695 1003 3757 pro
1013 3676 1180 3740 catholico
1206 3681 1321 3785 anqum

65 3779 202 3842 nomine
211 3780 380 3861 praeclare
390 3789 571 3862 gestarum,
581 3789 614 3841 et
628 3777 805 3858 pristinum
817 3797 896 3859 erga
906 3780 1014 3859 ipsam
1028 3781 1178 3845 animum
1206 3745 1239 3786 m
1249 3753 1265 3785 α
1278 3753 1317 3791 “r'

66 3880 298 3963 providentiae
313 3883 612 3964 indulgentiaeque
629 3881 801 3943 maternae
817 3881 948 3954 retinet,
961 3882 1126 3948 retinebit.
1137 3921 1181 3933 —

68 3984 243 4068 Quantum
261 3996 314 4052 est
330 3987 363 4051 in
388 3986 507 4064 Nobis,
532 3986 559 4048 si
584 3985 769 4068 quidquam
792 3983 903 4046 adhuc
928 3990 1038 4048 vestra
1063 4006 1181 4051 caussa
1207 4000 1340 4071 peram

69 4091 257 4154 curavimus
282 4101 316 4156 et
344 4089 526 4166 effecimus,
542 4110 582 4153 ea
599 4089 692 4153 Deus
709 4087 915 4170 perbenigne
931 4092 972 4150 ad
990 4110 1180 4157 successum
1207 4059 1343 4178 {effla

72 4194 190 4259 foveat.
208 4195 385 4278 Nobisque
413 4194 553 4258 consilio
578 4202 611 4256 et
633 4213 699 4275 ope
714 4213 775 4255 sua
791 4192 838 4254 sic
854 4192 954 4269 adsit,
969 4203 1005 4256 ut
1021 4193 1120 4261 liceat
1142 4219 1184 4262 eo
1208 4192 1318 4230 ‘mm’

72 4297 123 4362 vel
140 4299 286 4381 amplius
302 4298 488 4363 rationibus
505 4297 622 4361 vestris
639 4295 828 4379 gratificari.
846 4296 908 4359 Per
925 4296 1011 4360 hanc
1038 4319 1183 4380 praeser-

76 4401 137 4465 tim
154 4401 360 4468 saustitatem
379 4402 534 4485 respiciat
549 4399 610 4464 llle
620 4403 893 4483 praesentissimo
904 4402 1042 4466 numine
1055 4403 1184 4487 Regem
