3117 4859
369 381 420 430 un
447 381 619 432 unrrnrn
646 383 863 436 nccnnsrnn.
1105 370 1172 457 165

63 525 257 602 tentiarum,
273 536 310 591 ut
326 537 363 591 ut
379 537 537 592 extarent
550 529 685 592 divinae
701 529 843 609 litterae,
862 531 1003 596 omnino
1019 541 1092 596 erat
1107 532 1175 597 alio
1265 563 1294 610 ιφ

62 629 212 711 quodam
224 631 386 714 principio
401 653 494 715 opus.
523 633 562 696 ld
592 633 701 714 exigit
715 633 832 698 divina
858 635 1024 718 sapientia
1043 656 1173 719 :neque
1233 611 1326 726 ἦρξ’

63 732 155 799 enim
173 734 267 798 Deus
283 755 385 800 unam
400 757 472 800 esse
489 735 590 800 fidem
607 737 693 801 velle
705 739 828 818 potuit.
843 738 907 801 nisi
923 741 1175 804 conservandae
1197 777 1355 837 ,mu-m„

64 837 205 902 unitatis
221 839 386 904 rationem
402 841 586 922 quamdam
604 840 761 905 idoneam
788 842 991 925 providisset
1009 865 1016 909 ε
1033 843 1125 926 quod
1141 852 1175 908 et
1202 837 1344 944 ξιξιξιξξιξξῑ

63 960 180 1005 sacrae
196 941 329 1006 litterae
345 944 529 1026 perspicue,
545 953 582 1007 ut
599 964 681 1007 mox
698 945 820 1009 dicturi
836 966 963 1022 sumus,
973 945 1177 1030 significant.
1203 915 1354 1028 walter?

64 1045 168 1112 Certe
183 1045 315 1111 infinita
327 1047 393 1111 Dei
411 1047 564 1130 potentia
582 1047 663 1111 nulli
680 1058 731 1112 est
743 1049 857 1113 vincta
873 1049 925 1113 vel
942 1049 1106 1116 adstricta
1119 1051 1176 1126 rei,
1202 1016 1356 1123 llul‘sllllc

62 1151 248 1233 omniaque
264 1151 327 1215 sibi
347 1150 449 1215 habet
466 1151 626 1228 obnoxie,
643 1152 735 1216 velut
763 1152 996 1230 instrumenta,
1013 1154 1176 1235 parentia.
1202 1139 1316 1250 Ξῖιξζζξξ

61 1253 120 1317 De
135 1253 202 1317 isto
212 1253 313 1336 igitur
326 1254 493 1337 principio
505 1263 658 1332 externo,
668 1255 927 1336 dispiciendum,
942 1256 1115 1338 quodnam
1130 1275 1176 1318 ex
1204 1286 1315 1358 M„

61 1357 232 1434 omnibus,
255 1378 342 1442 quae
373 1367 486 1421 essent
516 1357 550 1420 in
568 1367 737 1439 potestate
766 1378 837 1434 sua,
853 1356 1009 1424 Christus
1040 1359 1177 1442 optarit.
1203 1347 1338 1468 ξἰξξξξζξξι,

62 1460 325 1545 Quamobrem
342 1471 477 1545 oportet
497 1462 669 1526 christiani
699 1463 847 1526 nominis
874 1483 1032 1527 revocare
1048 1462 1177 1545 cogita·
1204 1483 1255 1522 rus,
1266 1468 1317 1537 tri·

63 1565 159 1628 tione
175 1566 367 1649 primordia.
1203 1529 1301 1657 mil
1334 1645 1339 1654 Ι

110 1669 244 1733 Divinis
260 1679 384 1735 testata
400 1670 530 1748 litteris,
545 1672 734 1752 eademque
751 1672 855 1754 vulgo
871 1672 1008 1754 cognita
1030 1691 1178 1735 comme·
1204 1649 1338 1752 {fflssm

65 1792 247 1839 moramus.
276 1775 370 1838 lesus
387 1775 542 1840 Christus
570 1775 787 1840 divinitatem
803 1776 1020 1858 divinamque
1037 1774 1179 1858 legatio·
1205 1763 1359 1871 ιιιξιξξιξω

64 1897 145 1940 nem
162 1897 257 1942 suam
276 1878 512 1943 miraculorum
538 1881 661 1942 virtute
686 1880 886 1963 comprobat
903 1903 911 1943 ε
927 1880 1059 1943 erudire
1074 1879 1178 1943 verbo
1204 1883 1360 1990 zum&

65 1981 320 2046 multitudinem
337 1984 380 2046 ad
397 1983 554 2047 caelestia
575 1983 709 2060 insistit,
723 1984 932 2066 omninoque
948 1983 1041 2047 iubet
1058 1991 1095 2046 ut
1113 1983 1177 2046 sibi
1204 2004 1303 2064 singula

66 2083 153 2149 fides
168 2086 304 2150 docenti
318 2086 530 2169 adiungatur,
544 2087 623 2149 hinc
635 2087 803 2168 praemiis,
815 2085 907 2151 illinc
924 2088 1042 2169 poenis
1056 2105 1178 2170 propo·
1204 2062 1359 2180 ζιζῖιξξιξῗ

65 2189 141 2252 sitis
168 2191 382 2272 sempiternis
416 2214 422 2254 :
456 2189 501 2254 Si
525 2211 588 2253 non
608 2190 698 2268 facio
718 2201 814 2272 opera
840 2189 959 2253 Patris
982 2189 1056 2264 mei,
1082 2189 1180 2251 nolite
1205 2183 1346 2300 ξξιξξιξξξξι,

64 2294 191 2358 credere
207 2293 292 2358 mihi
302 2293 353 2376 (1).
367 2293 411 2358 si
424 2305 518 2376 opera
534 2315 596 2357 non
609 2295 763 2374 fecissem
780 2294 816 2357 in
826 2294 883 2371 eis,
893 2315 976 2376 quae
987 2313 1078 2356 nemo
1092 2293 1181 2355 alius
1205 2302 1245 2354 da.

60 2404 152 2487 ficit,
155 2411 321 2484 peccatum
339 2423 401 2465 non
413 2401 629 2484 haberem).
646 2402 685 2464 Si
703 2412 813 2465 autem
830 2403 925 2483 facio
940 2400 1080 2484 (opera),
1100 2410 1133 2463 et
1149 2399 1182 2463 si

66 2505 154 2571 mihi
178 2525 241 2569 non
273 2505 376 2568 vultis
395 2505 541 2581 «credere,
567 2505 714 2584 operibus
732 2505 851 2569 credite
860 2505 912 2587 (³).
936 2502 1179 2588 Quaecumque

66 2612 245 2695 praecipit,
258 2612 376 2675 eadem
393 2611 508 2674 omnia
524 2611 725 2674 auctoritate
741 2609 906 2692 praecipit
923 2633 930 2672 :
952 2610 985 2671 in
1004 2609 1176 2690 exigendo

67 2715 192 2779 mentis
212 2734 349 2778 assensu
368 2711 450 2777 nihil
467 2713 605 2795 excipit,
627 2713 709 2776 nihil
737 2713 889 2776 secernit.
915 2711 1044 2776 Eorum
1077 2711 1180 2793 igitur

67 2821 125 2902 qui
151 2819 263 2884 Iesum
291 2817 472 2895 audissent,
492 2817 519 2880 si
536 2817 677 2899 adipisci
702 2817 845 2880 salutem
874 2815 1008 2892 vellent,
1030 2812 1177 2878 officium

67 2927 132 2990 luit
149 2944 215 2989 non
233 2925 337 2987 modo
356 2923 546 2987 doctrinam
568 2921 640 2984 eius
665 2921 818 3002 accipere
834 2921 998 2994 universe,
1021 2919 1080 2982 sed
1105 2927 1180 2983 tota

68 3039 183 3096 mente
197 3026 352 3094 assentiri
366 3025 508 3110 singulis
530 3027 639 3101 rebus,
664 3044 748 3106 quas
764 3025 837 3106 ipse
853 3021 1049 3086 tradidisset
1066 3044 1073 3085 :
1096 3021 1179 3084 illud
1206 3015 1348 3134 ξξξξξξξξι

69 3136 160 3201 enim
176 3141 354 3217 repugnat,
366 3129 466 3194 fidem
483 3128 536 3192 vel
553 3149 621 3192 una
636 3129 670 3191 in
688 3149 722 3190 re
740 3147 808 3191 non
824 3126 977 3208 adhiberi
995 3125 1082 3189 Deo.
1207 3142 1238 3181 ro.

113 3239 250 3303 Maturo
276 3239 309 3299 in
337 3235 467 3300 caelum
494 3234 614 3310 reditu,
638 3251 705 3314 qua
727 3231 801 3313 ipse
826 3219 997 3312 potestate
1023 3229 1180 3292 missusa
1228 3246 1359 3290 lncoelum

1201 3304 1256 3362 jam
1268 3303 1358 3348 reditu·

70 3344 170 3407 Patre
200 3341 317 3417 suerat,
342 3338 460 3403 eadem
490 3337 594 3400 mittit
619 3335 818 3416 Apostolos,
846 3354 931 3415 quos
959 3350 1116 3415 spargere
1141 3351 1180 3394 ac
1207 3378 1258 3415 m,
1271 3363 1334 3422 Ap,

68 3447 289 3511 disseminare
305 3445 399 3507 iubet
421 3442 610 3506 doctrinam
636 3458 731 3503 suam
755 3439 872 3502 :Data
896 3445 945 3499 est
965 3435 1052 3499 milri
1073 3434 1180 3497 omnis
1206 3423 1323 3528 ξξξιξιξξ

61 3561 206 3630 potestas
222 3550 257 3613 in
272 3546 355 3611 caelo
364 3556 396 3610 ct
407 3546 441 3608 in
458 3555 554 3609 terra.
567 3543 599 3607 E
600 3553 693 3606 untes
702 3562 777 3624 crgo
791 3541 895 3605 docete
905 3560 1016 3603 omnes
1021 3547 1146 3622 gentes.
1155 3586 1176 3601 ..
1206 3541 1361 3659 ἴξιῖιξξξξ·

68 3655 223 3720 Ducentes
244 3673 295 3716 eos
317 3670 449 3715 servare
471 3649 592 3725 omneis,
612 3666 830 3729 quaecumque
848 3643 1010 3708 nrandavi
1026 3641 1118 3706 vobis
1128 3641 1180 3724 (⁴).
1206 3659 1351 3730 rispampi-

71 3759 187 3824 Salvos
207 3759 287 3835 fore,
312 3755 368 3839 qui
385 3753 564 3836 Apostolis
591 3753 793 3834 paruissent,
808 3749 866 3832 qui
883 3767 949 3811 non
980 3747 1181 3830 paruissent,
1206 3726 1345 3825 mm*

71 3863 287 3928 interituros:
306 3859 375 3939 Qui
393 3855 567 3921 crediderit
589 3853 816 3935 etbaptieatus
829 3851 951 3933 sumt,
966 3849 1156 3914 salvuserit
1169 3871 1181 3912 .·
1206 3839 1331 3957 ξἰξιξξξξι

71 3969 129 4047 qui
142 3988 217 4032 vero
229 3987 291 4029 nrm
307 3963 490 4039 crediderit,
514 3958 783 4023 condemnabitur
792 3957 844 4038 (5).
871 3956 1023 4038 Cumque
1038 3951 1120 4016 illud
1136 3949 1182 4014 sit
1205 3958 1360 4074 rme?

71 4071 302 4152 providentiae
320 4069 386 4133 Dei
403 4066 554 4130 maxime
570 4082 768 4143 congruens,
785 4069 822 4124 ut
835 4060 964 4124 muneri
981 4055 1179 4140 praesertim
1207 4091 1300 4122 sunm.

74 4191 196 4258 magno
212 4183 314 4257 atque
342 4169 522 4235 excellenti
540 4165 713 4249 praeficiat
741 4164 923 4240 neminem,
945 4161 1027 4244 quin
1055 4158 1182 4244 pariter

104 4338 123 4371 1.
142 4327 219 4378 ioan..
231 4335 259 4378 x,
271 4339 306 4383 37.
320 4348 350 4358 -
365 4337 386 4369 a
404 4322 582 4376 Ioan.,xv,a4
602 4342 631 4351 -
655 4331 675 4375 3„
695 4317 773 4367 loun,
784 4325 810 4368 x,
822 4317 857 4372 3⁸·
881 4339 911 4348 -
926 4329 949 4372 4.
966 4313 1067 4364 Marta,
1083 4319 1181 4363 xxvrn,

75 4392 186 4451 respuo
199 4417 229 4428 -
245 4407 265 4452 5.
284 4391 374 4444 Marc..
389 4399 446 4443 xvt,
460 4389 494 4434 1⁶.
