3117 4859
482 388 604 437 ruosx
631 388 883 440 nuntvrrcus.
1165 390 1238 459 349

164 535 215 586 67.
232 538 443 590 Epistol-n
457 540 501 590 ad
516 540 681 590 Aioisium
696 541 831 600 Marini,
847 540 889 590 de
906 541 1152 591 consociatione

128 626 399 689 presbyterorum
413 629 447 677 in
463 629 570 680 italia.
587 653 621 663 —
634 628 654 679 8
669 629 794 690 Aprilis
816 627 906 679 1897.
945 654 976 679 ..-.
1084 641 1150 695 pag.
1188 638 1242 691 270

166 724 281 781 Eximia
299 728 384 782 laude
393 727 650 783 extollit-Pontifex
661 728 897 797 Presbyterorum
909 728 1098 783 saecularium
1112 728 1141 783 in
1157 728 1241 784 ltalia

128 813 383 883 consociationem,
417 825 459 870 tot
491 816 600 872 fontem
634 817 785 885 bonorum,
804 816 890 885 eique
919 827 950 870 ut
980 816 1146 872 sacerdotes
1171 818 1241 873 dent

128 915 233 956 nomen
246 914 363 973 exoptat
373 918 433 970 270.
1146 959 1163 987 ,

162 1018 212 1069 68.
235 1021 445 1073 EPISTOLA
459 1022 502 1073 ad
516 1023 633 1073 Italiae
643 1023 830 1085 Episcopos,
842 1022 883 1073 de
897 1023 939 1072 iis
951 1033 1037 1083 quae
1050 1022 1170 1073 adver-

127 1119 183 1157 sus
194 1111 267 1169 pias
279 1112 470 1163 sodalitates
483 1124 503 1162 a
516 1113 607 1162 civili
622 1114 820 1163 auctoritate
832 1112 962 1161 sancita
974 1111 1122 1162 fuerunt.
1136 1136 1171 1146 -

128 1196 264 1259 lSSept.
284 1199 370 1250 1891.
1050 1211 1115 1264 pag.
1189 1209 1241 1264 273

165 1304 233 1359 Piae
246 1307 414 1363 sodalitates
435 1310 573 1378 sacrilege
587 1318 652 1362 sunt
674 1308 858 1363 facultatibus
871 1306 930 1361 suis
942 1306 1100 1374 fraudatae,
1108 1320 1171 1363 ‘nec
1179 1307 1241 1377 jam

128 1393 224 1447 valent
243 1394 426 1451 fundatorum
447 1414 563 1453 suorum
583 1396 741 1465 adimplere
764 1396 941 1450 voluntatem
962 1408 1023 1463 273.
1049 1424 1084 1435 -
1107 1396 1155 1450 Ne
1173 1412 1241 1449 vero

128 1482 326 1549 praesentibus
339 1486 424 1539 rebus
437 1486 551 1554 penitus
564 1485 714 1551 intereant,
729 1485 757 1539 S.
767 1483 1110 1552 Congregatioquaedarn
1121 1483 1159 1537 de
1171 1483 1242 1552 ipsis

128 1567 264 1625 decernit.
291 1579 317 1625 1⁰
343 1572 373 1626 Si
387 1574 581 1643 impediantur
599 1572 850 1628 confraternitates
871 1571 941 1642 quin
958 1572 1094 1640 operibus
1114 1572 1241 1627 caritatis

129 1666 240 1723 vacent,
253 1675 288 1712 ea
302 1670 397 1715 tamen
412 1677 500 1729 opera
508 1678 566 1715 non
580 1660 770 1715 intermittant
784 1675 858 1730 quae
866 1659 904 1713 ad
914 1658 1051 1728 pietatem
1064 1658 1241 1729 proximique

129 1745 358 1803 aedificationem
380 1758 512 1818 spectant
538 1749 675 1803 Divinum
688 1749 806 1816 cultum,
819 1756 849 1801 nt
862 1757 992 1815 possunt,
1005 1756 1166 1815 exerceant,
1179 1747 1240 1801 ilio·

129 1848 191 1887 rum
204 1835 404 1904 religiosorum
417 1838 548 1907 exemplo
558 1836 607 1907 qui
621 1836 805 1892 facultatibus
818 1834 877 1889 suis
896 1835 1020 1904 spoliati,
1032 1835 1121 1889 vitam
1143 1843 1240 1889 tamen

130 1923 290 1991 regularem
312 1934 427 1979 servant
442 1939 570 1993 273-274.
584 1954 619 1965 -
632 1932 661 1979 20
679 1925 748 1978 Non
764 1922 912 1993 negligant
935 1922 1103 1978 sodalitates
1116 1922 1240 1977 officium

131 2026 218 2079 grave
231 2012 307 2066 bona
321 2030 373 2067 sua
395 2014 493 2069 tuendi
508 2015 570 2081 ipsa
582 2014 609 2067 vi
630 2014 726 2081 legum
738 2009 936 2081 praesentium
953 2023 1015 2077 274.
1027 2040 1062 2049 —
1081 2018 1110 2079 3⁰
1123 2010 1155 2066 si
1167 2011 1242 2065 ultra

132 2099 224 2169 legem
250 2101 381 2169 spoliatio
404 2104 549 2174 procedat,
572 2103 622 2156 fiat
637 2101 708 2173 juris
734 2099 892 2155 vindicatio
915 2113 975 2167 274.
989 2128 1024 2138 -
1045 2106 1075 2165 4⁰
1087 2100 1242 2155 Serventur

131 2186 205 2241 titttli
218 2188 379 2244 dominium
401 2200 541 2247 testantes
555 2203 615 2256 274.
629 2221 665 2229 -
679 2196 706 2259 50
720 2190 773 2243 illa
783 2188 854 2257 juris
870 2186 1027 2242 vindicatio
1044 2188 1179 2242 addenda
1197 2198 1242 2242 est

131 2272 184 2343 ipsi
196 2276 376 2345 spoliationis
386 2277 575 2334 instrumento
589 2270 649 2345 274.
661 2308 694 2317 -
705 2278 812 2332 Curent
822 2274 969 2330 Ordinarii
979 2275 1051 2329 haec
1064 2274 1241 2345 praescripta

130 2364 298 2431 exequenda
317 2380 377 2431 274·

162 2479 214 2531 69.
230 2454 476 2535 DECRETUM
489 2485 530 2535 de
539 2484 685 2533 alumnis
697 2483 928 2552 institutorum
941 2482 1169 2543 religiosorum

128 2567 171 2617 ad
184 2570 236 2618 SS.
254 2571 391 2621 Ordines
404 2573 631 2622 admittendis.
656 2595 690 2605 -
710 2571 830 2620 4Nov.
851 2568 940 2619 1892.
1051 2580 1116 2634 pag.
1189 2576 1240 2633 275

166 2679 262 2747 Quum
282 2679 466 2737 incommoda
486 2682 624 2735 nonnulla
637 2680 730 2750 pariat
750 2678 966 2747 Religiosorum
988 2693 1123 2746 egressus
1147 2693 1165 2733 e
1189 2695 1242 2733 suo

131 2766 239 2821 Ordine
252 2768 297 2823 vel
312 2769 455 2837 instituto,
468 2770 496 2823 S.
514 2767 705 2838 congregatio
717 2766 777 2821 edit
795 2766 924 2832 decreta,
942 2782 960 2820 a
976 2782 1090 2819 summo
1104 2765 1243 2821 Pontifice

131 2856 300 2925 approbata,
324 2857 396 2911 1⁰de
418 2856 606 2912 admittendis
630 2855 668 2910 ad
682 2856 727 2909 Ss.
742 2854 869 2909 Ordines
891 2852 1016 2907 alumnis
1043 2854 1241 2909 institutorum

130 2954 261 2999 votorum
280 2944 461 3015 simplicium,
473 2956 501 3001 et
518 2945 715 3000 institutorum
728 2955 861 2998 votorum
885 2940 1060 3010 simplicium
1081 2958 1156 3011 quae
1168 2944 1242 2997 ultra

131 3031 283 3086 triennium
308 3044 375 3087 vota
400 3044 539 3103 perpetua
559 3033 692 3087 differunt
704 3043 736 3094 27
740 3031 823 3100 5·276
834 3050 842 3096 ;
854 3058 890 3068 —
908 3034 938 3081 20
949 3027 987 3082 de
999 3027 1122 3082 solemni
1134 3030 1242 3098 profes·

131 3119 212 3175 sione
224 3122 389 3190 emittenda,
410 3122 455 3175 vel
468 3122 505 3176 de
518 3120 641 3175 triennio
654 3120 683 3173 in
697 3118 772 3173 votis
791 3115 970 3186 simplicibus
996 3116 1160 3185 peragendo
1174 3126 1242 3176 ante

132 3208 360 3278 ordinationem,
373 3218 402 3265 et
422 3210 459 3263 de
474 3210 548 3263 votis
562 3207 757 3279 anticipandis
770 3206 842 3271 2763
866 3233 902 3243 -
927 3210 956 3272 3⁰
972 3204 1010 3258 de
1029 3202 1241 3271 Religiosorunt

130 3296 322 3366 expulsionee
335 3314 387 3352 suo
402 3297 512 3352 Ordine
525 3297 570 3351 vel
586 3298 720 3351 instituto
741 3295 859 3361 276·277
873 3312 880 3358 ;
902 3322 938 3331 —
959 3298 990 3357 40
1007 3291 1043 3345 de
1056 3290 1183 3359 ipsorum
1196 3308 1242 3347 su·

66 3376 68 3379 ’
130 3384 284 3452 spensione
297 3401 314 3439 a
328 3386 372 3440 Ss.
387 3386 544 3439 Ordinibus
559 3397 610 3451 277
624 3403 632 3449 ;
645 3414 680 3424 -
696 3389 722 3452 5⁰
748 3381 785 3436 de
807 3380 842 3435 iis
868 3380 917 3449 qui
939 3388 1005 3449 post
1018 3388 1168 3447 susceptos
1196 3381 1240 3436 Ss.

132 3471 257 3527 Ordines
279 3474 353 3528 votis
372 3472 552 3541 simplicibus
565 3472 652 3527 soluti
665 3480 731 3525 sunt
744 3468 863 3536 277·278
876 3487 884 3533 ;
902 3498 938 3507 -
956 3469 986 3522 60
998 3468 1034 3523 de
1047 3468 1150 3523 studiis
1162 3470 1240 3524 theo·

131 3559 230 3629 logicis
245 3561 388 3630 requisitis
402 3570 556 3630 antequam
570 3560 729 3629 Regulares
742 3554 864 3627 professi
878 3556 916 3609 ad
935 3556 979 3611 Ss.
994 3556 1119 3610 Ordines
1139 3556 1242 3612 admit·

131 3657 227 3702 tantur
241 3650 301 3713 278.

166 3757 219 3808 70.
237 3758 483 3810 DECRETUM
494 3771 560 3819 quo
570 3759 610 3809 de
619 3758 768 3808 alumnis
776 3756 994 3806 sodalitaturn
1002 3756 1172 3817 religiosa-

131 3858 206 3897 rum
221 3848 311 3897 civili
335 3848 476 3898 miiitiae
489 3847 643 3897 obnoxiis
656 3845 819 3894 nonnulla
840 3842 1121 3906 praescribuntur.
1136 3866 1172 3877 —

131 3934 378 3986 27Nov.1892.
1053 3942 1117 3995 pag.
1189 3939 1243 3994 279

168 4036 196 4091 S.
207 4035 409 4104 congregatio,
422 4035 459 4089 de
473 4032 676 4089 sodalitatibus
689 4031 831 4100 religiosis
853 4030 988 4097 sollicita,
1001 4028 1081 4086 haec'
1093 4030 1192 4085 statuit
1204 4032 1242 4087 de

131 4122 271 4191 religiosis
285 4122 404 4177 militiae
418 4122 495 4177 civili
508 4120 650 4176 obnoxiis:

171 4221 196 4263 1u
205 4212 261 4279 Qui
275 4212 312 4265 ad
333 4212 455 4281 primam
468 4208 645 4279 categoriam
659 4206 812 4277 pertinent,
831 4222 884 4260 nec
897 4204 991 4260 sciunt
1005 4222 1036 4259 se
1053 4203 1241 4274 militiaefore

132 4299 282 4367 immunes,
307 4317 365 4354 non
380 4308 499 4369 possunt
522 4298 558 4352 ad
573 4298 623 4352 sol.
640 4296 848 4366 professionem
860 4310 914 4348 nec
927 4292 965 4346 ad
984 4294 1029 4347 Ss.
1048 4293 1172 4347 Ordines
1191 4294 1241 4347 ad·

131 4387 205 4441 mitti
219 4398 285 4442 ante
294 4387 426 4442 militiam
441 4386 564 4441 activam
578 4385 722 4454 expletam
737 4395 797 4449 279.
