3117 4859
73 434 1188 687 nummugmumfflumuumfflfflqa

71 507 403 880 {El
292 620 499 699 INDEX
529 617 961 701 ANALYTICUS.
1131 531 1156 792 ΙΕ

712 798 1007 810 ···························
1014 795 1159 879 ωηιξη

107 952 132 1003 1.
149 947 359 999 EPISTOLA
379 946 423 997 ad
436 946 532 997 Card.
560 946 690 1009 Oreglla
711 948 927 999 portuensem
943 947 1050 1013 Epise.
1073 955 1114 1004 de

70 1038 313 1101 antiquitatum
326 1035 450 1085 studiis
462 1035 703 1096 promovendis.
716 1059 750 1069 —
763 1034 873 1086 4Dec.
889 1037 1017 1089 1894...
1031 1052 1097 1107 pag.
1172 1056 1182 1093 1

107 1140 243 1195 Testatur
256 1134 390 1189 Pontifex
402 1150 499 1189 curam
514 1134 567 1189 sibi
591 1151 705 1205 semper
716 1135 806 1190 fuisse
818 1135 854 1191 de
875 1138 980 1193 divinis
993 1140 1187 1214 humanisque

69 1226 199 1283 scientiis
219 1221 424 1294 promovendis
447 1237 468 1276 1.
494 1252 530 1261 -
552 1222 763 1292 Antiquitatum
786 1225 882 1279 studia
904 1227 1024 1282 multum
1046 1232 1186 1299 prodesse

69 1313 209 1381 scientiis,
222 1312 309 1367 etiam
322 1309 421 1378 sacris,
434 1310 552 1379 exponit
568 1325 590 1365 1.
601 1340 636 1349 -
649 1312 719 1380 Qua
731 1311 827 1366 studia
840 1323 871 1368 ut
878 1312 907 1367 in
919 1314 1050 1385 Collegio
1064 1319 1185 1374 Urbano

70 1411 300 1472 promoveantur,
313 1398 442 1453 decernit
450 1398 479 1452 in
488 1397 608 1468 praemia
616 1397 737 1453 eruditis
750 1399 932 1456 attribuenda
944 1394 1031 1458 aurea
1042 1414 1070 1459 et
1084 1422 1185 1476 argen-

70 1501 119 1546 tea
131 1489 315 1553 numismata,
327 1487 391 1555 lege
400 1486 447 1539 hic
460 1484 580 1540 definita
593 1501 617 1539 2.

107 1624 136 1673 2.
159 1621 369 1672 EPISTOLA
390 1622 433 1671 ad
463 1621 611 1671 Brasiltae
633 1622 820 1683 Episcopos,
842 1622 883 1672 de
910 1627 1053 1685 pecunia
1078 1629 1113 1677 tn

69 1712 100 1761 S.
117 1712 209 1761 Sedis
221 1709 409 1761 subsidium
428 1708 637 1759 conferenda.
653 1708 813 1759 —6Dec.
829 1709 920 1760 1894.
1030 1726 1095 1780 pag.
1169 1727 1184 1780 3

108 1829 278 1897 Opportune
292 1824 407 1880 Fideles
421 1826 644 1896 perpetrr‘anam
656 1827 756 1901 stipem
766 1827 939 1883 subveniunt
950 1830 1093 1900 Pontifici,
1106 1831 1182 1901 priu-

69 1915 168 1985 cipatu
182 1914 258 1969 civili
271 1913 326 1984 ipsi
341 1930 392 1983 per
403 1912 461 1966 vim
472 1924 570 1982 erepto
585 1928 608 1982 3.
619 1942 653 1951 —
667 1912 801 1967 Pluribus
814 1915 843 1968 iu
857 1915 919 1970 dies
933 1917 1079 1972 laboribus
1092 1918 1184 1975 inten-

68 2015 125 2070 tus,
143 2018 243 2071 preces
265 2002 302 2056 ab
315 2002 458 2081 omnibus
469 2017 596 2071 opesque
609 2000 680 2071 petit
700 2001 842 2070 Pontifex,
858 2003 1028 2059 nominatim
1041 2022 1059 2060 a
1072 2006 1185 2076 populis

70 2090 213 2144 Brasiliae
226 2103 280 2156 3·4.

106 2223 360 2275 3.EPIS'1'OLA
373 2223 416 2273 ed
431 2223 584 2285 archiep.
611 2224 902 2283 Tarraconensem,
918 2226 959 2275 de
980 2239 1015 2275 re
1035 2228 1113 2276 reli-

69 2313 161 2375 giosa
181 2316 212 2363 et
225 2313 317 2363 civili
331 2314 366 2361 ln
382 2311 555 2372 Hispania.
581 2336 614 2345 -
628 2310 667 2360 10
682 2312 758 2360 Dec.
776 2312 866 2362 1894.
1028 2326 1093 2379 pag.
1168 2324 1181 2380 5

107 2422 153 2476 De
166 2429 270 2491 quarto
282 2419 489 2474 catholicorum
506 2428 648 2473 conventu
661 2419 784 2474 feliciter
795 2429 862 2474 acto
875 2421 997 2476 laetatur
1011 2422 1143 2476 Pontifex
1158 2435 1181 2492 5.

69 2538 104 2547 -
121 2509 227 2563 lterum
248 2507 398 2563 catholicis
411 2507 537 2561 inculcat
560 2506 733 2576 obsequium
744 2506 779 2561 iis
793 2510 999 2578 praestandum
1020 2511 1068 2579 qui
1090 2510 1182 2580 publi-

68 2612 135 2651 cam
148 2614 210 2651 rem
224 2595 424 2651 administrant
440 2606 462 2665 5.
476 2626 511 2635 —
526 2595 694 2651 Cavendum
707 2610 744 2650 ne
757 2595 904 2665 religionis
916 2598 1043 2652 rationes
1055 2598 1180 2669 politicis

68 2685 253 2753 implicentur
260 2683 463 2739 controversiis
473 2697 495 2753 5.
505 2712 539 2723 -
549 2686 625 2737 Tum
634 2682 754 2750 clericis,
764 2693 825 2738 tum
838 2685 920 2739 laicis
929 2687 1064 2755 proponit
1076 2685 1182 2755 agendi

67 2787 202 2825 normam
221 2772 271 2840 5·6.
286 2800 321 2810 -
338 2771 537 2840 Reprehendit
550 2788 600 2826 eos
621 2770 670 2841 qui
683 2771 762 2825 haud
775 2782 855 2827 recte
876 2789 908 2827 se
920 2773 1060 2829 adversus
1075 2775 1182 2829 Sedem

67 2858 268 2930 Apostolicam
290 2869 400 2929 gerunt,
419 2868 447 2913 et
469 2860 573 2915 uberes
596 2876 629 2914 ex
643 2860 703 2913 suis
723 2860 842 2914 monitis
863 2860 971 2915 fructus
990 2872 1181 2931 proventuros

67 2946 187 3003 confidit
200 2948 225 3002 6.

105 3082 136 3131 4.
152 3081 361 3133 EPISTOLA
371 3079 624 3138 ENGYCLICA,
637 3092 705 3140 qua
713 3081 910 3131 institutum
924 3082 979 3135 «A
989 3093 1110 3143 propa-

65 3171 200 3233 gatione
212 3171 291 3220 fidel
308 3174 324 3222 b
339 3170 470 3220 fovetur
482 3172 514 3218 et
527 3169 788 3218 commendatur.
799 3194 833 3203 —
853 3168 897 3218 24
913 3170 987 3219 Deo.
1001 3168 1084 3219 1894

1024 3268 1089 3323 1³³8·
1164 3263 1179 3315 7

103 3356 241 3412 Veritatis
263 3372 314 3426 pet
335 3356 434 3411 orbem
456 3354 661 3410 diffundendae
684 3354 914 3410 studiosissimus
936 3354 1068 3409 Pontifex
1095 3356 1180 3410 lusti·

66 3454 160 3500 tutum
185 3461 203 3499 a
229 3443 440 3513 Propagatione
466 3441 548 3496 Fidei
569 3441 742 3512 jampridem
762 3442 911 3496 Fidelibus
929 3442 1085 3496 fovendum
1103 3459 1179 3497 corn-

67 3532 224 3599 mendavit,
238 3532 313 3586 datis
332 3530 435 3585 litteris
451 3529 607 3599 encyclicis
616 3530 725 3583 Sancta
734 3530 793 3583 Dei
805 3530 918 3584 Civitas
927 3544 950 3595 7.
964 3560 998 3569 -
1010 3531 1179 3585 Graviorem

62 3624 126 3694 jam
150 3619 277 3675 Instituti
297 3620 485 3690 promovendi
507 3620 626 3673 subesse
651 3618 854 3674 necessitatem
879 3618 1007 3688 exponit,
1032 3636 1120 3687 quum
1142 3621 1180 3675 ad

68 3708 151 3764 Fidei
164 3708 305 3763 unitatem
326 3717 427 3777 gentes
439 3708 527 3761 modo
547 3707 609 3777 ipse
622 3705 793 3774 incitaverit,
814 3706 1062 3777 Orientaliumque
1081 3708 1180 3762 Eccle-

66 3797 136 3864 sias,
156 3804 269 3850 servata
289 3811 389 3849 earum
402 3794 566 3864 disciplina,
590 3795 739 3847 Romanae
761 3794 912 3849 Ecclesiae
925 3793 1102 3863 conjungere
1122 3806 1180 3848 stu·

67 3884 145 3951 dent,
158 3900 213 3953 ope
226 3883 325 3937 divina
338 3883 423 3937 simul
436 3892 465 3937 et
477 3883 604 3936 humana
617 3882 706 3935 fretus
720 3882 774 3947 7-8.
790 3912 826 3920 -
844 3882 918 3935 Rem
931 3879 986 3935 sibi
999 3882 1090 3935 multo
1104 3898 1179 3935 sum-

66 3971 130 4043 ptui
140 3970 200 4025 fote
214 3970 338 4025 ostendit
350 3970 406 4037 8·9.
420 3998 454 4009 -
470 3968 607 4024 Subsidia
620 3984 638 4023 a
650 3969 767 4023 laudato
783 3969 921 4023 Instituto
943 3968 1015 4038 petit
1028 3988 1035 4034 ;
1055 3968 1180 4038 ideoque

66 4057 162 4127 ipsum
183 4057 368 4112 commendat
382 4056 541 4112 Catholicis
561 4071 675 4111 necnon
695 4056 862 4111 institutum
879 4074 899 4109 a
917 4055 1030 4110 Scholis
1050 4054 1181 4110 Orientis

65 4147 147 4215 larga
160 4145 235 4216 stipe
247 4145 469 4201 sustentandum
482 4159 507 4213 9.
519 4174 553 4184 ——
568 4144 731 4214 Episcopos
743 4144 874 4197 hortatur
886 4154 916 4197 ut
927 4143 1180 4198 Consociationem

66 4250 85 4288 a
108 4233 320 4303 Propagatione
333 4233 416 4289 Fidei
437 4243 536 4289 curent
556 4232 629 4286 inter
647 4231 763 4285 Fideles
785 4230 926 4286 latissime
951 4231 1179 4299 diffundendam,

67 4320 198 4390 exposita
220 4321 349 4391 ejusdem
362 4320 539 4392 praestantia
561 4318 701 4389 laetisque
721 4318 859 4375 fructibus
872 4334 896 4388 9.
918 4350 954 4359 -
975 4318 1113 4375 Divinum
1126 4318 1179 4375 inr-

67 4408 162 4480 plorat
175 4407 312 4465 auxilium
324 4418 353 4465 et
362 4408 507 4466 benedicit
520 4420 593 4479 9-10.
