3117 4859
384 373 436 422 ΑΙ)
463 372 568 422 eruar
597 372 800 423 unrrnrnu
828 371 1084 423 conone-arro.
1210 349 1275 418 281

1367 459 1397 492 20

172 548 281 610 neque
306 527 495 591 dissociatis
519 527 692 610 utriusque
718 526 913 601 rationibus,
937 519 1080 590 reddant
1096 525 1184 589 cives
1199 543 1282 606 quae
1339 505 1431 623 'ff

170 642 249 696 sunt
266 630 426 709 Caesaris,
445 631 588 709 Caesari,
602 640 777 714 quaesunt
792 629 865 707 Dei,
880 631 957 693 Deo.

216 736 326 801 Simili
353 739 457 802 modo
479 755 641 819 magnum
658 735 779 799 unitati
796 736 973 798 discrimen
991 735 1035 798 ab
1050 754 1089 798 ea
1106 734 1280 797 hominum
1386 758 1460 823 Mag-

171 850 262 903 secta
289 840 472 922 impendet,
495 859 583 922 quae
606 838 799 901 Massonica
822 838 1024 913 nominatur,
1039 838 1133 901 cuius
1151 836 1282 899 funesta
1308 838 1460 937 mm.

171 950 221 1011 vis
250 950 404 1012 nationes
428 947 624 1031 praesertim
653 946 835 1010 catholicas
860 948 985 1010 iamdiu
1003 946 1134 1029 premit.
1150 946 1281 1009 Turbu-
1309 955 1424 1002 meruim-

172 1054 339 1117 lentorum
355 1062 546 1135 temporum
563 1060 666 1116 nacta
679 1050 840 1129 savorem,
855 1051 1046 1133 viribusque
1062 1060 1096 1113 et
1112 1049 1232 1132 opibus
1249 1057 1282 1111 et
1303 1020 1462 1133 {ffizw

171 1183 325 1227 successu
351 1161 565 1238 insolescens,
591 1159 806 1224 dominatum
832 1179 930 1223 suum
960 1158 1088 1222 firmius
1114 1158 1281 1221 constabi-
1308 1150 1462 1264 meg&

171 1267 238 1343 lire,
261 1266 429 1349 latiusque
444 1284 632 1347 propagare
648 1284 783 1328 summa
799 1284 863 1345 ope
879 1264 1061 1327 contendit.
1080 1263 1220 1344 Iamque
1236 1280 1280 1323 ex
1300 1282 1416 1345 Junzper

171 1371 298 1433 latebra
325 1379 359 1435 et
384 1369 514 1433 insidiis
541 1369 575 1432 in
599 1368 707 1431 lucem
724 1368 835 1449 erupit
851 1366 1034 1442 civitatum,
1050 1376 1152 1448 atque
1168 1367 1201 1428 in
1219 1365 1281 1427 hac
1307 1353 1438 1477 mx}

172 1474 266 1539 Urbe
291 1476 374 1555 ipsa,
398 1472 556 1536 catholici
581 1473 727 1536 nominis
755 1473 914 1555 principe,
939 1473 1034 1555 quasi
1064 1471 1129 1535 Dei
1157 1489 1280 1534 numen
1307 1485 1389 1536 satur,

170 1579 370 1643 lacessitura'
390 1578 551 1641 consedit.
576 1577 677 1658 Quod
695 1598 774 1641 vero
790 1577 1120 1641 calamitosissimum
1137 1584 1197 1651 est,
1211 1574 1281 1638 ubi-

169 1702 314 1765 cumque
337 1681 516 1763 vestigium
534 1681 657 1763 posuit,
671 1682 718 1743 ibi
736 1682 769 1744 in
787 1700 905 1745 omnes
918 1700 990 1744 sese
1007 1680 1142 1743 ordines
1158 1678 1192 1741 in
1210 1698 1282 1741 om·

168 1792 293 1874 niaque
324 1790 479 1853 instituta
511 1788 715 1871 reipublicae
744 1789 852 1866 insert,
883 1790 910 1852 si
942 1788 1080 1851 tandem
1113 1805 1280 1851 summam

168 1900 412 1980 arbitriumque
438 1897 600 1961 obtineat.
629 1896 967 1963 Calamitosissimum
984 1896 1019 1959 id
1036 1896 1194 1977 quidem:
1210 1896 1280 1959 eius

168 2012 258 2075 enim
287 2007 467 2073 manifesta
493 2019 544 2072 est
569 2026 673 2089 quum
701 2007 899 2089 opinionum
917 2007 1065 2089 pravitas
1082 2016 1154 2070 tum
1172 2006 1279 2069 consi·

168 2113 288 2177 liorum
316 2111 475 2195 nequitia.
499 2111 563 2173 Per
578 2110 723 2192 speciem
740 2110 933 2173 vindicandi
950 2110 1029 2172 iuris
1046 2110 1183 2173 humani
1200 2109 1278 2173 civi·

168 2218 277 2299 lisque
292 2216 463 2280 societatis
478 2216 729 2290 instaurandae,
744 2214 964 2279 christianum
979 2234 1101 2277 nomen
1113 2212 1278 2278 hostiliter
1304 2262 1393 2295 noman

169 2328 275 2407 petit:
301 2325 462 2389 traditam
479 2344 499 2388 a
518 2324 594 2387 Deo
610 2324 800 2389 doctrinam
817 2325 990 2406 repudiat:
1008 2322 1118 2387 officia
1134 2324 1278 2405 pietatis,
1304 2310 1452 2426 ξέζέζξζηί

169 2430 282 2494 divina
309 2439 529 2505 sacramenta,
556 2429 640 2493 tales
659 2450 710 2492 res
734 2430 955 2511 augustiores,
972 2440 1145 2510 tamquam
1164 2447 1277 2510 super·
1305 2443 1429 2492 modoim·

168 2533 300 2597 stitiosa
316 2535 506 2615 vituperat:
522 2534 565 2596 de
581 2532 807 2610 matrimoni0,
824 2533 866 2596 de
882 2531 1018 2606 familia,
1030 2533 1072 2595 de
1085 2530 1278 2595 adolescen-
1300 2516 1429 2573 pugnans,

169 2644 255 2706 tium
279 2643 501 2719 institutione,
525 2642 568 2704 de
593 2642 725 2723 priuata
747 2641 840 2705 omni
869 2650 903 2704 et
931 2641 1064 2723 publica
1092 2641 1279 2723 disciplina,

168 2752 386 2845 christianam
404 2750 547 2813 formam
564 2750 740 2814 detrahere
754 2750 883 2828 nititur,
895 2770 1099 2832 omnemque
1111 2750 1279 2814 humanae
1305 2776 1432 2825 turrianus

168 2866 203 2919 et
229 2856 364 2919 divinae
390 2854 569 2936 potestatis
584 2854 806 2917 reverentiam
824 2874 867 2917 ex
885 2854 999 2917 animo
1015 2853 1156 2917 evellere
1172 2873 1278 2934 popu·
1304 2842 1457 2957 mildi·

168 2961 287 3024 lorum.
300 2958 467 3040 Praecipit
482 2979 561 3021 vero
577 2957 754 3022 colendam
771 2958 900 3021 homini
914 2978 986 3022 esse
1000 2967 1164 3035 naturam,
1177 2966 1279 3039 atque
1305 2970 1457 3037 versanspo-

166 3066 267 3130 huius
294 3066 393 3129 unius
408 3065 582 3147 principiis
598 3066 767 3130 aestimari
789 3086 827 3127 ac
845 3065 943 3147 dirigi
962 3067 1147 3143 veritatem,
1175 3064 1278 3129 hone·
1306 3044 1457 3167 mma

168 3186 303 3254 statem,
323 3173 485 3238 iustitiam
511 3182 677 3255 oportere.
702 3172 780 3256 Quo
800 3183 910 3257 pacm,
927 3174 974 3237 uti
993 3176 1203 3255 perspicuum
1221 3181 1281 3247 est,
1306 3168 1447 3283 iiim·

167 3283 383 3367 compellitur
408 3284 512 3347 homo
538 3282 582 3345 ad
612 3301 720 3347 mores
744 3282 812 3345 fere
828 3284 983 3364 vitaeque
999 3283 1279 3347 consuetudinem
1306 3305 1342 3349 ra.

167 3392 388 3469 ethnicorum,
412 3410 556 3472 eamque
574 3388 808 3471 multiplicatis
825 3390 990 3453 illecebris
1008 3390 1223 3453 vitiosiorem.
1238 3424 1281 3437 -

169 3498 245 3560 Hac
272 3498 315 3561 de
347 3516 390 3574 re,
416 3513 622 3578 quamquam
650 3493 733 3556 alias
758 3514 778 3555 a
805 3494 913 3558 Nobis
940 3493 1204 3577 gravissimeque
1230 3501 1281 3556 est

166 3605 307 3681 dictum,
322 3602 525 3685 Apostolica
543 3610 657 3664 tamen
675 3599 850 3683 vigilantia
867 3601 1067 3664 adducimur
1086 3602 1118 3665 in
1136 3602 1226 3666 idern
1245 3616 1281 3669 ut
1306 3564 1458 3681 dammi]

167 3707 372 3789 insistamus,
397 3711 498 3775 etiam
527 3718 629 3791 atque
653 3708 754 3770 etiam
772 3717 959 3785 monentes,
975 3710 1008 3771 in
1025 3719 1096 3773 tarn
1114 3715 1280 3793 praesenti
1304 3698 1438 3827 iiam

167 3817 315 3899 periculo
342 3815 452 3879 nullas
479 3836 552 3879 esse
579 3818 754 3881 cautiones
784 3826 907 3895 tantas,
936 3820 1016 3902 quin
1048 3823 1281 3903 suscipiendae

167 3927 236 3988 sint
263 3925 416 3988 maiores.
444 3924 604 3990 Clemens
633 3926 809 4007 prohibeat
838 3928 932 3990 Deus
961 3928 1087 3994 nefaria
1119 3932 1280 3997 consilia:
1348 3976 1459 4039 Nefaria

168 4031 292 4094 sentiat
308 4039 422 4092 tamen
440 4040 542 4112 atque
559 4030 726 4112 intelligat
739 4032 884 4113 populus
894 4033 1107 4113 christianus,
1117 4036 1280 4119 indignis·
1306 4044 1388 4106 ipsius
1397 4058 1450 4091 con-

167 4142 291 4205 simum
316 4151 428 4204 sectae
453 4141 568 4223 iugum
594 4142 837 4206 excutiendum
865 4142 1048 4226 aliquando
1069 4166 1162 4210 esse:
1178 4168 1279 4212 cxcu-
1303 4108 1449 4239 wrm

168 4246 321 4329 tiantque
331 4246 475 4322 enixius,
484 4247 541 4327 qui
553 4247 669 4309 durius
685 4258 892 4328 premuntur,
906 4248 982 4312 Itali
993 4257 1026 4312 et
1038 4248 1136 4315 Galli.
1148 4250 1279 4334 Quibus
1298 4242 1443 4353 ls'‘{².‘''¹i“‘

170 4351 280 4430 armis,
292 4370 359 4433 qua
376 4350 508 4414 ratione
523 4350 557 4413 id
575 4352 696 4414 rectius
712 4354 852 4433 possint,
869 4353 935 4416 iam
955 4354 1027 4416 Nos
1044 4354 1109 4436 ipsi
1121 4358 1278 4419 demons-
1304 4319 1456 4417 :inffa-
