3117 4859
242 1237 272 1282 19
547 1191 798 1242 PTATISsmaE
820 1177 854 1240 in
872 1197 939 1241 una
964 1177 1030 1244 fide
1057 1177 1340 1242 reconciliationis
1355 1199 1464 1244 earum
1557 1156 1558 1239 ,

195 1283 321 1400 ''ff''
356 1185 544 1490 ῗόἶ
567 1284 827 1366 gentium,quae
838 1301 859 1344 a
871 1303 1010 1346 romana
1024 1283 1177 1347 Ecclesia
1193 1293 1302 1346 matre
1318 1303 1387 1347 non
1405 1303 1466 1346 uno

567 1399 720 1468 tempore
747 1405 809 1448 nec
836 1405 902 1449 una
929 1388 972 1450 de
998 1405 1118 1450 caussa
1140 1397 1362 1464 secesserunt,
1385 1407 1465 1450 noua

210 1451 334 1568 miii
356 1493 506 1562 mm
565 1490 821 1576 quodammodo
839 1490 872 1552 N
875 1511 914 1553 os
930 1511 1053 1573 ponere
1070 1493 1166 1555 initia
1181 1506 1215 1554 et
1230 1493 1332 1574 plena
1348 1495 1462 1556 carita·

201 1573 333 1676 sriiirfiz
357 1605 401 1669 tis
416 1602 598 1666 admovere
614 1595 846 1671 invitamenta,
862 1595 929 1658 iarn
945 1597 1025 1660 inde
1047 1595 1091 1658 ab
1114 1596 1300 1678 apostolica
1326 1597 1464 1681 epistola

210 1688 333 1794 zm}
357 1705 548 1780 Praeclara,
573 1699 724 1764 studiose
750 1699 997 1763 contendimus.
1011 1737 1056 1748 —
1072 1700 1129 1762 Ad
1147 1720 1216 1762 rem
1232 1702 1374 1782 quidem
1396 1719 1465 1764 eam

179 1808 331 1912 fitam·
357 1830 473 1874 sumus
487 1805 645 1890 aggressi,
662 1822 758 1884 quae,
774 1812 812 1866 ut
827 1801 910 1865 alias
927 1805 1132 1881 monuimus,
1146 1805 1294 1868 diuturni
1310 1806 1357 1868 sit
1380 1804 1464 1867 labo·

178 1925 332 1996 inualedi·
357 1915 504 1996 riosique
530 1907 650 1993 operis,
665 1908 855 1988 eademque
879 1907 1034 1971 utilitatis
1050 1928 1117 1971 non
1135 1909 1182 1970 ita
1197 1910 1358 1990 proxime
1373 1927 1462 1972 even·

179 1986 331 2092 immid
356 2027 461 2083 turae.
477 2015 526 2078 At
542 2031 631 2090 vero,
647 2024 778 2092 praeter
794 2019 961 2074 summam
979 2011 1114 2075 divinae
1129 2013 1203 2093 opis
1220 2011 1380 2076 fiduciam
1404 2033 1464 2096 qua

358 2123 509 2188 maxime
540 2125 779 2191 sustentamur,
803 2117 933 2196 optima
958 2134 1113 2198 quaeque
1136 2127 1214 2180 sunt
1241 2115 1352 2180 Nobis
1377 2119 1464 2182 adiu-

358 2237 473 2291 menta
489 2225 522 2286 in
539 2222 573 2285 id
590 2220 760 2302 quaesita;
777 2219 810 2281 in
827 2219 1013 2302 primisque
1029 2221 1136 2283 visum
1154 2231 1205 2283 est
1227 2239 1289 2302 pro
1303 2224 1464 2302 gravitate

356 2343 390 2396 et
403 2325 626 2412 amplitudine
635 2342 773 2387 caussae
783 2333 1023 2405 opportunum,
1034 2323 1163 2407 aliquot
1175 2344 1221 2387 ex
1232 2324 1367 2389 dilectis
1379 2325 1465 2388 Filiis

357 2433 492 2498 Nostris
505 2429 538 2496 S.
552 2429 593 2492 R.
606 2427 646 2491 E.
658 2425 897 2492 Cardinalibus
912 2429 945 2490 in
962 2429 1236 2492 communionem
1252 2428 1462 2492 consiliorum

357 2537 550 2602 adsciscere.
566 2532 669 2595 Tales
684 2548 802 2612 reapse
818 2532 991 2594 institutas
1005 2535 1096 2614 apud
1113 2532 1187 2596 Nos
1205 2535 1465 2615 congressiones,

356 2639 523 2725 principio
553 2638 596 2700 ad
628 2635 774 2698 rationes
810 2635 1025 2698 ecclesiarum
1063 2637 1278 2700 orientalium
1316 2647 1464 2720 spectare

357 2745 541 2820 voluimus;
557 2739 751 2824 placuitque
762 2747 941 2820 propterea
953 2740 1119 2803 advocare
1130 2750 1165 2805 et
1180 2742 1297 2805 audire
1312 2761 1463 2823 praesen·

357 2859 408 2914 tes
424 2843 644 2912 Venerabiles
661 2861 796 2925 quoque
812 2843 956 2921 Fratres,
971 2845 1166 2908 earumdem
1183 2848 1361 2910 nationum
1377 2848 1464 2911 vario

356 2955 422 3017 ritu
450 2950 671 3015 Patriarchas.
699 2948 753 3010 Ita
779 2945 906 3010 lactum
935 2948 1083 3026 feliciter,
1106 2960 1144 3013 ut
1165 2952 1334 3033 quaedam
1359 2971 1462 3016 rernm

356 3059 469 3139 capita
491 3057 559 3119 sint
575 3073 595 3116 a
614 3050 732 3128 Nobis,
758 3051 852 3113 edita
873 3049 965 3115 haud
988 3054 1096 3117 multo
1120 3069 1199 3117 ante
1226 3055 1462 3120 constitutione

359 3159 582 3228 Orientalium
596 3156 746 3238 dignitas
759 3155 975 3234 ecclesiarum,
990 3156 1130 3220 delinita
1145 3170 1179 3221 et
1194 3159 1351 3224 decreta:
1373 3179 1464 3243 quae,

355 3266 492 3330 tametsi
520 3281 639 3346 perse
665 3261 708 3324 ad
737 3270 883 3323 veterem
915 3262 1157 3325 catholicorum
1188 3263 1378 3346 legitimam
1409 3283 1462 3347 per

357 3369 533 3436 Orientem
549 3365 763 3447 disciplinam
787 3365 1052 3428 conservandam
1076 3367 1306 3449 tuendamque
1328 3369 1462 3452 propius

356 3475 536 3558 pertinent,
559 3489 667 3553 aeque
690 3478 804 3531 tamen
829 3452 957 3531 unitati
973 3470 1048 3532 aliis
1071 3471 1105 3533 in
1137 3471 1295 3552 gentibus
1322 3475 1461 3536 redinte-

209 3619 331 3664 ΛΜΝ
357 3581 507 3662 grandae
522 3594 621 3658 posse
636 3575 825 3636 conducere
842 3572 1057 3638 manifestum
1073 3586 1134 3640 est.
1148 3613 1192 3624 -
1209 3576 1366 3640 Iamvero
1378 3578 1462 3640 hunc

190 3679 332 3783 rimi&
358 3684 431 3747 Nos
447 3683 593 3766 primum
610 3685 806 3761 reputantes
832 3677 989 3740 initarnm
1013 3681 1288 3760 congressionum
1312 3682 1462 3753 lructum

229 3811 274 3842 ven
308 3811 331 3842 m
357 3787 474 3871 eisque
490 3785 727 3849 continuandis
744 3782 849 3863 probe
873 3782 1099 3864 intelligentes
1121 3795 1285 3866 quantum
1310 3783 1461 3868 praesidii

205 3861 331 3961 §iiiiii
358 3893 400 3954 ad
417 3901 545 3954 ceteras
561 3890 664 3951 etiam
680 3887 930 3969 propositorum
947 3900 1059 3968 partes
1075 3890 1145 3951 iure
1163 3890 1262 3953 liceat
1284 3887 1461 3971 expectari,

239 3975 329 4027 ''im‘''
357 3996 482 4059 idcirco
508 3994 706 4058 induximus
732 3992 885 4054 animum
912 3991 994 4053 illud
1020 3993 1194 4072 providere
1217 4005 1254 4058 ut
1273 3989 1460 4056 huiusmodi

356 4100 550 4163 institutum
582 4098 721 4160 certiore
752 4097 901 4178 quodam
932 4105 1033 4178 pacto
1069 4101 1228 4180 certaque
1264 4096 1459 4169 constantia,

292 4261 295 4270 .
356 4205 518 4288 quamdiu
535 4205 608 4285 ipsa
624 4199 845 4283 postulaverit
861 4220 923 4278 res,
938 4216 1134 4283 permaneat
1150 4205 1330 4285 vigeatque
1349 4219 1460 4266 secun·

356 4312 438 4385 dum
455 4325 536 4382 vota
552 4316 704 4401 perutile.
