3117 4859
332 368 406 437 340
688 366 813 417 INDEX
841 364 1093 415 ANALYTICUS.

335 472 470 478 ——n
493 472 651 479 ———.—-.

364 524 413 572 41.
425 491 667 575 aar-ocurro
679 524 721 573 aa
730 522 1045 573 curiomonaster
1054 520 1162 573 urnis
1177 520 1350 571 -221111,

329 611 421 664 1894.
1291 620 1355 673 pag.
1394 618 1450 672 229

364 710 503 777 Pontifex,
517 710 680 780 Episcopus
694 712 852 779 Romanus,
863 709 1027 765 sacerdotes
1040 708 1140 764 laudat
1152 720 1353 779 cooperatores
1365 728 1444 775 suos,

327 800 365 854 ob
377 817 476 853 eorum
490 799 517 852 in
532 799 667 853 obeundo
680 815 762 853 sacro
774 814 892 853 munere
905 796 1030 851 studium
1044 816 1052 859 ς
1069 796 1253 867 ipsorumque
1275 798 1440 853 mercedem

327 885 356 940 in
369 886 450 940 coelo
463 886 611 956 copiosam
625 886 769 939 ominatur
781 899 841 953 229.
857 914 891 924 -
905 884 1015 939 Laudat
1029 883 1144 939 Fideles
1161 901 1295 939 unacum
1315 886 1441 953 pastori·

327 975 380 1029 bus
388 974 558 1044 obsequium
574 974 603 1029 S.
617 972 683 1029 Sedi
697 984 877 1041 praestantes
891 988 951 1041 ²²9·
964 1000 995 1011 -
1007 974 1131 1029 Paterno
1142 972 1245 1029 aflectu
1259 974 1336 1028 dolet
1351 990 1445 1043 popu-

327 1062 386 1116 lum
400 1078 549 1116 romanum
563 1071 606 1115 tot
616 1077 694 1115 nunc
706 1060 827 1130 deprimi
848 1060 931 1115 malis
945 1070 1009 1127 post
1031 1060 1196 1116 diuturnam
1216 1060 1438 1130 prosperitatem

327 1163 392 1215 230.
404 1175 440 1185 -
454 1145 574 1201 Utinam
593 1148 668 1202 illius
680 1148 854 1202 calamitatis
867 1164 968 1203 causas
981 1164 1125 1219 quaenam
1139 1146 1195 1201 sint
1215 1164 1316 1201 omnes
1339 1146 1445 1201 intelli-

326 1243 404 1302 gant,
417 1232 640 1304 confugiantque
656 1234 694 1287 ad
715 1234 896 1301 Religionem
909 1244 937 1289 et
951 1250 1094 1289 summum
1113 1234 1261 1288 Pastorem
1276 1233 1439 1287 animarum

328 1334 388 1387 230.
398 1350 431 1359 -
447 1320 590 1374 Memorat
605 1320 762 1375 Pontifexa
775 1338 806 1377 se
819 1332 944 1376 erectam
956 1322 983 1375 S.
996 1321 1134 1376 Familiae
1144 1321 1400 1385 consociationem,
1410 1331 1444 1374 ut

327 1422 455 1477 peream
470 1407 629 1477 Religionis
642 1424 728 1471 sensu
741 1408 838 1477 populi
853 1410 1018 1462 imbuantur
1030 1422 1090 1475 230.
1104 1437 1140 1447 —
1152 1408 1273 1463 Sodales
1287 1407 1443 1463 adstantes

327 1494 365 1549 ad
378 1496 473 1565 legum
486 1494 710 1550 consociationis
720 1497 882 1550 custodiam
898 1498 1028 1551 hortatur
1041 1510 1104 1565 231.

363 1612 416 1662 42.
434 1611 656 1662 LITTERAE
681 1612 974 1664 APOSTOLICAE
992 1612 1032 1663 de
1051 1613 1227 1664 Canonlcls
1246 1613 1352 1663 hono-

327 1700 551 1751 rantis—29
570 1700 758 1751 dan.1894.
1288 1712 1352 1765 pag.
1391 1708 1448 1765 232

364 1803 458 1871 Saepe
471 1803 533 1857 visa
541 1813 607 1863 sunt
617 1803 725 1871 optime
737 1801 867 1857 instituta
880 1803 909 1855 in
922 1802 1056 1868 deterius,
1064 1802 1186 1857 decursu
1200 1800 1349 1869 temporis,
1357 1801 1443 1856 abire

328 1904 388 1957 232.
399 1918 435 1928 -
447 1889 660 1944 Canonicorum
669 1890 829 1960 collegiain
839 1907 924 1961 quern
935 1890 1021 1946 finem
1031 1900 1130 1945 exorta
1139 1887 1197 1944 sint
1213 1889 1342 1944 Pontifex
1355 1904 1448 1957 expo-

328 1979 378 2032 nit.
391 1977 486 2046 Ipsius
498 1978 624 2032 nominis
636 1978 694 2032 vim
704 1977 848 2048 expendit,
858 1989 887 2033 et
896 1978 1108 2033 Canonicorum
1121 1978 1200 2032 varia
1211 1994 1329 2033 munera
1343 1977 1447 2032 recolit

329 2080 388 2134 232.
402 2096 438 2105 -
451 2066 567 2120 Nostris
577 2065 755 2135 temporibus
774 2068 856 2122 multi
875 2077 1057 2121 autumantes
1075 2066 1286 2121 Canonicorum
1305 2064 1445 2134 dignitati

328 2155 437 2208 nullum
458 2173 530 2209 onus
552 2172 618 2209 esse
634 2155 811 2226 adjunctum,
833 2170 956 2225 eamque
975 2153 1150 2223 omittentes,
1163 2171 1237 2226 quae
1259 2154 1445 2209 sacerdotem

329 2243 411 2296 decet
431 2243 632 2310 humilitatem,
645 2244 761 2298 student
776 2242 824 2297 illo
837 2243 920 2299 titulo
939 2244 1016 2313 apud
1037 2242 1190 2298 Antistites
1211 2253 1343 2297 externos
1362 2243 1446 2297 nullo

330 2348 382 2385 suo
394 2331 496 2385 merito
513 2332 610 2401 augeri
624 2345 750 2399 232-233.
765 2360 800 2369 -
811 2333 889 2385 Talis
902 2331 995 2385 honor
1007 2330 1049 2385 eis
1062 2330 1109 2401 qui
1124 2330 1203 2400 digni
1218 2331 1285 2397 sint,
1294 2346 1446 2384 reservan-

330 2420 384 2473 dus
400 2434 459 2488 233.
474 2450 510 2459 -
532 2420 597 2473 Hac
618 2420 654 2473 de
667 2437 698 2473 re
710 2430 797 2474 antea
810 2436 861 2489 per
878 2421 906 2475 S.
922 2420 1026 2487 Congr.
1040 2418 1161 2473 Concilii
1180 2420 1291 2475 monita
1311 2416 1447 2473 Pontifex

330 2508 409 2565 dedit
422 2530 430 2574 ;
441 2508 501 2578 jam
519 2525 585 2561 vero
595 2509 710 2575 gravius
722 2509 787 2561 illos
800 2509 907 2563 abusus
920 2507 1084 2579 conquestis
1100 2506 1266 2576 Episcopis,
1281 2506 1382 2561 statuit
1400 2522 1450 2560 su-

331 2613 430 2664 prema
443 2596 686 2649 suaauctoritate:
704 2596 809 2665 1⁰quid
818 2595 991 2650 servandum
1004 2593 1040 2650 sit
1050 2596 1088 2648 ab
1099 2594 1256 2665 Episcopo,
1266 2594 1450 2649 sacerdotem

331 2686 443 2740 alienae
463 2684 631 2739 dioeceseos
647 2686 818 2740 canonicum
840 2685 1040 2752 nominaturo;
1063 2690 1092 2737 20
1106 2685 1184 2753 Quot
1196 2682 1263 2753 eligi
1282 2682 1393 2753 possint
1412 2700 1453 2738 ex

332 2773 425 2827 aliena
443 2773 568 2827 dioecesi
581 2793 587 2838 ;
606 2780 634 2842 3⁰
648 2774 759 2843 Quibus
774 2776 804 2828 in
823 2775 902 2842 locis,
917 2773 1077 2843 insignibus
1090 2772 1130 2827 uti
1144 2772 1186 2827 eis
1200 2772 1293 2827 liceat.
1308 2771 1451 2827 Deseruit

331 2867 362 2924 4⁰
374 2859 446 2913 haec
459 2860 601 2915 servanda
613 2862 700 2915 etiam
713 2879 731 2915 a
744 2860 900 2915 Canonicis
910 2861 971 2931 jam
985 2860 1147 2915 nominatis.
1162 2859 1359 2913 Praesentium
1374 2858 1455 2914 litte·

333 2965 427 3002 rarum
442 2949 498 3001 vim
511 2949 613 3003 asserit
627 2964 754 3017 233-234.

369 3057 422 3106 43.
443 3056 651 3108 EPISTOLA
664 3058 706 3106 ad
731 3058 932 3117 Episcopum
952 3056 1164 3106 Leodlonsem
1178 3054 1219 3104 de
1235 3055 1358 3117 opinet-

333 3146 716 3195 bussollleltum.—26
736 3146 830 3195 Febr.
852 3144 968 3196 1894...
1295 3154 1359 3209 pag.
1398 3152 1456 3207 235

369 3248 502 3299 Testatur
524 3246 655 3300 Pontifex
676 3244 760 3299 valde
781 3256 957 3315 opportunas
979 3244 1068 3299 fuisse
1088 3245 1209 3299 Litteras
1230 3244 1267 3299 ab
1294 3242 1447 3313 Episcopo

333 3334 417 3387 datas
429 3335 467 3388 ad
479 3333 672 3402 extinguenda
685 3334 807 3388 dissidia
816 3332 893 3387 circa
906 3332 1039 3402 opiticum
1053 3332 1247 3387 conditionem
1257 3342 1319 3386 orta
1335 3345 1367 3400 23
1373 3344 1399 3399 5.
1413 3360 1453 3369 —

334 3423 500 3476 Praesulern
511 3422 618 3489 laudat,
637 3438 764 3491 ovesque
776 3419 831 3491 ipsi
845 3420 969 3475 creditas
988 3420 1098 3474 Pastori
1113 3436 1164 3475 suo
1178 3420 1364 3473 obsecuturae
1376 3434 1452 3473 con·

334 3506 397 3561 fidit
410 3520 470 3575 235.
483 3537 519 3546 —
532 3508 616 3560 illum
629 3506 797 3561 adhortatur
809 3516 839 3560 ut
853 3507 880 3560 S.
896 3506 979 3560 Sedis
999 3506 1171 3561 documenta
1190 3504 1338 3559 Fidelibus
1356 3501 1455 3558 incul-

334 3610 400 3647 care
414 3605 513 3663 pergat
527 3609 542 3647 2
545 3607 605 3663 352
609 3596 652 3663 36.

369 3711 425 3759 44.
440 3713 648 3763 EPISTOLA
666 3712 710 3762 ad
729 3712 823 3763 card.
841 3710 1005 3769 Goossens,
1022 3710 1119 3760 Aron.
1137 3708 1354 3759 Mechltnlan·

335 3812 403 3849 sem
423 3801 464 3849 de
484 3802 637 3851 instituto
656 3804 774 3863 philos.
802 3802 1008 3850 Louanlensl.
1031 3824 1067 3834 -
1089 3798 1109 3859 7,
1133 3800 1247 3849 Martii
1265 3796 1359 3847 1894.

1295 3898 1359 3952 Pssg·
1399 3894 1457 3949 237

371 3986 485 4041 Gaudet
501 3988 632 4043 Pontifex
643 3990 792 4044 conditum
805 4007 869 4045 esse
884 3989 1002 4045 Lovanii
1022 3988 1184 4045 institutum
1201 3988 1451 4059 philosophicum,

335 4084 420 4126 antea
430 4074 487 4142 jam
500 4092 518 4127 a
530 4092 562 4129 se
574 4078 792 4145 comprobatum
804 4092 864 4145 237.
876 4108 909 4117 -
926 4078 1048 4132 Multum
1062 4076 1155 4131 laudis
1164 4093 1241 4131 exeo
1256 4074 1455 4130 Universitati

335 4162 462 4227 accedet,
475 4180 541 4217 cum
554 4164 734 4234 philosophia
753 4164 911 4219 christiana
926 4182 1025 4220 sacrae
1040 4165 1190 4219 doctrinae
1203 4164 1336 4233 adjutrix,
1354 4178 1388 4217 ac
1403 4178 1453 4217 ce-

337 4248 413 4317 teris,
435 4252 608 4307 moderatrix
630 4254 755 4307 assideat
781 4267 841 4321 237.
864 4282 897 4291 —
923 4254 1012 4307 Recte
1032 4255 1127 4308 valent
1147 4251 1342 4323 philosophari
1357 4252 1407 4322 qui
1422 4252 1454 4307 in

338 4336 579 4393 scholasticorum
592 4339 743 4408 disciplina
757 4341 806 4394 diu
816 4340 994 4408 multumque
1005 4339 1062 4393 sint
1070 4338 1174 4393 versati
1185 4352 1245 4406 237.
1254 4366 1288 4375 -—
1299 4338 1455 4393 Generosa
