3117 4859
211 380 262 429 os
289 377 506 431 anacrrous
532 376 769 430 oroscssrunr
796 377 838 428 ru
867 363 1053 430 erastum.
1134 360 1181 448 63

88 531 143 593 erit
156 526 367 593 difficultates
379 528 549 609 expedire,
561 526 688 589 diluere
698 536 757 591 aut
773 544 983 607 componere.
995 525 1047 589 Ea
1059 528 1183 609 pariter
1218 600 1262 639 ΑΡ
1274 554 1304 599 ²7

87 636 149 697 sive
162 634 203 699 ad
219 634 299 709 iura,
315 633 385 697 sive
400 632 443 696 ad
469 630 593 708 munia,
604 631 674 695 sive
690 630 733 695 ad
750 650 803 694 res
818 629 941 695 intuitu
957 632 1183 697 ecclesiastico
1247 600 1352 717 :illm

86 737 286 819 pertinentia,
296 753 383 819 quae
393 734 427 798 in
437 736 606 819 praesenti
617 734 744 798 Nostra
756 733 1007 800 Constitutione
1022 754 1183 818 expressa
1203 772 1322 828 pemm-

87 859 146 903 non
160 850 245 919 sunt,
259 839 424 918 volumus,
439 839 530 921 quod
556 838 653 901 iuxta
672 836 860 902 catholicae
872 837 1045 903 Ecclesiae
1059 838 1182 906 doctri·
1210 832 1362 892 ''diffisi‘-

84 962 155 1007 nam
179 944 315 1027 eiusque
342 943 556 1026 disciplinam
581 942 626 1006 ab
653 939 855 1025 Apostolica
882 941 972 1007 Sede
999 945 1181 1011 admissam
1208 896 1363 1016 lloluallll:

84 1046 269 1127 regulariter
283 1046 399 1111 haberi
415 1055 450 1110 et
480 1044 630 1109 exerceri
645 1044 803 1123 debeant,
817 1054 920 1127 atque
946 1046 1181 1114 administrari.
1201 1026 1325 1145 {22:⁸⁰⁶
1405 1030 1409 1034 ¹

85 1147 230 1215 Tandem
243 1151 271 1213 si
288 1170 449 1214 novarum
467 1148 681 1214 Dioecesium
694 1148 831 1225 bonum,
843 1158 901 1213 aut
911 1149 1046 1231 publica
1055 1152 1183 1215 utilitas
1302 1180 1305 1185 ·

83 1253 172 1319 aliam
200 1273 323 1317 novam
348 1254 383 1316 in
405 1263 579 1337 posterum
604 1253 721 1334 exigat
744 1252 1098 1336 circumscriptionem,
1125 1266 1183 1321 aut
1246 1262 1335 1340 saera

82 1356 219 1438 aliquam
235 1356 490 1433 detractionem,
504 1355 598 1419 nulla
614 1356 716 1419 etiam
736 1355 869 1419 adiecta
885 1357 1074 1422 territoriali
1091 1380 1181 1423 corn·
1209 1328 1351 1443 ffiffl„

82 1463 278 1543 pensatione,
290 1462 324 1525 id
337 1460 519 1545 peragendi
532 1462 668 1543 plenam
689 1470 723 1525 et
739 1459 880 1525 liberam
897 1461 1006 1527 Nobis
1022 1474 1056 1527 et
1071 1464 1181 1530 eidem
1208 1459 1273 1536 “,52
1291 1460 1363 1537 Μ’

83 1567 292 1649 Apostolicae
323 1565 404 1631 Sedi
431 1585 638 1630 reservamus
666 1564 870 1629 facultatem.
897 1566 994 1631 Haec
1017 1568 1182 1650 volumus,
1208 1523 1320 1639 lm

82 1672 249 1735 statuimus
266 1678 370 1752 atque
393 1670 571 1748 sancimus,
586 1669 805 1732 decernentes
828 1678 1022 1752 praesentes
1038 1672 1181 1737 Nostras
1208 1662 1360 1771 muz

82 1773 216 1840 Litteras
234 1784 268 1839 et
281 1776 313 1838 in
331 1775 379 1838 eis
395 1781 555 1839 contenta
566 1792 809 1859 quaecumque,
825 1771 919 1836 nullo
934 1794 1083 1857 unquam
1095 1786 1181 1841 tem·
1208 1739 1361 1836 terrulam

81 1897 154 1961 pore
168 1898 213 1943 ex
229 1896 443 1961 quocumque
455 1876 628 1959 capite,vel
641 1876 758 1959 quavis
775 1894 819 1939 ex
836 1895 953 1941 caussa
964 1880 1181 1959 quantumvis
1208 1851 1336 1980 2³22ssssss

84 1982 221 2061 iuridica,
232 1982 384 2065 legitima
398 1991 432 2045 et
457 1980 677 2065 privilegiata,
700 1980 803 2045 etiam
820 2000 864 2043 ex
879 2000 922 2045 eo
937 1981 1028 2063 quod
1044 2002 1182 2046 caussae
1211 1980 1342 2041 Pompeis

85 2095 212 2169 propter
227 2105 313 2169 quas
340 2086 526 2168 praemissa,
538 2084 653 2150 omnia
679 2093 889 2160 emanarunt,
906 2084 1084 2161 adductae,
1098 2087 1181 2149 veri·
1208 2052 1361 2177 litum!

84 2184 203 2265 licatae,
217 2199 254 2253 et
268 2186 468 2252 iustificatae
478 2206 544 2251 non
555 2187 688 2265 fuerint,
703 2187 746 2251 de
761 2186 987 2269 subreptionis
997 2188 1049 2251 vel
1062 2190 1182 2273 obrep·
1208 2176 1357 2291 mesas·

81 2295 171 2361 tionis
186 2306 245 2362 aut
262 2297 426 2361 nullitatis
441 2297 532 2371 vitio,
547 2316 605 2360 seu
631 2296 829 2360 intentionis
851 2296 1005 2373 Nostrae,
1025 2309 1084 2361 aut
1100 2320 1181 2382 quo·
1208 2307 1278 2356 sium
1311 2308 1360 2387 fir-

83 2397 154 2465 libet
169 2401 237 2465 alio
252 2400 475 2477 substantiali,
490 2400 819 2478 substantialissimo,
834 2418 876 2465 ac
885 2400 1065 2483 specialem
1083 2412 1118 2466 et
1133 2403 1181 2467 in·
1203 2388 1326 2502 {iffi

80 2503 245 2569 dividuam
263 2505 469 2569 mentionem
501 2513 536 2570 et
550 2504 804 2585 expressionem
833 2504 1022 2587 requirente
1037 2507 1181 2586 delectu,
1202 2510 1329 2569 metu·

79 2626 130 2672 seu
145 2610 244 2673 etiam
260 2629 305 2673 ex
317 2628 359 2673 eo
373 2608 465 2691 quod
478 2609 511 2671 in
523 2608 723 2690 praemissis,
739 2628 924 2691 eorumque
935 2607 1049 2693 aliquo
1058 2612 1180 2676 solem·
1239 2672 1274 2720 H
1315 2670 1339 2719 1‘

80 2710 193 2776 nitates
209 2722 244 2775 et
258 2712 398 2794 quaevis
425 2711 492 2774 alia
518 2711 683 2775 servanda
698 2718 732 2777 et
748 2711 975 2791 adimplenda,
990 2725 1122 2780 servata
1145 2727 1179 2782 et
1205 2686 1298 2794 tem?
1312 2678 1359 2793 fil:

79 2814 256 2898 adimpleta
288 2834 354 2879 non
384 2815 516 2891 luerint,
545 2823 604 2877 aut
634 2834 680 2877 ex
710 2833 924 2898 quocumque
962 2817 1029 2880 alio
1059 2820 1179 2901 capite,
1206 2816 1359 2915 ΕἭΖ

79 2916 188 2996 colore,
202 2918 255 2983 vel
271 2926 464 3000 praetextu,
488 2917 622 2999 aliaque
636 2918 766 2981 ratione
782 2916 833 2993 vel
860 2937 987 2997 caussa,
1002 2921 1103 2984 etiam
1120 2922 1179 2986 tali
1205 2930 1258 2992 dae,

79 3037 156 3101 quae
170 3023 212 3086 ad
230 3020 389 3086 effectum
406 3020 590 3085 validitatis
614 3021 808 3085 earumdem
824 3023 1054 3103 praesentium
1068 3044 1181 3087 neces·

79 3126 158 3190 sario
168 3126 254 3191 soret
271 3127 509 3208 exprimenda,
523 3124 642 3203 notari,
660 3125 862 3207 impugnari,
877 3126 1062 3204 invalidari,
1080 3129 1113 3190 in
1131 3128 1182 3191 ius

80 3228 124 3291 vel
132 3232 392 3297 controversiam
402 3232 587 3308 vocari,aut
598 3230 741 3309 adviam
753 3239 786 3293 et
797 3230 960 3295 terminos
970 3232 1050 3295 iuris
1059 3232 1183 3310 reduci,

78 3351 129 3397 seu
141 3336 297 3400 adversus
313 3334 388 3398 illas
404 3336 640 3418 quodcumque
656 3335 736 3398 iuris
751 3333 803 3397 vel
814 3328 967 3412 factive}
979 3337 1108 3419 gratiae
1123 3346 1182 3403 aut

78 3434 215 3503 iustitiae
230 3439 417 3521 remedium
434 3438 615 3521 impetrari,
631 3437 684 3501 vel
701 3438 804 3501 etiam
823 3438 921 3502 Motu
939 3441 1011 3521 pari
1021 3460 1181 3508 concesso

79 3548 108 3603 et
121 3541 298 3625 impetrato
314 3542 509 3625 quempiam
526 3542 575 3606 uti
594 3562 652 3605 seu
669 3561 706 3605 se
722 3541 828 3605 iuvari
844 3544 990 3624 possein
1007 3543 1132 3609 iudicio
1146 3556 1181 3611 et

79 3654 167 3710 extra
187 3647 278 3727 illud,
300 3666 340 3711 ac
356 3647 492 3710 easdem
520 3654 714 3729 praesentes
729 3646 793 3727 sub
821 3645 994 3729 quibusvis
1011 3646 1181 3728 similium,

79 3749 123 3810 vel
144 3750 356 3815 dissimilium
378 3750 562 3832 gratiarum
590 3749 868 3827 revocationibus,
896 3752 1181 3833 suspensionibus,

79 3849 334 3931 limitationibus,
350 3853 636 3935 derogationibus,
662 3852 813 3931 autlaliis
837 3855 1013 3929 contrariis
1038 3857 1180 3939 disposi-

80 3954 215 4022 tionibus
229 3978 290 4041 per
300 3977 535 4041 quascumque
550 3957 679 4023 litteras
694 3967 730 4022 et
751 3958 1012 4025 constitutiones
1032 3959 1181 4043 Aposto-

80 4056 162 4139 licas,
173 4072 230 4125 aut
246 4060 476 4126 Cancellariae
492 4058 712 4142 Apostolicae
729 4059 862 4142 regulas
878 4061 997 4139 editas,
1009 4061 1063 4125 vel
1078 4064 1181 4126 eden-

82 4160 134 4225 das
149 4164 284 4253 ¹minime
309 4164 549 4248 comprehendi
564 4163 616 4228 vel
649 4162 821 4242 conlundi,
846 4184 905 4228 seu
920 4164 1180 4247 comprehensas

82 4274 132 4329 aut
145 4268 298 4349 confusas
313 4268 383 4332 ullo
399 4268 501 4332 modo
510 4269 646 4347 censeri,
661 4268 721 4333 sed
737 4287 871 4350 semper
883 4268 927 4332 ab
941 4269 1006 4331 illis
1022 4268 1181 4350 excipiet

83 4370 203 4450 quoties
218 4373 301 4436 illae.
310 4372 526 4450 emanabunt,
537 4372 637 4436 toties
649 4372 684 4435 in
698 4372 875 4456 pristinum
889 4381 923 4436 et
934 4370 1180 4442 validissImum
