3117 4859
434 395 485 445 DE
512 396 676 447 ROSARlO
704 398 876 449 MARIALl.
1141 398 1211 467 293

104 572 163 625 est.
180 562 348 641 Ceterum,
369 572 544 645 praesente
570 564 644 646 ipsa
668 572 707 626 et=
729 572 914 645 spectante,
945 563 1098 627 divinum
1130 560 1212 625 illud

103 665 301 731 sacrificium
319 678 391 732 erat
406 666 662 745 conficiendum,
678 667 732 730 cui
748 667 920 731 victimam
940 668 983 731 dc
999 687 1035 731 se
1050 685 1213 751 generosa

103 768 231 834 aluerat
250 792 258 847 ;
274 771 365 854 quod
381 772 416 835 in
432 772 559 835 eisdem
577 770 745 854 mysteriis
770 780 977 854 postremum
1002 770 1213 853 flebiliusque

100 872 316 939 obversatur:
330 874 441 939 stabat
462 875 557 939 iuxta
583 874 716 941 Crucem
738 874 825 937 Iesu
848 874 970 938 Maria
996 874 1114 938 Mater
1134 873 1213 948 eius,

101 998 189 1061 quae
212 989 304 1043 tacta
329 979 363 1043 in
394 999 457 1044 nos
481 980 618 1044 caritate
643 980 809 1043 immensa
837 988 874 1043 ut
904 980 1088 1060 susciperet
1118 974 1213 1055 tilios,

102 1082 269 1147 Filium
259 1104 334 1167 rpsa
359 1102 457 1149 suum
483 1082 572 1148 ultro
597 1083 720 1147 obtulit
748 1084 898 1147 iustitiae
919 1083 1062 1159 divinae,
1078 1100 1154 1145 cum
1171 1100 1213 1144 eo

101 1192 326 1257 commoriens
342 1191 452 1268 corde,
467 1189 592 1254 doloris
607 1189 722 1271 gladio
738 1186 969 1253 transfixa.-
981 1188 1021 1251 ln
1046 1186 1266 1288 mysteriisal

101 1293 246 1376 denique
262 1306 428 1359 GLORIAE
442 1313 529 1378 quac
562 1304 821 1375 consequuntur,
836 1292 925 1357 idem
943 1290 1212 1373 magnaeVirgi·
1238 1245 1350 1355 ulmae.

102 1399 152 1461 nis
177 1398 457 1481 benignissimum
485 1418 606 1463 munus
641 1395 868 1475 confirmatur,
906 1398 1038 1480 reipsa
1069 1395 1211 1459 uberius.

102 1500 254 1567 Gloriam
272 1502 349 1567 Filii
365 1504 408 1568 de
432 1514 540 1569 morte
555 1502 796 1587 triumphantis
823 1502 856 1565 in
883 1502 986 1566 tacita
1001 1499 1129 1564 delibat
1145 1498 1211 1562 lae-

101 1606 202 1670 titia:
223 1608 320 1671 sedes
350 1617 465 1671 autem
496 1629 634 1691 superas
667 1616 876 1689 repetentem
905 1614 1058 1668 materno
1089 1601 1211 1667 affectu

102 1712 389 1794 prosequitur3at,
404 1712 498 1777 caelo
518 1714 632 1797 digna,
658 1712 828 1777 detinetur
851 1712 884 1773 in
908 1709 1013 1785 terris,
1029 1708 1212 1773 exorientis

102 1816 275 1881 Ecclesiae
286 1817 429 1882 solatrix
444 1820 574 1902 optima
586 1830 620 1883 et
637 1819 806 1901 magistra,
821 1836 903 1900 quae
909 1814 1212 1899 profundissimam

100 1918 237 1982 diuinae
258 1921 446 2003 sapientiae,
461 1922 551 1987 ultra
566 1943 666 2004 quam
682 1920 772 2010 credi
786 1919 904 1995 ualeat,
919 1918 1111 2002 penetravit
1120 1916 1212 1997 abys-

100 2044 173 2087 sum
184 2026 236 2107 (¹).
253 2023 423 2108 Quoniam
440 2048 518 2091 vero
529 2027 698 2090 humanae
708 2024 949 2107 redemptionis
961 2032 1209 2086 sacramentum

102 2146 168 2191 non
185 2138 266 2192 ante
282 2128 467 2213 petlectum
484 2131 547 2195 erit
562 2150 664 2214 quam
682 2129 866 2212 promissus
897 2148 917 2190 a
945 2126 1080 2193 Christo
1105 2123 1210 2208 Spiri-

104 2241 156 2296 tus
173 2232 321 2298 Sanctus
336 2234 518 2311 advenerit,
533 2233 641 2315 ipsam
658 2234 781 2297 idcirco
812 2233 846 2296 in
875 2231 1013 2295 memori
1040 2229 1211 2297 Cenaculo

102 2336 379 2418 contemplamur,
385 2337 441 2400 ubi
454 2336 553 2402 simul
564 2358 641 2401 curn
652 2336 829 2419 Apostolis
842 2357 903 2418 pro
916 2334 1210 2418 eisquepostulans

103 2439 316 2504 inenarrabili
365 2442 506 2523 gemitu,
555 2442 704 2505 eiusdem
745 2437 900 2505 Paracliti
948 2439 1209 2521 amplitudinem

103 2556 250 2608 maturat
267 2532 449 2624 Ecclesiae,
471 2564 666 2627 supremum
695 2544 821 2610 Christi
851 2546 989 2622 donum,
1013 2530 1208 2607 thesaurum

101 2646 192 2710 nullo
231 2658 383 2731 tempore
421 2648 639 2713 deiecturum.
672 2649 740 2715 Sed
772 2649 945 2713 cumulato
979 2657 1209 2732 perpetuoque

101 2769 237 2815 munere
253 2772 407 2816 caussam
432 2763 582 2817 nostram
599 2762 781 2817 exoratura
796 2763 856 2829 cst,
873 2754 916 2816 ad
944 2752 1114 2815 saeculum
1147 2752 1208 2815 im·

101 2856 243 2921 mortale
258 2875 443 2939 progressa
460 2855 597 2922 Scilicet
620 2876 664 2919 ex
681 2856 857 2921 lacrimosa
884 2857 969 2920 valle
985 2858 1018 2920 in
1036 2858 1206 2921 civitatem

100 2970 251 3025 sanctam
270 2959 451 3025 Ierusalem
468 2971 618 3026 evectam
646 2960 856 3042 suspicimus,
872 2962 982 3025 choris
998 2960 1207 3024 circumfusis

67 3050 69 3054 ⁵
100 3066 278 3149 angelicis:
293 3064 502 3149 colimusque
526 3066 560 3129 in
577 3063 778 3130 Sanctorum
795 3065 901 3147 gloria
918 3065 1106 3141 sublimem,
1122 3084 1208 3146 quae

98 3170 245 3234 stellanti
264 3170 458 3234 diademate
472 3190 493 3233 a
509 3169 596 3233 Filio
619 3170 697 3233 Deo
723 3179 831 3245 aucta,
855 3169 945 3251 apud
977 3169 1088 3250 ipsum
1113 3169 1208 3242 sedet
1234 3193 1241 3207 ·

100 3277 212 3357 regina
225 3284 258 3338 et
273 3274 413 3338 domina
428 3274 722 3338 universorum-
739 3272 836 3337 Haec
852 3273 976 3349 omnia,
987 3270 1207 3336 Venerabiles

100 3379 280 3455 Fratres,in
292 3380 414 3461 quibus
424 3377 670 3442 cousr'lr'umDei
679 3375 1011 3461 proditur,consilium
1022 3374 1208 3458 sapientiae,

99 3483 268 3547 consilium
289 3482 486 3565 pietatr's(²),
505 3482 673 3565 simulque
703 3503 764 3566 per
796 3502 920 3564 magna
951 3482 983 3544 in
1010 3500 1071 3543 nos
1089 3480 1207 3544 merita

100 3586 245 3670 Virginis
282 3587 402 3651 Matris
428 3586 570 3663 elucent,
602 3586 771 3650 neminem
803 3586 940 3668 quidem
970 3593 1112 3666 possunt
1139 3602 1206 3647 non

99 3690 239 3755 iucunde
250 3691 391 3767 afficere,
406 3700 497 3754 certa
512 3711 573 3772 spe
589 3691 711 3754 iniecta
727 3690 861 3753 divinae
877 3688 1078 3753 clementiae
1094 3696 1129 3751 et
1145 3689 1205 3751 mi·

100 3796 272 3860 serationis
294 3794 493 3859 administra
506 3793 615 3857 Maria
635 3794 900 3874 consequendae.

142 3900 271 3964 Eodem
295 3908 436 3983 spectat,
460 3907 539 3981 apte
557 3898 738 3961 concinens
761 3918 838 3962 cum
865 3897 1039 3981 mysteriis,
1058 3898 1206 3979 precatio
1298 3917 1383 3967 Preces

100 4006 229 4071 vocalis.
259 4003 457 4081 Antecedit,
486 4011 523 4066 ut
553 4020 697 4084 aequum
728 4012 794 4078 est,
823 4000 994 4065 dominica
1021 4001 1130 4065 oratio
1161 4001 1204 4063 ad
1231 3996 1367 4097 J‘'{²'J⁶'

101 4108 230 4173 Patrem
253 4107 460 4174 caelestem.
475 4126 544 4189 quo
569 4106 704 4169 eximiis
726 4104 1011 4186 postulationibus
1039 4103 1206 4180 invocato,
1228 4120 1364 4177 ponuntur

101 4231 120 4273 a
134 4211 217 4277 solro
233 4212 420 4278 maiestatis
433 4210 503 4274 eius
519 4230 588 4273 vox
598 4208 745 4292 supplex
761 4209 967 4272 convertitur
982 4208 1025 4271 ad
1045 4208 1207 4283 Mariam
1232 4178 1307 4228 ordm
1290 4194 1328 4227 Μ

131 4374 150 4405 1.
167 4361 190 4408 S„
204 4362 346 4412 Bernartius,
357 4362 391 4406 De
401 4370 442 4406 xtt
446 4360 626 4420 praerogativis
636 4360 663 4404 Β.
682 4359 719 4404 Μ.
744 4359 783 4411 V..
793 4372 816 4404 n.
836 4372 856 4417 3.

129 4442 148 4473 2.
167 4429 190 4476 S
204 4430 346 4481 anacdm.
360 4431 438 4475 Serm.
452 4428 578 4474 inNatr'u.
591 4427 619 4473 B.
638 4428 675 4473 M.
694 4428 731 4478 V..
749 4440 773 4474 u.
791 4429 813 4473 6.
