3117 4859
100 658 123 670 .,
456 547 825 632 ALLOCUTIO

97 703 126 842 {p
401 745 457 804 re
481 747 515 806 s.
539 745 582 806 a
607 747 646 805 n.
670 747 889 828 cardinales

180 924 245 982 oe
270 922 936 984 v10LnT1suuu13usnposr.
968 923 1121 985 sams
1159 887 1174 1082 Ε

280 1234 473 1297 UAMQUAM
489 1229 717 1283 commutatas
734 1221 766 1282 in
787 1220 880 1285 Urbe
896 1241 957 1298 res,
973 1221 1203 1306 violatumque
1267 1216 1340 1304 phi<

88 1226 277 1526 §mag
299 1325 350 1388 ius
381 1323 603 1405 Apostolicae
636 1322 734 1387 Sedis
765 1325 941 1406 conquesti
969 1326 1011 1389 ad
1043 1346 1102 1389 vos
1134 1348 1203 1391 non
1272 1314 1345 1378 ¹⁸9⁶·

89 1378 118 1529 a
298 1427 400 1491 semel
418 1447 462 1490 ex
479 1427 544 1490 hoc
560 1427 634 1508 ipso
649 1427 725 1490 loco
742 1447 868 1505 sumus,
891 1428 1108 1492 nihilominus
1125 1429 1203 1493 insi·
1271 1429 1382 1500 cw-

89 1527 276 1602 Μὴ
299 1531 418 1594 dentes
429 1530 568 1594 eaedem
579 1550 717 1593 caussae
729 1539 878 1609 monent,
890 1531 978 1596 idem
991 1541 1028 1596 ut
1040 1532 1204 1597 hodierna
1231 1494 1345 1595 iiiiii

89 1638 145 1701 die
160 1655 414 1719 conqueramur.
431 1634 533 1717 Quod
550 1643 664 1718 aperte
682 1633 824 1699 facimus
840 1657 878 1700 ac
896 1637 1007 1716 libere,
1023 1646 1060 1701 ut
1076 1638 1204 1721 liquido
1230 1609 1379 1728 {iiim}

89 1739 313 1817 confirmetur,
340 1750 495 1802 sanctum
524 1739 576 1803 ius
603 1739 686 1802 illud
712 1760 795 1817 esse,
818 1741 908 1823 quod
936 1743 1205 1820 memoravimus,
1231 1727 1372 1844 ᾗῗξίζῗκ·

90 1865 199 1927 neque
225 1843 294 1907 ulla
320 1865 365 1907 ex
391 1854 487 1927 parte
512 1843 676 1919 imminui,
701 1852 760 1908 aut
784 1863 924 1927 quoquo
952 1846 1055 1911 modo
1083 1847 1204 1909 mutari
1231 1861 1351 1916 '¹‘me-

88 1956 257 2013 vetustate
272 1967 380 2031 posse.
1231 1912 1352 1964 queratur.

134 2052 258 2135 Qualia
283 2053 497 2117 incubuerint
519 2053 553 2114 in
577 2049 812 2133 pontificatum
836 2053 1024 2117 maximum
1042 2063 1207 2135 tempora,
1233 2100 1376 2158 exponitque

91 2159 203 2242 plures
219 2159 286 2222 iam
304 2177 413 2221 annos
428 2167 479 2221 est
495 2158 529 2219 in
547 2156 652 2220 oculis
669 2159 780 2220 situm.
794 2158 931 2235 Divin0,
942 2178 1010 2239 quo
1027 2157 1208 2239 fungimur,
1232 2165 1369 2230 nascentem
1426 2235 1428 2238 v

92 2263 221 2326 muneri
249 2261 332 2324 nihil
358 2271 409 2325 est
436 2260 480 2323 de
505 2260 660 2323 libertate
686 2260 802 2322 debita
827 2261 1030 2337 restitutum,
1058 2251 1140 2324 nihil
1165 2261 1208 2325 de
1234 2220 1385 2325 {idm

88 2367 232 2431 bbiectis
248 2365 458 2429 extrinsecus
479 2363 733 2428 difficultatibus
757 2364 945 2447 demptum.
963 2364 1134 2429 Gliscente
1150 2384 1207 2427 au·
1235 2339 1372 2444 {mam

92 2471 190 2533 dacia
206 2469 420 2551 simulatque
436 2467 639 2549 impunitate
652 2488 760 2531 rerum
779 2468 954 2544 malarum,
970 2469 1206 2551 quotidianum
1234 2458 1386 2577 {binim

92 2583 144 2637 est
164 2574 301 2637 iniurias
322 2572 449 2636 nomini
475 2593 514 2635 ac
538 2591 701 2653 personae
724 2570 881 2647 Nostrae,
904 2574 1099 2653 praesertim
1129 2573 1207 2635 scri·
1235 2579 1306 2630 tium.

91 2677 213 2754 bendo,
238 2679 432 2758 imponere:
457 2696 566 2757 neque
593 2685 669 2738 acta
694 2675 813 2752 solum,
829 2679 888 2740 sed
917 2676 1019 2739 etiarn
1047 2679 1205 2758 cogitata,

91 2782 204 2864 palam
221 2782 294 2844 sine
309 2781 376 2844 ulla
392 2780 600 2855 verecundia,
616 2779 873 2842 conniventibus
890 2779 922 2842 in
940 2780 972 2842 id
990 2781 1046 2862 qui
1061 2779 1199 2844 minime

92 2886 262 2963 deberent,
278 2884 483 2948 calumniari.

137 2987 214 3070 Qua
231 2989 264 3052 in
283 3009 325 3065 re,
341 2998 467 3070 quanta
484 2988 635 3051 extiterit
652 2995 825 3068 postremo
842 2985 906 3050 hoc
923 2995 1075 3068 ternpore
1099 2987 1205 3068 pervi-

93 3095 185 3156 cacia
210 3105 312 3174 atque
338 3091 525 3167 insolentia,
549 3110 648 3153 nemo
672 3110 758 3152 unus
775 3090 918 3170 ignorat.
936 3089 1114 3152 Eiusmodi
1131 3109 1208 3151 con·

93 3199 257 3261 ditionem
275 3199 341 3260 iarn
359 3197 524 3271 acerbam,
539 3215 615 3258 cum
640 3195 719 3256 iuris
743 3194 960 3276 oppressione
984 3193 1209 3267 coniunctam,

93 3301 267 3365 catholicis
298 3300 490 3364 hominibus
521 3308 595 3363 toto
625 3298 706 3360 orbe
736 3317 884 3380 gravem,
911 3295 1207 3359 intolerabiliorem

93 3404 194 3468 efficit
210 3404 387 3488 productio
402 3404 571 3486 temporis.
590 3403 697 3485 ldque
714 3423 756 3465 ne
773 3402 837 3485 ipsi
853 3401 990 3483 quidem
1008 3409 1119 3482 potest
1135 3418 1208 3461 esse
1235 3449 1323 3495 mm,
1333 3438 1387 3496 qur-

92 3508 238 3572 salutare
251 3507 456 3589 reipublicae
470 3531 477 3571 ε
490 3506 582 3570 nulla
595 3507 684 3569 enim
699 3527 750 3569 res
762 3506 870 3587 magis
883 3506 1034 3569 continet
1046 3503 1208 3580 civitates,
1235 3499 1288 3543 uem
1300 3497 1379 3556 ‘iiiut

92 3632 195 3693 quam
213 3613 360 3675 iustitia:
378 3613 440 3674 hac
457 3610 561 3675 semel
577 3620 785 3692 contempta,
802 3608 1024 3672 necessarium
1043 3629 1081 3671 ac
1098 3608 1206 3671 maxi·
1232 3559 1385 3665 §militis

94 3741 187 3784 mum
211 3722 427 3804 imperiorum
450 3718 709 3783 fundamentum
730 3717 917 3783 collabitur.
941 3718 1137 3797 Utcumque
1155 3716 1207 3791 sit,
1233 3782 1257 3825 Ρ
1303 3781 1335 3822 Η

93 3823 166 3886 iura
182 3823 310 3886 romani
324 3820 540 3906 pontificatus
553 3831 703 3902 repetere
715 3843 754 3884 ac
767 3822 945 3898 vindicare,
957 3820 1047 3901 quod
1059 3816 1206 3883 officium
1234 3779 1380 3906 seiriassqra

94 3928 259 3991 Nostrum
276 3936 337 4004 est,
353 3945 537 4008 numquam
555 3926 776 3989 intermissuri
796 3945 922 4002 sumus,
937 3944 997 4006 spe
1021 3924 1109 3987 bona
1134 3921 1207 3984 sreti
1235 3906 1390 4006 {22⁸3ssssss

93 4032 184 4094 haud
207 4051 288 4094 sane
309 4031 491 4094 dilaturum
518 4031 629 4093 Deum
656 4029 916 4106 misericordem,
940 4029 1019 4110 quin
1042 4025 1208 4090 diuturnis
1235 4019 1351 4124 ‘gfff'

95 4137 268 4200 Ecclesiae
284 4156 363 4199 suae
380 4134 551 4198 laboribus
567 4134 669 4197 finem
686 4135 832 4214 benigne
849 4133 1012 4213 imponat.

140 4240 340 4304 Adsciscere
364 4239 466 4302 hodie
488 4240 521 4301 in
546 4238 857 4320 splendidissimum
879 4235 1042 4301 Ordinem
1060 4243 1207 4298 vestrum
1239 4269 1388 4319 Cam-nal„

95 4346 201 4408 lectos
212 4345 302 4406 viros
313 4344 400 4407 duos
412 4344 629 4406 decrevimus.
646 4342 692 4403 Hi
705 4351 785 4405 sunt
800 4364 806 4404 :
821 4339 1007 4402 RAPHAEL
1021 4339 1211 4413 FIEROTTI,
1237 4335 1363 4379 ‘'wiltr-
