3117 4859
394 356 441 425 62
521 372 710 424 urrunnun
736 370 995 423 arosroarcsn
1015 359 1035 387 ⁴·
1054 371 1106 422 nn
1135 370 1346 423 uurvsnsas
1362 346 1381 376 ”

393 468 506 485 ὗι--ι-

237 536 367 615 ,Aeruli-
393 521 493 607 plena
509 474 1483 607 m

211 610 367 717 {md}
394 627 547 691 Antistes
573 627 787 711 Religionem
814 626 1023 693 Catholicam
1051 626 1286 710 Apostolicam
1308 626 1482 691 Romanam

213 734 364 811 serenarum
391 741 515 797 sartam
532 740 725 815 tectamque
744 752 877 797 servare
891 742 1034 816 satagat,
1046 732 1159 816 {atque
1173 731 1259 796 tueri
1275 731 1316 795 iis
1330 749 1404 795 cum
1420 728 1484 793 iuri·

213 797 364 928 mid-⁵²
391 836 940 921 busetpraerogativis,quibusex
950 836 1280 901 divinaetcanonica
1289 834 1484 899 ordinatione

214 928 340 979 mm·
390 941 463 1023 ipsa
479 940 584 1005 utitur
595 951 629 1005 et
646 939 774 1007 fruitur.
797 940 1064 1023 Diligentissima
1079 951 1256 1024 propterea
1272 940 1345 1023 ipse
1358 938 1485 1011 cavebit.

390 1066 428 1109 ac
446 1065 506 1127 pro
521 1044 607 1109 virili
620 1055 715 1127 parte
730 1064 867 1111 omnem
883 1044 1058 1109 adhibebit
1073 1064 1211 1127 operam
1228 1064 1271 1107 ue
1286 1046 1429 1124 irrepant
1438 1054 1486 1105 aut

389 1147 569 1232 vulgentur
584 1169 710 1213 errores
733 1148 812 1213 fidei
838 1148 1024 1231 integritati
1039 1148 1196 1213 contrarii
1212 1157 1246 1212 et
1262 1151 1411 1214 moribus
1425 1166 1485 1230 per-

390 1252 514 1316 niciosi.
533 1250 711 1318 Sacrorum
729 1250 931 1316 Antistitum
948 1249 1085 1335 insuper
1099 1251 1161 1315 erit
1177 1251 1327 1334 publicas
1355 1251 1485 1317 indicere

357 1422 359 1427 .
389 1378 513 1442 preces,
529 1359 661 1442 aliaque
671 1359 704 1422 id
721 1380 828 1442 genus
844 1361 900 1443 pia
915 1380 1027 1442 opera,
1042 1380 1118 1425 cum
1136 1360 1170 1424 id
1186 1360 1313 1425 bonurn
1337 1359 1485 1425 Ecclesia

390 1471 448 1528 aut
459 1472 575 1539 status,
598 1464 650 1528 vel
668 1464 783 1547 populi
800 1464 957 1547 postulet,
972 1484 1083 1529 sacras
1097 1465 1221 1546 pariter
1235 1466 1484 1550 supplicationes

389 1574 424 1631 et
447 1567 733 1650 peregrinationes
758 1569 947 1646 decernere,
963 1568 1089 1647 funera,
1113 1567 1263 1653 aliasque
1288 1592 1401 1635 sacras
1424 1572 1484 1635 iun·
1550 1567 1551 1580 ¹

389 1674 518 1737 ctiones
534 1673 887 1757 moderari,Synodum
900 1674 1145 1739 Dioecesanam
1162 1696 1348 1741 convocare
1364 1686 1398 1740 et
1412 1674 1483 1739 cele·

389 1774 494 1854 brare,
517 1774 654 1859 eiusque
669 1786 745 1840 acta
757 1778 904 1860 vulgare,
916 1778 1056 1843 servatis
1072 1780 1183 1862 quoad
1197 1780 1312 1843 omnia
1327 1778 1483 1844 canonicis

389 1880 714 1965 praescriptionibus,
742 1880 829 1945 Item
857 1882 995 1946 liberam
1022 1900 1193 1947 remanere
1217 1882 1374 1948 volumus
1401 1881 1482 1946 noris

386 1988 512 2051 eisdem
545 1985 724 2069 Episcopis
756 1986 954 2051 idoneorum
984 1987 1208 2051 Parochorum
1234 1986 1441 2063 electionem,
1457 1992 1484 2048 et

386 2088 582 2155 canonicam
600 2090 857 2168 institutionem,
869 2091 1010 2154 servatis
1025 2099 1139 2153 tamen
1155 2090 1199 2154 de
1210 2089 1281 2155 iure
1296 2103 1329 2155 et
1345 2093 1390 2156 de
1405 2108 1484 2155 more

330 2224 333 2231 Α
386 2192 1484 2278 servandis.SatagatinsupersacerquisqueAntistescumSancta

387 2298 586 2381 Apostolica
599 2297 688 2363 Sede
698 2297 837 2361 liberam
850 2316 982 2361 servare
994 2298 1347 2378 communicationem,
1360 2302 1482 2383 ipseque

388 2402 569 2484 prudenter
584 2410 676 2465 curet
686 2420 821 2464 caussas
834 2420 1012 2478 removere,
1021 2420 1109 2483 quae
1124 2401 1201 2465 huic
1212 2412 1351 2485 possent
1363 2404 1483 2467 obstare

388 2502 543 2567 libertati.
560 2502 710 2568 Sollicite
725 2523 859 2586 quoque
874 2514 990 2568 curent
1001 2505 1080 2569 novi
1094 2504 1264 2587 Episcopi,
1280 2515 1317 2570 ut
1329 2500 1482 2571 iuventuti
1549 2541 1550 2584 q

386 2606 612 2671 instituendae
628 2606 687 2669 viri
704 2607 860 2671 catholici
875 2607 910 2670 in
929 2606 1134 2672 Professores
1149 2619 1184 2674 ct
1202 2609 1386 2691 Magistros
1401 2625 1483 2691 prae·
1549 2599 1550 2662 l

386 2810 509 2875 scholis
524 2812 567 2875 ad
593 2830 746 2875 normam
763 2811 937 2877 doctrinae
951 2813 1136 2878 catholicae
1152 2824 1308 2879 accurate
1327 2814 1482 2896 exigatur.
1549 2841 1551 2902 ὲ

252 2956 293 3007 D,
317 2973 358 3022 μ,
387 2915 524 2982 Nullam
534 2936 613 2981 vero
622 2916 787 2980 bonorum
801 2915 971 2981 Ecclesiae
981 2918 1251 3001 suppressionem
1262 2918 1314 2981 vel
1325 2919 1483 2991 unionem,
1549 2907 1551 2922 '

206 3023 359 3073 smmum-
384 3030 442 3085 aut
459 3019 694 3084 alienationem
713 3017 783 3083 fieri
793 3040 893 3102 posse
908 3020 1120 3085 decernimus
1132 3022 1260 3104 absque
1274 3019 1482 3104 Apostolicae

206 3096 360 3214 mm
384 3124 483 3191 Sedis
498 3124 705 3188 auctoritatis
717 3124 915 3203 interventu,
930 3124 1030 3189 salvis
1043 3124 1289 3190 facultatibusa
1299 3147 1394 3190 sacro
1404 3124 1482 3191 Con·

205 3218 357 3335 mm
383 3227 459 3292 cilio
474 3226 675 3292 Tridentino
699 3226 878 3309 Episcopis
909 3227 1053 3293 tributis.
1069 3227 1277 3293 Canonicam
1308 3238 1427 3294 taxarn
1452 3226 1481 3289 iu

229 3350 357 3415 peditum
383 3331 523 3415 singulis
537 3328 812 3416 Apostolicarum
826 3330 1031 3397 Litterarum
1048 3332 1254 3397 solemnibus
1266 3329 1483 3416 expeditioni-

246 3416 359 3531 ἱζζῇζζῗ
383 3436 453 3514 bus,
469 3436 746 3519 quotiescumque
762 3453 868 3497 novus
879 3435 1033 3499 Antistes
1050 3436 1186 3501 cuilibet
1195 3454 1241 3500 ex
1251 3437 1352 3501 dictis
1363 3435 1483 3499 noviter

204 3560 264 3595 nrm
288 3549 355 3610 Apo·
382 3540 499 3603 erectis
513 3536 670 3603 Ecclesiis
686 3539 748 3602 erit
761 3536 1012 3620 praeficiendus,
1024 3539 1056 3602 in
1068 3540 1178 3603 aureis
1189 3540 1232 3603 de
1244 3538 1483 3606 Cameraflore·

203 3611 357 3725 romaz
382 3642 433 3707 nis
443 3642 687 3725 trigintatribus
704 3642 893 3720 statuimus,
908 3643 1022 3726 sicque
1042 3644 1185 3709 inlibris
1208 3641 1480 3728 Congregationis

253 3744 353 3803 “amb
382 3744 415 3811 S.
431 3746 581 3809 eiusdem
595 3745 629 3811 S.
643 3746 684 3809 R.
701 3745 740 3810 E.
750 3744 980 3811 Cardinaliurn
992 3745 1134 3829 Collegii
1151 3746 1296 3825 inscribi,
1307 3758 1342 3810 et
1353 3750 1386 3810 in
1402 3744 1480 3808 illius

202 3820 355 3937 {2125ss
381 3848 568 3913 Tabulario
590 3850 712 3912 servari
728 3850 961 3933 praecipimus.
987 3850 1145 3917 Ceterum
1170 3872 1256 3934 quae
1288 3853 1402 3915 omnia
1427 3866 1480 3921 res,

203 3936 355 4066 {fjffl’m
380 3954 460 4031 iura,
472 3962 505 4017 et
521 3970 680 4036 personas
695 3954 937 4019 ecclesiasticas
949 3954 1141 4037 respiciunt,
1152 3957 1195 4019 de
1210 3956 1333 4039 quibus
1350 3956 1438 4021 nulla
1450 3953 1479 4016 in
1548 3981 1550 4018 ι

234 4068 278 4127 rio,
297 4076 357 4118 rara
380 4057 612 4141 praesentibus
624 4055 744 4119 litteris
754 4075 915 4140 expressa
933 4058 1059 4123 mentio
1077 4059 1164 4122 iacta
1180 4068 1241 4136 est,
1256 4056 1331 4123 rata
1346 4059 1401 4122 illa
1415 4073 1478 4121 orn·

202 4134 355 4261 &235de
380 4162 460 4226 nino
470 4168 503 4227 et
517 4160 621 4237 firma,
632 4170 729 4242 prout
742 4171 851 4239 antea,
863 4162 1017 4226 volumus
1028 4182 1199 4226 remancre
1212 4184 1220 4241 ;
1232 4164 1322 4245 quod
1341 4166 1368 4226 si
1378 4162 1480 4241 aliqua

202 4264 353 4328 uniendis·
378 4262 606 4348 supervenerit
632 4260 820 4340 difficultas,
847 4282 887 4327 ea
903 4265 1088 4328 secundum
1116 4264 1295 4328 canonicas
1323 4265 1412 4348 leges
1439 4256 1477 4322 ad

201 4328 352 4458 putatum:
378 4368 533 4434 eamdem
551 4365 785 4449 Apostolicam
803 4366 927 4432 Sedem
944 4368 1006 4432 erit
1021 4366 1214 4447 deserenda,
1229 4369 1367 4452 eiusque
1388 4364 1478 4433 Sedis
