3117 4859
94 405 148 454 DE
166 403 389 454 ERECTIONE
408 405 647 456 DIOECESIUM
668 405 711 454 IN
732 405 812 454 REP.
841 405 1077 458 ARGENTINA.
1111 407 1181 479 259

63 547 212 609 dioecesi
226 547 407 610 Paranensi
420 548 628 629 provinciam
641 547 783 611 Sanctae
794 547 1183 614 Fider'dismembramus
1272 589 1303 636 15

63 658 101 712 et
111 651 251 712 ornnino
263 670 467 731 separamus,
477 661 511 714 et
523 651 706 733 episcopali
723 651 793 713 sedi
807 649 926 714 Sancte
937 651 1036 715 Fidei
1050 674 1110 736 pro
1123 673 1184 718 sua
1235 635 1328 752 ,W

64 751 212 816 dioecesi
241 763 274 816 et
303 754 471 817 territorio
499 755 710 834 assignamus
735 764 769 816 et
796 755 1042 831 constituimus,
1058 757 1183 821 additis

64 857 242 920 territoriis
258 858 497 933 nationalibus,
508 859 609 939 vulgo
622 858 675 920 del
688 856 791 922 Clmco
808 867 842 920 et
856 858 1022 922 Formosa.
1036 859 1183 925 Demum

66 959 180 1043 quoad
198 960 423 1043 episcopalem
452 963 566 1025 sedern
602 961 887 1038 Tucumanensem,
903 981 923 1024 a
938 963 1083 1026 dioecesi
1111 963 1183 1027 Sal·

65 1064 155 1128 tensi
173 1065 371 1145 provincias,
387 1065 489 1146 vulgo
515 1066 554 1129 dc
582 1065 614 1127 T
610 1087 761 1142 umrnnn,
776 1065 815 1128 de
833 1063 1030 1129 Catamarca
1046 1077 1080 1131 et
1097 1066 1184 1130 San-

67 1168 160 1250 tiago
175 1167 231 1229 dcl
241 1167 361 1231 Estero
377 1169 669 1246 dismembramus,
685 1180 719 1232 et
735 1189 755 1232 a
771 1170 917 1232 dioecesi
936 1169 1084 1234 Saltensi
1100 1168 1182 1233 divi·
1218 1189 1222 1197 ·

68 1271 195 1347 dimus,
210 1280 243 1334 et
271 1272 455 1353 episcopali
473 1271 543 1335 sedi
561 1272 812 1336 Tucumanensi
828 1293 890 1355 pro
906 1292 966 1336 sua
983 1273 1128 1337 dioecesi
1151 1282 1184 1336 et

66 1375 238 1437 territorio
254 1375 443 1440 statuimus.

118 1478 181 1541 His
207 1480 303 1542 novis
330 1480 555 1544 erectionibus
581 1482 725 1544 decretis
750 1491 785 1544 et
811 1481 994 1563 respective
1018 1502 1094 1545 curn
1123 1501 1183 1544 sua
1231 1522 1363 1566 „0me

67 1582 216 1646 dioecesi
233 1603 272 1646 ac
288 1584 456 1648 territorio
472 1585 673 1660 constitutis,
685 1586 732 1648 ita
744 1602 852 1648 novae
869 1586 1184 1669 circumscriptionis
1211 1569 1362 1635 ‘'mm‘'

1209 1643 1237 1672 δα
1248 1641 1351 1672 Circum·

69 1686 320 1750 ecclesiastieae
335 1689 422 1751 ratio
435 1697 469 1751 et
484 1697 593 1752 status
609 1689 642 1750 in
661 1688 849 1771 Republica
865 1689 1055 1771 Argentiua
1083 1690 1184 1752 modo
1209 1687 1362 1756 “filim

69 1789 224 1867 efficitur,
240 1801 276 1854 ut
292 1811 414 1874 nempe
439 1792 749 1873 Archiepiscopalis
774 1795 872 1858 sedes
893 1794 1115 1856 Bonearensis
1139 1815 1183 1856 ex
1209 1749 1361 1854 {misia

69 1896 208 1958 civitate
231 1893 382 1976 principe
409 1895 451 1957 de
477 1895 729 1958 Buenos-Aires
756 1916 833 1959 curn
859 1916 921 1960 suo
947 1896 1108 1961 foederali
1135 1899 1184 1961 di·

69 1999 189 2062 strictu
207 2019 251 2060 ex
267 1998 385 2074 insula,
401 1999 504 2080 vulgo
527 1999 566 2061 de
591 1999 708 2062 Motin
737 2000 870 2078 Garcia,
886 2010 963 2065 actu
981 1999 1185 2078 efformetur,

69 2102 198 2165 additis
214 2103 540 2183 insuperterritoriis
557 2103 794 2182 nationalibus,
809 2105 911 2187 vulgo
926 2105 982 2167 del
993 2104 1059 2166 Rio
1074 2105 1186 2187 Negra

70 2217 108 2272 et
127 2205 263 2284 Claudat,
280 2227 340 2269 nec
358 2227 425 2270 uon
443 2205 553 2270 santa
572 2208 666 2284 Crna,
679 2228 718 2271 ac
734 2220 830 2286 terra,
842 2210 944 2290 vulgo
959 2209 1013 2272 del
1024 2210 1141 2291 Fuego,
1154 2221 1187 2272 et

70 2314 209 2374 demum
228 2311 336 2374 insula
360 2312 399 2374 dc
424 2311 473 2374 los
498 2311 651 2376 Estados.
668 2313 842 2374 Dioecesis
858 2322 970 2377 autern
989 2314 1186 2376 Paranensis

70 2415 264 2499 provincias
279 2414 318 2477 de
332 2414 439 2478 Entre
463 2415 547 2479 Rios
563 2416 650 2479 etde
669 2415 852 2480 Corrientes
877 2437 938 2479 nec
963 2436 1030 2480 non
1058 2416 1186 2480 territo·

70 2521 160 2585 rium
178 2520 347 2582 nationale
362 2519 402 2581 de
416 2519 598 2583 Mzrsr'ones
623 2520 897 2601 comprehendat.
915 2521 1088 2584 Dioecesis
1115 2520 1187 2585 Sal·

69 2623 179 2689 tensis
195 2624 383 2705 provincias
400 2622 517 2686 Saltae
531 2633 565 2686 et
581 2623 620 2685 de
629 2621 736 2706 Jujuy
751 2624 1002 2705 complectatur.
1016 2624 1189 2687 Dioecesis

70 2746 154 2790 vero
171 2725 349 2790 Cordubae
365 2725 458 2803 fines,
470 2727 592 2790 finibus
608 2730 855 2810 provinciarum
876 2727 1043 2793 Cordubae
1058 2739 1091 2792 et
1103 2729 1142 2790 de
1152 2730 1186 2791 la

70 2831 185 2912 Rrbja,
199 2842 331 2894 servato
348 2832 380 2893 in
397 2830 554 2894 omnibus
576 2833 718 2913 pristino
742 2833 814 2896 eius
829 2841 929 2908 statu,
944 2834 1190 2896 contineantur.

72 2933 129 2997 Ac
144 2935 281 2997 demum
298 2935 462 2998 dioecesis
478 2936 520 2998 de
538 2934 645 3017 Cuyo,
660 2937 842 3018 provinciis
865 2937 971 3000 sancti
989 2936 1127 2998 Ioannis
1143 2938 1186 3000 de

72 3038 246 3102 Mendoza
262 3047 296 3101 et
311 3041 418 3102 sancti
434 3039 557 3102 Aloisii
574 3039 873 3118 circumscribatur,
890 3040 1006 3102 addito
1022 3039 1189 3102 territorio

72 3142 237 3207 nationali
254 3142 294 3204 de
307 3143 481 3225 Nenquen.

119 3243 242 3328 Quoad
270 3267 350 3310 vero
380 3247 591 3310 cathedrales
627 3246 787 3309 ecclesias
815 3247 915 3309 trium
944 3265 1116 3323 novarum,
1153 3253 1190 3309 ut
1251 3287 1370 3332 Eam,

73 3370 187 3433 supra,
202 3351 395 3414 dioecesum
412 3353 603 3428 statuimus,
619 3359 657 3413 ut
679 3359 843 3414 executor
859 3351 1084 3431 praesentium
1103 3350 1189 3413 litte·
1216 3347 1365 3451 ffml‘l

73 3473 187 3517 rarum
216 3454 429 3531 Nostrarum,
445 3455 531 3518 inira
557 3454 796 3530 nominandus,
823 3475 868 3517 ex
897 3454 1052 3536 delegata
1080 3455 1188 3518 eidem
1217 3465 1359 3535 dioecesibus

74 3558 279 3638 Apostolica
294 3558 465 3636 facultate,
480 3579 520 3621 ac
545 3558 681 3628 nomine
700 3559 847 3622 Sanctae
864 3557 972 3634 Sedis,
988 3578 1044 3620 eas
1061 3577 1189 3640 respec-
1217 3538 1280 3584 ’Ψ
1293 3523 1368 3583 'um'

74 3665 146 3726 tive
161 3661 327 3744 designet,
339 3664 508 3740 decernat,
518 3672 552 3725 et
564 3663 672 3744 erigat
684 3669 785 3744 prout
795 3662 1018 3744 opportunius
1030 3662 1193 3744 expedire

74 3769 112 3828 in
131 3765 281 3829 Domino
297 3765 505 3830 iudicaverit.

123 3868 225 3952 Quod
253 3871 399 3952 pertinet
433 3880 547 3935 autem
585 3871 627 3933 ad
665 3890 813 3951 congrua
840 3871 1003 3952 pecuniae
1034 3873 1195 3948 subsidia,
1220 3923 1334 3982 nmque

77 3976 201 4058 quibus
225 3983 293 4038 tres
320 3995 483 4039 novarum
512 3977 642 4040 sedium
660 3975 822 4056 Episcopi
842 3975 1040 4038 nominandi
1058 3997 1118 4057 pro
1134 3997 1193 4040 sua
1221 3983 1344 4052 Epirotis

79 4102 199 4146 mensa
225 4102 265 4146 ac
292 4082 373 4146 dote
397 4082 584 4146 necessario
612 4081 777 4161 indigent,
794 4081 920 4143 reditus
945 4091 978 4144 et
1003 4093 1195 4173 proventus,
1216 4050 1334 4148 iiim

81 4207 168 4268 quos
193 4187 395 4268 gubernium
431 4187 660 4268 Argentinum
696 4186 740 4248 ab
767 4205 857 4248 anno
885 4205 991 4267 nuper
1017 4185 1133 4266 elapso
1161 4189 1194 4251 in
1221 4163 1346 4217 ‘'mm‘'

80 4289 208 4352 tabulis
224 4291 508 4372 praesumptionis
533 4287 744 4372 publicorum
761 4288 930 4351 redituum
948 4299 981 4351 et
998 4300 1194 4371 sumptuum

81 4399 97 4472 (
102 4394 319 4476 Presupucsto
328 4395 484 4479 general)
496 4393 670 4457 ministerii
697 4390 807 4456 cultus
835 4393 1102 4476 suppeditandos
1118 4419 1197 4463 cou-
