3117 4859
382 375 486 425 DE
540 373 1138 449 PATRIaRCHATU
1201 371 1769 423 ALEXANDRINO
1821 371 2253 423 COPTORUM.
2363 368 2499 441 107

283 514 562 582 effectus
615 519 682 581 in
737 516 1051 581 omnibus
1105 515 1411 581 obtinere
1463 525 1669 599 atque
1716 515 1805 580 ab
1856 515 2173 579 omnibus
2214 515 2505 579 cuiusvis

282 621 854 704 praeeminentiae
885 619 1363 684 inviolabiliter
1404 620 1747 684 observari
1778 620 2023 685 debere
2061 619 2500 683 decernimus.

283 726 444 790 Non
477 725 907 791 obstantibus
941 723 1358 808 Apostolicis
1388 734 1592 808 atque
1623 724 1691 788 in
1734 723 2196 807 synodalibus„
2236 726 2498 806 provin-

281 829 582 908 cialibus,
602 828 1089 894 universalibus
1114 828 1435 895 Conciliis
1455 829 1657 893 editis
1679 828 2104 912 generalibus
2125 827 2229 892 vel
2253 830 2504 910 specia-

283 933 460 999 libus
489 934 969 1013 sanctionibus,
999 933 1371 1016 ceterisque
1403 934 1758 998 contrariis
1796 933 2352 1017 quibuscumque,
2396 954 2504 1014 pe-

286 1038 515 1103 culiari
566 1039 771 1102 etiam
825 1040 1168 1104 mentione
1213 1037 1483 1120 dignis:
1515 1039 1760 1121 quibus
1791 1038 2125 1115 omnibuS,
2171 1045 2506 1119 quatenus

285 1161 456 1224 opus
484 1142 594 1220 sit,
623 1143 1037 1226 amplissime
1068 1143 1474 1226 derogamus
1508 1167 1522 1207 :
1555 1144 1951 1226 irritumque
1975 1152 2042 1207 et
2062 1143 2263 1205 inane
2286 1140 2508 1204 decer-

286 1246 510 1311 nimus
562 1246 618 1310 si
669 1267 861 1313 secus
922 1268 1124 1330 super
1177 1248 1280 1312 his
1335 1268 1375 1311 a
1428 1268 1768 1332 quoquam
1817 1248 2055 1331 quavis
2087 1246 2508 1318 auctoritate,

284 1350 570 1415 scienter
597 1352 706 1414 vel
737 1353 1142 1435 ignoranter,
1171 1352 1532 1435 contigerit
1564 1353 1900 1418 attentari.

373 1454 710 1521 Volumus
771 1467 998 1521 autem
1062 1466 1136 1521 ut
1197 1456 1436 1522 harum
1502 1458 1877 1523 litterarum
1932 1456 2268 1538 exemplis
2301 1457 2504 1519 etiarn

283 1558 647 1641 impressis,
695 1579 899 1625 manu
941 1570 1172 1625 tamen
1207 1561 1473 1625 Notarii
1507 1561 1904 1645 subscriptis
1935 1572 2002 1625 et
2036 1580 2156 1644 per
2186 1562 2508 1624 constitu-

287 1672 431 1727 tum
465 1664 532 1726 in
565 1664 1018 1729 ecclesiastica
1061 1665 1396 1748 dignitate
1441 1666 1658 1729 virum
1692 1665 1914 1748 sigillo
1947 1664 2242 1743 munitiS,
2272 1665 2504 1729 eaden-1

287 1764 620 1832 habeatur
670 1767 835 1833 fides
894 1789 1070 1851 quae
1124 1770 1417 1834 Nostrae
1465 1770 1836 1834 voluntatis
1884 1767 2361 1852 significationi
2408 1770 2512 1834 his

288 1873 752 1955 praesentibus
783 1874 1072 1938 ostensis
1103 1874 1479 1939 haberetur.

378 1975 636 2041 Datum
673 1978 933 2043 Romae
955 1979 1137 2062 apud
1166 1979 1491 2044 Sanctum
1521 1979 1794 2043 Petrum
1816 1997 1996 2042 anno
2025 1978 2512 2043 Incarnationis

281 2078 695 2164 ,Dominicae
745 2081 1104 2147 millesimo
1155 2083 1722 2165 octingentesimo
1773 2083 2213 2167 nonagesimo
2255 2082 2512 2165 quinto,

290 2194 490 2248 sexto
523 2182 859 2250 Calendas
892 2186 1322 2264 Decembres,
1357 2186 1800 2252 Pontificatus
1848 2188 2080 2252 Nostri
2123 2207 2307 2252 anno
2338 2189 2512 2251 deci-

292 2307 405 2352 mo
435 2297 690 2354 octavo.

351 2466 438 2530 A.
487 2466 716 2532 CARD.
766 2468 1179 2535 BIANCHI
1363 2470 1435 2536 C.
1483 2470 1715 2536 CARD.
1763 2471 1894 2535 DE
1944 2468 2448 2534 RVGGIERO

553 2580 1132 2647 PRO-DATAmvs

1286 2741 1520 2808 VISA

520 2877 635 2940 DE
679 2876 923 2943 Cva
973 2879 1022 2944 1.
1073 2880 1187 2944 DE
1232 2881 1533 2958 AQVILA
1582 2895 1627 2945 E
1673 2880 2278 2945 V1CECOM1TIBVS

434 3043 579 3097 Loco
603 3041 674 3111 ὦ
701 3043 938 3098 plumbi

647 3184 781 3252 Reg.
821 3186 885 3237 in
925 3183 1127 3238 Secret.
1167 3184 1468 3237 Brevium.

1107 3661 1699 3948 *iffi

2000 3254 2040 3306 1.
2085 3253 2376 3307 CvoNom

2648 594 2708 630 m,
2720 594 2728 622 .¹
2744 594 2752 626 r
2768 594 2784 625 ί

2644 646 2789 702 fflffi*
