3117 4859
803 402 805 411 r
913 400 916 411 l
1025 398 1027 408 l
1099 396 1100 403 ¹

154 401 189 473 a
203 425 223 444 ι’
240 423 256 442 '¹
277 423 297 442 ’ν
314 423 333 442 ”,
353 423 371 440 η
390 423 409 440 'v
426 423 446 438 ’.ι
463 421 482 439 'v
500 421 516 439 ἰ
537 420 557 438 ’ν
573 421 588 438 ἰ
610 419 630 438 'v
648 421 667 438 ὐ
684 419 704 438 ’ω
721 417 741 438 ⁸„
758 419 778 437 'v
796 418 815 437 ἰ
832 417 853 436 ’v
870 416 884 436 'l
907 417 926 436 ’ν
943 416 964 434 ’ν
981 416 1001 434 ἰν
1018 415 1036 432 ’ν
1055 414 1074 433 ’ν
1091 412 1111 431 '⁸⁴
1129 413 1144 430 't
1166 410 1184 428 ’ν
1203 409 1222 426 '¹'
1244 406 1261 418 Η

187 467 190 470 -
202 459 1067 476 .......................................................................................
1072 448 1137 478 m
1153 453 1236 465 ·········
1245 468 1249 487 ι

552 565 870 655 EPtSTOLA
1228 555 1255 662 ἐξ

274 754 333 812 Ad
356 754 583 827 Episcopum
612 750 857 811 Leodiensem
880 750 928 808 de
950 748 1150 820 opificibus

599 913 819 971 sollicitum.

344 1234 396 1285 0N
414 1219 495 1283 levis
512 1219 735 1283 obiiciebatur
761 1221 876 1281 animo
894 1218 1021 1284 Nostro
1036 1216 1141 1294 dolor,
1157 1236 1266 1297 neque
1333 1226 1397 1328 ὥ

366 1326 469 1389 anxia
493 1326 608 1387 deerat
625 1323 732 1387 Nobis
764 1324 957 1386 sollicitudo
987 1318 1267 1404 perspicientibus
1329 1318 1404 1402 1894]

153 1234 344 1535 m
366 1429 612 1491 dissensionum
630 1428 770 1509 vestigia
786 1446 874 1510 quae
890 1427 980 1507 apud
1006 1446 1066 1489 vos
1094 1431 1267 1507 apparent,
1364 1454 1445 1503 Testa-

154 1538 343 1609 mamea
367 1530 579 1613 potissimum
607 1532 743 1614 quidem
770 1532 803 1593 in
823 1529 1003 1595 Leodiensi
1034 1530 1099 1591 ista
1114 1528 1269 1605 dioecesi,
1286 1526 1340 1650 ΞΖ
1347 1521 1438 1634 git-⁸1¹⁸·

154 1654 312 1717 quaeque
328 1635 361 1697 in
386 1635 494 1697 varias
512 1634 602 1698 velut
618 1634 707 1697 acles
733 1634 891 1697 videntur
921 1633 1053 1695 animos
1083 1631 1269 1694 distrahere
1292 1652 1413 1715 mm„

155 1758 275 1802 eorum
291 1741 349 1819 qui
373 1739 415 1801 dc
442 1739 636 1802 conditione
667 1736 826 1819 opificum
854 1735 1054 1817 disquirunt.
1071 1732 1158 1799 Cum
1190 1752 1269 1796 vero
1294 1717 1447 1831 {mm

156 1841 329 1903 neminem
348 1841 452 1904 lateat
468 1842 585 1923 quanti
602 1841 722 1923 cuique
738 1842 927 1923 disputanti
948 1838 1080 1914 reserat,
1096 1838 1129 1900 in
1153 1837 1268 1919 primis
1296 1848 1327 1895 ab
1338 1848 1438 1911 Episco-

155 1964 200 2007 ea
216 1944 320 2025 probe
343 1964 480 2007 noscere
507 1965 593 2027 quac
614 1946 648 2007 iu
670 1964 705 2007 re
720 1946 808 2007 adeo
824 1945 917 2025 gravi
933 1942 1084 2006 sentiunt
1114 1940 1162 2003 illi
1184 1960 1270 2023 quos
1291 1913 1450 2041 {ssfffgfffff

157 2048 308 2132 Spiritus
324 2062 461 2116 sanctus
486 2054 599 2133 posuit
615 2072 729 2134 regere
749 2051 935 2114 Ecclesiam
954 2050 1029 2125 Dei,
1044 2066 1126 2110 sane
1149 2057 1269 2129 optan·
1295 2044 1448 2121 dffdt'ttffla

157 2156 244 2217 dum
262 2154 343 2217 illud
361 2165 442 2232 erat,
457 2156 547 2238 quod
565 2170 601 2219 tu
619 2175 723 2236 nuper
740 2154 937 2236 praestitisti
954 2173 1014 2234 per
1029 2150 1208 2232 epistolam
1225 2149 1268 2210 ad
1296 2112 1447 2225 mm.

156 2256 285 2319 clerum
303 2268 336 2319 et
352 2259 514 2341 populum
531 2258 593 2323 tibi
608 2260 753 2321 creditos
769 2279 790 2321 a
805 2267 839 2321 te
849 2260 975 2321 datam.
992 2256 1153 2318 Libenter
1169 2253 1270 2334 igitur
1296 2247 1389 2357 εἴη
1408 2257 1447 2290 or·

157 2362 352 2442 accepimus
383 2362 567 2445 exemplar,
591 2364 681 2443 quod
713 2364 755 2427 ad
774 2362 846 2425 Nos
878 2360 1107 2424 transmittere
1138 2356 1271 2433 curasti,

158 2460 240 2523 novi
256 2460 354 2524 huius
369 2462 563 2543 speciminis
580 2461 641 2524 zeli
655 2473 688 2525 et
715 2462 893 2544 pastoralis
920 2459 1155 2523 sollicitudinis
1183 2469 1271 2532 tuac,

156 2584 199 2627 ac
217 2562 326 2628 lacere
343 2586 409 2627 non
428 2585 606 2647 possumus
622 2566 703 2648 quin
731 2568 851 2629 merita
867 2563 1045 2627 efferamus
1076 2563 1176 2625 laude
1200 2570 1270 2625 stu·

157 2670 266 2745 diurn,
285 2689 352 2751 quo
369 2666 484 2733 fideles
497 2688 653 2733 revocare
673 2670 851 2733 contendis
867 2671 910 2732 ad
928 2670 1118 2732 animorum
1132 2668 1271 2731 coniun-

157 2773 318 2838 ctionem.
330 2774 508 2857 Perspecta
517 2773 654 2856 quidem
669 2774 776 2837 Nobis
789 2784 861 2838 erat
871 2771 1052 2856 prudentia
1068 2782 1137 2850 tua,
1152 2772 1271 2853 explo·
1342 2778 1449 2826 Praesu-

156 2888 320 2960 ratusque
336 2882 457 2943 modus
472 2900 540 2962 quo
560 2890 649 2943 recte
672 2880 716 2942 de
732 2881 877 2963 negotiis
901 2878 1109 2962 gravioribus
1125 2878 1273 2941 iudicare
1298 2842 1448 2903 remandat,

158 2981 248 3045 soles
261 3001 270 3058 ;
285 2992 463 3061 utrumque
479 3003 559 3047 vero
575 2984 762 3065 gaudemus
779 2984 911 3047 clariori
927 3003 1015 3047 nunc
1032 2980 1270 3044 circumfusum

158 3106 235 3150 esse
254 3086 348 3167 luce;
363 3088 507 3171 ideoque
526 3089 715 3153 mirandum
734 3108 801 3152 non
820 3099 871 3153 est
891 3090 980 3171 quod
1000 3086 1107 3151 Nobis
1133 3088 1270 3149 nuncia·

160 3200 234 3254 tum
252 3190 324 3267 luit,
340 3190 431 3273 quod
448 3202 675 3275 opportunam
689 3192 818 3256 scilicet
833 3191 911 3254 huic
928 3191 1070 3272 tempori
1082 3189 1272 3253 conclama·

160 3295 271 3358 verint
302 3297 479 3377 epistolam
504 3308 598 3361 tuam
616 3296 820 3361 omnessere
847 3298 894 3359 illi
919 3298 974 3378 qui
1006 3296 1049 3359 de
1080 3294 1274 3358 conditione

160 3398 321 3481 opificum
339 3399 429 3484 apud
446 3422 505 3465 vos
523 3402 707 3484 disputant,
723 3404 883 3485 quodque
899 3401 1134 3483 acceptissima
1154 3402 1273 3464 eadem

162 3512 263 3579 luerit
274 3517 340 3580 tuis
354 3518 549 3599 praesertim
567 3517 600 3581 in
615 3520 813 3601 episcopatu
827 3518 994 3593 fratribus,
1007 3538 1093 3600 quos
1103 3537 1170 3580 una
1181 3526 1275 3582 tenet

163 3618 355 3683 sollicitudo
372 3619 522 3685 debono
539 3622 684 3703 Belgicis
709 3624 934 3704 procurando.
960 3621 1056 3684 Haec
1072 3640 1172 3703 porro
1187 3641 1274 3703 quae

162 3720 272 3785 Nobis
289 3724 448 3788 nunciata
460 3734 539 3789 sunt
555 3743 650 3808 spem
670 3724 830 3789 Nbstram
862 3724 976 3788 fovent
1009 3733 1045 3787 ut
1076 3745 1162 3807 opus
1178 3735 1272 3787 tuum

161 3837 299 3907 optatos
315 3827 438 3890 habeat
455 3838 595 3893 eventus
610 3851 617 3905 ;
632 3849 693 3912 pro
709 3842 801 3893 certo
829 3830 918 3892 enim
935 3829 1098 3891 habemus
1125 3829 1191 3893 iarn
1217 3850 1273 3892 ne·
1298 3852 1400 3901 ovesque
1411 3836 1448 3899 ip·

165 3931 289 3992 minem
307 3932 494 3995 extiturum
511 3933 579 4014 qui,
596 3932 791 4008 Pastoribus
813 3931 1028 3996 monentibus
1044 3952 1082 3994 ac
1099 3932 1271 4013 dirigenti·
1298 3904 1453 4018 fflfflffss,

164 4032 236 4109 bus,
263 4034 296 4095 in
328 4037 495 4098 contraria
526 4036 618 4099 abire
655 4038 847 4100 contendat.
875 4035 928 4099 Tu
959 4056 1047 4111 ver0,
1062 4034 1273 4097 Venerabilis
1297 4034 1455 4111 obsecutum

167 4135 293 4215 Frater,
309 4158 351 4201 ne
366 4139 565 4203 deterrearis
580 4140 846 4218 difficultatibus,
861 4141 984 4223 quibus
1000 4149 1108 4202 scatet
1124 4138 1272 4201 officium
1298 4101 1453 4214 crustatim„

165 4239 357 4323 episcopale
367 4243 429 4307 hac
448 4253 560 4308 nostra
577 4248 773 4326 praesertim
792 4254 912 4319 aetate,
924 4264 1030 4326 neque
1049 4245 1273 4306 recedendum
1299 4232 1453 4345 :527²ng

167 4352 263 4425 putes
279 4366 299 4407 a
313 4348 464 4425 consilio,
482 4351 574 4431 quod
592 4350 762 4432 perlucide
784 4350 851 4413 iam
884 4370 984 4431 saepe
1011 4358 1203 4430 exequutus
1230 4369 1274 4425 cs,
1299 4362 1446 4410 docununta
