3117 4859
356 356 430 427 344
711 354 833 403 INDEX
861 352 1112 403 ANALl'TlCUS.

827 460 977 469 ——-——--
997 460 1155 467 n—-u--u--au-
1166 459 1456 467 *κη-μ*

355 507 425 563 solis
443 506 685 575 demandandum,
697 524 769 578 quos
791 508 860 577 Jesu
881 523 963 561 amor
975 506 1102 561 incendit
1112 504 1326 576 animarumque
1338 507 1458 561 studium

355 593 482 663 263·264.
495 624 531 633 -
540 600 570 661 3⁰
583 593 689 649 Curent
712 595 850 665 Episcopi
872 606 902 647 nt
924 594 961 648 ad
976 593 1082 647 Christi
1101 593 1197 647 lumen
1216 592 1395 648 adducantur
1412 594 1456 664 qui

355 682 456 735 sedent
488 682 583 736 adhuc
605 680 634 735 in
659 683 793 737 tenebris.
820 682 926 737 Statuit
948 681 1024 735 enim
1047 682 1127 735 Deus
1158 678 1288 735 homines
1319 697 1459 735 assumere

354 769 464 839 gratiae
475 785 544 823 suae
553 768 699 823 ministros
712 768 740 823 in
751 770 874 824 salutem
883 768 1042 823 animarum
1054 766 1219 837 264-265.-
1230 766 1460 837 hiultiplicandae

355 855 441 923 igitur
453 855 530 925 apud
546 856 633 910 Indos
646 856 843 925 expeditiones
865 872 965 911 sacrae
988 856 1047 924 265.
1063 882 1098 893 -·
1110 858 1138 920 4⁰
1148 852 1390 923 Ephemeridibus
1403 872 1459 925 per·

355 947 446 1001 versis
459 947 552 1001 bonae
565 958 753 1016 opponantur.
769 946 832 1001 Sint
855 947 1009 1017 scriptores
1029 945 1148 1001 scientia
1170 955 1198 1000 et
1219 944 1322 1000 virtute
1334 946 1462 1015 praediti,

355 1052 471 1089 suorum
491 1034 649 1090 officiorum
669 1052 822 1103 memores,
842 1046 927 1107 atque
951 1036 1160 1106 Episcoporum
1172 1033 1269 1089 ductui
1282 1033 1461 1103 consiliisque

355 1124 549 1192 obsequentes
568 1123 628 1189 265.
647 1122 781 1191 -Quae
801 1132 832 1176 ut
847 1138 984 1192 prospere
1005 1122 1168 1189 succedant,
1190 1120 1323 1191 implorat
1337 1122 1463 1175 Pontifex

356 1212 481 1266 coeleste
492 1209 666 1281 praesidium
679 1210 806 1279 zos-266.

391 1320 444 1369 50.
464 1318 672 1369 EPlSTOLll
686 1319 730 1369 ad
749 1318 844 1370 card.
859 1318 1061 1377 Sohdnborn,
1078 1318 1279 1381 Archiepisc.
1299 1319 1377 1367 Pra-

355 1418 486 1470 gensem
498 1408 539 1456 de
548 1408 806 1457 adolescentium
820 1408 1029 1457 institutione
1042 1407 1076 1455 in
1089 1407 1209 1457 scholis
1222 1406 1375 1467 publicis.

357 1519 388 1530 -
410 1496 425 1544 l
446 1496 529 1545 Maii
549 1495 643 1548 1894.
1311 1506 1376 1559 pag.
1414 1488 1462 1553 267

388 1595 524 1664 Acceptis
536 1597 574 1649 ab
590 1595 724 1649 Austriae
737 1595 891 1665 Episcopis
903 1594 1004 1649 litteris
1016 1604 1081 1665 post
1101 1604 1248 1662 peractum
1265 1606 1379 1649 coetum
1398 1594 1462 1647 Vin·

356 1684 561 1751 dobonensem,
574 1683 671 1739 laudat
685 1682 763 1751 ipsos
777 1682 908 1737 Pontifex
922 1684 950 1737 S.
965 1680 1048 1737 Sedis
1060 1680 1240 1736 documentis
1251 1680 1374 1738 fideliter
1386 1682 1463 1736 obse·

356 1782 437 1826 cutos
463 1771 523 1838 267.
548 1800 584 1809 —
610 1773 674 1825 Deo
698 1771 784 1825 refert
803 1782 952 1842 acceptam
984 1770 1013 1824 iu
1046 1780 1180 1840 provecta
1205 1780 1299 1824 aetate
1324 1770 1462 1839 integram

356 1859 559 1927 valetudinem,
584 1876 635 1931 per
659 1874 746 1928 quam
771 1858 827 1913 sibi
849 1858 933 1913 liceat
953 1857 1073 1911 arduum
1087 1856 1206 1927 implere
1225 1872 1328 1911 munus
1348 1855 1462 1924 regendi
1554 1899 1555 1906 ,

358 1948 519 2003 Ecclesiam
532 1967 540 2013 ;
553 1946 631 2017 quod
643 1946 760 2016 quidem
773 1957 870 2016 sperat
883 1946 1028 2015 etreliqua
1039 1944 1096 1998 vita
1109 1962 1140 1999 se
1153 1944 1343 2014 impleturum,
1353 1943 1464 2013 conspi-

357 2036 485 2091 rantibus
506 2052 604 2089 secum
626 2034 778 2104 Episcopis
801 2033 926 2099 267-268.
940 2062 975 2071 -
989 2034 1035 2086 De
1055 2032 1287 2087 adolescentibus
1308 2032 1337 2085 in
1361 2030 1464 2087 scholis

357 2122 478 2195 publicis
496 2124 550 2176 rite
562 2122 745 2176 instituendis
764 2121 912 2187 sollicitus,
924 2120 1029 2189 gaudet
1055 2119 1185 2173 Pontifex
1197 2118 1233 2172 de
1246 2118 1281 2172 iis
1293 2134 1369 2189 quae
1382 2134 1399 2171 a
1411 2126 1464 2172 stu·

357 2211 469 2265 diorum
479 2208 660 2263 moderatore
669 2225 704 2263 ea
713 2209 750 2262 de
758 2225 788 2261 re
797 2206 1113 2262 suntedicta268.-lis
1122 2206 1251 2261 refutatis
1259 2203 1465 2275 quidissidium

357 2300 522 2353 necessario
540 2314 605 2352 esse
622 2297 799 2353 contendunt
819 2296 933 2351 civilem
953 2296 1026 2349 inter
1039 2296 1238 2350 auctoritatem
1251 2304 1280 2349 et
1295 2294 1463 2357 Ecclesiam,

358 2386 474 2456 exponit
488 2394 637 2453 utramque
646 2394 745 2437 mutuo
759 2384 858 2438 deberi
871 2383 988 2438 foedere
1000 2382 1144 2451 conjungi,
1158 2382 1185 2437 in
1200 2380 1377 2435 instituenda
1390 2395 1466 2449 prae·

357 2473 457 2529 sertim
475 2475 644 2544 juventute;
668 2471 794 2541 illudque
817 2472 916 2526 foedus
939 2482 1035 2542 sperat
1060 2470 1217 2541 perfectum
1235 2468 1269 2524 iri
1289 2470 1319 2523 in
1343 2468 1464 2523 Austria

358 2560 508 2615 Benedicit
528 2558 653 2626 268-269.

394 2684 441 2734 51.
458 2684 666 2734 EPISTOLA
680 2686 722 2734 ad
736 2691 903 2737 curatores
915 2686 1031 2747 tempii
1048 2685 1264 2735 Franciscalis
1277 2684 1383 2733 Bono-

358 2773 483 2822 niensis
508 2774 549 2822 de
568 2772 672 2835 hujus
692 2775 943 2824 instauratione.
961 2800 994 2809 -
1013 2774 1050 2823 13
1068 2775 1086 2825 J
1093 2768 1161 2823 unii
1183 2772 1275 2822 1894.
1315 2782 1383 2836 pag.
1419 2778 1468 2829 27⁰

397 2874 510 2928 Gaudet
523 2873 652 2928 Pontifex
665 2873 855 2929 instauratum
869 2874 955 2929 fuisse
973 2874 1133 2943 sepulcrum
1146 2874 1225 2928 Alex.
1240 2872 1266 2925 V
1279 2872 1307 2927 in
1322 2872 1351 2927 S.
1362 2870 1465 2924 Frauc.

359 2962 531 3017 Assisiensis
544 2964 660 3034 templo,
674 2973 761 3033 atque
779 2964 835 3017 hoc
858 2962 951 3033 ipsum
972 2964 1059 3017 cultui
1072 2962 1182 3018 restitui
1196 2962 1293 3017 divino
1313 2972 1342 3017 et
1360 2960 1466 3014 formae

359 3049 497 3120 pristinae
510 3064 571 3116 270.
584 3079 620 3089 —
633 3050 762 3105 Laudem
775 3050 906 3120 proponit
926 3050 995 3105 artis
1008 3050 1183 3105 christianae
1196 3063 1256 3116 270.
1269 3078 1305 3087 -
1318 3048 1467 3103 Curatores

358 3142 488 3196 hortatur
497 3151 527 3195 ut
540 3142 569 3195 in
583 3158 669 3211 opere
680 3142 991 3212 perficiend0,consilio
1000 3153 1114 3198 utantur
1123 3140 1349 3211 Archiepiscopi,
1361 3151 1465 3209 eosque

359 3240 456 3299 sperat
469 3240 637 3284 executuros
656 3230 834 3299 propositum
848 3230 876 3285 in
891 3230 997 3302 templo
1011 3230 1191 3285 dedicandae
1206 3230 1319 3285 votivae
1332 3244 1402 3284 arae
1419 3239 1466 3295 pro

249 3309 253 3316 ’
359 3335 431 3388 pace
444 3316 590 3373 christiani
603 3318 701 3389 populi
712 3330 840 3386 ayo-271.

395 3419 446 3469 52.
461 3420 670 3470 EPISTOLA
684 3415 946 3472 APOSTO'LICA
959 3422 1167 3485 principibus
1188 3422 1385 3483 populisque

360 3507 646 3557 universis-20
664 3506 921 3559 sonnisse...
1315 3517 1381 3571 pag·
1418 3510 1467 3560 27²

397 3606 487 3661 Laeto
500 3607 597 3662 animo
605 3608 704 3663 recolit
718 3608 849 3665 Pontifex
862 3626 935 3681 quae
948 3611 985 3666 ob
998 3612 1169 3666 memoriam
1182 3606 1401 3680 primordiorum
1412 3604 1466 3674 epi·

360 3706 496 3764 scopatus
517 3694 560 3749 sui
583 3697 695 3765 accepit
713 3699 912 3766 gratulationis
925 3700 1058 3771 publicae
1071 3700 1243 3754 testimonia.
1260 3696 1465 3752 Catholicorum

360 3800 411 3838 cor
424 3800 510 3836 unum
523 3800 588 3839 esse
600 3786 629 3839 in
644 3787 672 3840 S.
686 3786 770 3840 Sedis
783 3790 922 3858 obsequio
935 3805 968 3842 eo
983 3787 1075 3858 magis
1088 3786 1205 3856 gavisus
1218 3796 1262 3840 est
1275 3786 1352 3855 quod
1366 3780 1466 3840 studuit

361 3889 475 3942 semper
498 3874 647 3931 universos
669 3889 767 3931 secum
786 3878 921 3948 colligare
934 3879 1062 3948 populos.
1077 3878 1198 3933 Gratum
1211 3885 1333 3930 testatur
1345 3873 1465 3929 animum

360 3961 399 4014 ob
411 3959 548 4028 pictatem
560 3972 588 4016 et
599 3963 738 4033 obsequia
747 3962 801 4017 sibi
819 3965 1010 4031 exhibitam
1022 3984 1029 4020 :
1044 3996 1077 4005 —
1088 3962 1196 4021 laetitia
1206 3973 1303 4018 tamen
1316 3959 1407 4016 minor
1417 3956 1465 4013 fuit

360 4048 554 4104 consideranti
572 4050 720 4106 homiuum
739 4051 883 4121 ingentem
901 4053 1112 4107 multitudinem
1124 4062 1172 4107 aut
1185 4051 1343 4122 expertium
1356 4046 1466 4103 omnino

360 4137 544 4205 evangelicae
562 4138 729 4208 sapientiae,
752 4151 801 4194 aut
822 4140 1021 4195 dissidentium
1042 4158 1060 4195 a
1081 4140 1223 4197 catholica
1250 4138 1321 4195 Fide
1345 4145 1466 4203 272·273·

363 4224 474 4280 Omnes
486 4226 618 4280 homines
632 4243 698 4281 cum
717 4228 785 4282 velit
807 4229 886 4283 Deus
899 4230 995 4283 salvos
1008 4229 1078 4297 fieri,
1092 4227 1224 4283 Pontifex
1236 4226 1395 4297 exemplum
1408 4219 1465 4275 irni-

362 4319 440 4365 tatus
460 4312 565 4366 Christi
587 4321 618 4366 ut
638 4329 739 4368 omnes
753 4330 841 4369 unum
861 4316 916 4369 sint
931 4316 1045 4370 Patrem
1064 4316 1200 4387 rogantis,
1213 4314 1313 4370 statuit
1334 4312 1370 4369 ad
1389 4305 1466 4364 Fidei
