3117 4859
222 388 406 439 arrsrouu
435 376 455 403 ‘⁴
474 388 628 451 Quunro
646 390 827 442 aaeuuru
847 390 1029 441 surculo.
1052 368 1069 394 '’
1136 390 1199 439 101

96 546 223 629 spernit
233 553 294 607 aut
304 544 396 625 parvi
409 543 566 607 aestimat
578 556 725 609 ceterum
735 566 842 629 genus
855 570 862 610 ε
875 548 981 610 immo
990 566 1069 609 vero
1083 566 1206 629 magna
1231 567 1380 625 versamus,

96 648 270 713 voluntate
282 647 393 711 lavere
404 646 634 730 honoremque
649 668 781 731 semper
793 649 916 714 habere
928 650 1102 715 consuevit
1113 668 1205 731 egre·
1232 637 1351 681 “mm“

96 755 148 837 gie
164 754 209 818 de
219 752 309 817 civili
321 751 498 815 hominum
512 749 747 812 coniunctione
759 749 886 812 meritis
897 759 999 833 atque
1011 749 1205 813 immortali·
1232 697 1384 825 dumwal-

96 866 202 922 tatem
233 856 323 939 apud
339 865 492 937 posteros
515 854 713 918 consecutis.
742 850 919 916 Mirabilir
934 850 1023 916 enirn
1056 851 1147 916 Deus
1161 862 1209 916 est
1232 826 1375 942 ffi'ff

98 962 248 1025 maxime
263 958 299 1022 in
314 958 437 1022 sanctis
450 958 521 1022 suis
533 980 546 1021 .·
560 957 619 1020 sed
636 955 769 1019 divinae
784 955 916 1021 virtutis
932 958 1003 1021 eius
1019 955 1052 1019 in
1069 956 1110 1020 iis
1123 977 1206 1039 quo·
1232 958 1303 1035 signi
1317 958 1385 1035 lnge-

98 1082 161 1146 que
172 1070 338 1146 apparent
365 1059 528 1145 impressa
546 1058 699 1141 vestigia,
715 1058 748 1121 iu
765 1058 887 1141 quibus
902 1059 1033 1124 eluceat
1044 1060 1093 1123 vis
1105 1078 1206 1144 quae·
1233 1023 1384 1139 xm?

98 1166 174 1230 darn
193 1166 296 1229 animi
309 1184 348 1229 ac
361 1164 483 1229 mentis
496 1163 676 1239 excellens,
688 1163 766 1245 quia
779 1183 847 1228 non
861 1164 996 1228 aliunde
1006 1164 1040 1228 in
1053 1164 1207 1229 homines
1229 1154 1298 1269 2:122
1296 1154 1374 1270 ἃς*

100 1268 212 1332 lumen
229 1268 355 1352 ingenii
371 1276 473 1350 atque
489 1266 667 1331 excelsitas
679 1266 794 1342 animi,
809 1269 872 1332 nisi
888 1290 909 1333 a
923 1259 1062 1354 parente
1078 1279 1113 1333 et
1132 1289 1207 1351 pro·
1227 1286 1361 1351 junctioni
1440 1314 1445 1321 -

100 1384 250 1439 creatore
266 1374 343 1437 Deo
358 1370 620 1455 proficiscuntur.
1229 1350 1330 1466 m*

142 1477 213 1543 Sed
228 1488 402 1559 praeterea
417 1477 483 1540 alia
498 1485 549 1539 est
564 1494 692 1552 caussa,
708 1476 894 1559 eademque
910 1496 1045 1559 prorsus
1061 1476 1207 1559 singula·
1267 1498 1361 1575 singu-

99 1584 148 1659 ris,
183 1580 405 1665 quamobrem
437 1584 652 1648 recolendum
680 1584 777 1648 nobis
810 1585 951 1649 memori
982 1584 1208 1668 gratulatione
1234 1562 1386 1679 ‘Easslssff‘

99 1696 256 1769 putemus
271 1686 462 1752 immortale
478 1687 614 1751 sactum.
632 1685 800 1752 Nimirum
815 1688 999 1755 Columbus
1016 1700 1130 1755 noster
1141 1700 1208 1753 est:
1236 1694 1385 1743 Columbum

100 1792 374 1876 quandoquidem
385 1794 412 1855 si
423 1792 593 1875 paulisper
602 1802 773 1875 spectetur
785 1812 852 1875 qua
864 1794 1207 1877 potissimumcaussa
1229 1759 1384 1890 {mi-ur·

100 1895 274 1960 consilium
291 1896 381 1979 cepit
396 1896 598 1961 tenebrosum
609 1918 701 1961 mare
715 1897 920 1980 conquirere,
936 1906 969 1959 et
986 1916 1051 1979 qua
1079 1898 1208 1961 ratione
1233 1905 1286 2003 ἕξ·
1317 1905 1374 2003 ’ἶς’

99 1999 273 2062 consilium
289 2009 431 2064 conatus
446 2010 497 2065 est
509 2001 798 2085 exequi‚dubitari
811 2019 876 2063 non
891 1992 1013 2081 potest,
1025 2000 1206 2084 plurimum
1231 2019 1364 2083 praecipue

100 2103 132 2166 in
148 2124 182 2166 re
198 2102 412 2186 suscipienda
428 2104 698 2188 perficiendaque
710 2104 861 2186 potuisse
877 2102 977 2169 fidem
994 2104 1207 2175 catholicam.
1233 2086 1312 2200 rw}
1319 2084 1368 2199 ffr-

101 2207 198 2271 itaut
215 2226 282 2271 nou
300 2226 419 2290 parum
434 2208 499 2274 hoc
524 2211 627 2275 etiam
653 2211 790 2274 nomine
806 2212 997 2274 universum
1029 2210 1205 2274 hominum
1233 2216 1382 2279 musque

99 2330 204 2391 genus
218 2310 341 2376 debeat
358 2312 539 2378 Ecclesiae.
1233 2280 1331 2331 rmdas.

141 2415 259 2479 Fortes
275 2417 413 2499 quidem
429 2427 532 2501 atque
554 2418 766 2497 experientes
783 2415 853 2494 viri,
869 2436 945 2480 cum
962 2426 1041 2481 ante
1057 2416 1205 2483 Christo·
1254 2428 1386 2479 Nonnulli

100 2519 239 2601 phorum
256 2519 461 2587 Columbum
478 2530 551 2586 tum
563 2528 691 2603 postea,
706 2530 925 2584 numerantur
941 2540 1007 2583 non
1025 2520 1132 2601 pauci,
1148 2519 1205 2602 qui
1231 2495 1384 2623 {mg}

100 2622 239 2706 ignotas,
249 2635 362 2700 terras,
376 2624 543 2707 ignotiora
557 2625 662 2687 maria
678 2624 839 2707 pertinaci
849 2624 963 2689 studio
979 2624 1207 2706 exquisierint.
1233 2626 1330 2704 epulas
1340 2641 1382 2675 ex-

101 2724 249 2807 Quorum
261 2727 457 2793 memoriam
476 2727 565 2791 lama
592 2727 777 2803 hominum,
798 2727 1036 2792 beneficiorum
1069 2748 1205 2807 memor,
1231 2697 1381 2817 mm

101 2829 168 2893 iure
178 2832 763 2915 praedicatpraedicabit,propterea
774 2832 866 2917 quod
880 2832 1093 2897 scientiarum
1104 2842 1206 2917 atque
1231 2822 1382 2937 mlum

101 2933 316 3000 humanitatis
332 2956 560 3019 propagavere
583 2934 676 3013 fines,
697 2956 980 3017 communemque
1003 2938 1204 3020 prosperita·
1230 2952 1308 3002 ducti.

102 3046 168 3100 tem
180 3058 317 3103 auxere:
334 3037 436 3123 idque
446 3060 512 3103 non
530 3040 596 3103 levi
607 3039 756 3123 negotio,
771 3041 829 3104 sed
846 3060 905 3123 per
917 3059 1083 3103 summam
1101 3042 1205 3104 animi

102 3145 358 3220 contentionem,
373 3164 435 3208 uec
450 3163 525 3208 raro
546 3163 605 3228 per
621 3163 754 3209 summa
770 3143 927 3227 pericula.
942 3180 986 3191 -
1003 3142 1066 3207 Est
1082 3156 1206 3220 tamen,
1264 3169 1299 3218 ln
1334 3167 1381 3218 σο.

103 3248 188 3328 quod
213 3246 276 3311 hos
292 3247 380 3311 inter
409 3258 511 3329 atque
535 3266 623 3325 euru,
637 3249 681 3313 de
696 3268 764 3331 quo
795 3248 971 3329 loquimur,
1001 3264 1206 3329 magnopere
1230 3233 1381 3348 mul?

103 3348 238 3416 differat.
253 3350 424 3415 Videlicet
450 3351 533 3415 haec
560 3352 740 3436 praecipue
766 3361 847 3416 nota
865 3350 1069 3415 Columbum
1086 3349 1205 3413 distin·
1230 3364 1360 3428 religionis

102 3453 181 3535 guit,
194 3456 282 3538 quod
299 3456 492 3519 emetiendo
515 3456 790 3537 remetiendoque
806 3454 970 3518 immensa
986 3451 1114 3517 Oceani
1130 3474 1205 3536 spa·
1230 3431 1382 3545 Ξζῖἔιξᾟξ,

102 3556 156 3634 tia,
172 3560 277 3624 malus
292 3559 455 3642 quiddam
470 3570 572 3641 atque
598 3558 699 3623 altius
714 3578 816 3641 quarn
834 3558 945 3634 ceteri,
961 3557 1108 3639 petebat.
1126 3557 1204 3621 Non
1231 3560 1307 3610 luisse
1328 3575 1382 3609 con-

102 3663 190 3743 quod
204 3663 284 3727 nihil
311 3664 369 3727 ille
386 3674 575 3729 moveretur
598 3664 837 3727 honestissima
866 3661 1054 3745 cupiditate
1070 3662 1208 3739 sciendi,
1230 3632 1287 3677 Μ’

102 3762 249 3848 beneque
263 3768 307 3831 de
323 3767 501 3831 bominum
518 3767 679 3829 societate
695 3764 845 3830 merendi
858 3789 867 3845 ;
880 3786 940 3829 nec
957 3765 1047 3847 quod
1064 3764 1205 3848 gloriam

103 3876 335 3947 contemneret,
349 3872 444 3934 cuius
458 3870 604 3935 acriores
614 3869 647 3932 iu
665 3870 795 3951 magnis
811 3869 1001 3953 pectoribus
1015 3869 1123 3933 solent
1136 3888 1209 3932 esse

105 3988 237 4049 morsus,
251 3985 312 4039 aut
327 3994 420 4057 spem
438 3974 623 4038 utilitatum
640 3993 775 4037 suarum
792 3972 943 4038 funditus
958 3982 1208 4055 aspernaretur:

104 4092 213 4139 verum
228 4096 308 4161 prae
323 4077 376 4142 his
397 4079 553 4143 humanis
579 4077 763 4143 rationibus
779 4080 943 4144 universis
974 4079 1125 4161 longeio
1150 4077 1207 4142 illo

107 4180 189 4243 ratio
203 4181 306 4246 valuit
321 4182 493 4266 religionis
510 4184 629 4261 avitae,
646 4185 772 4268 quippe
788 4204 875 4267 quae
894 4184 965 4247 sine
982 4182 1051 4246 ulla
1072 4182 1207 4246 dubita·

106 4282 196 4347 tione
218 4297 252 4351 et
266 4307 342 4352 eam
369 4298 518 4352 mentem
542 4288 819 4373 voluntatemque
847 4288 976 4352 homini
993 4287 1096 4363 dedit,
1113 4294 1146 4349 et
1172 4284 1206 4349 in

107 4389 242 4453 summis
253 4411 355 4476 saepe
370 4390 623 4456 difficultatibus
638 4392 864 4457 constantiam
881 4412 957 4455 curn
974 4391 1095 4455 solatio
1112 4410 1205 4473 prae-
