3117 4859
474 391 596 441 INDEX
623 391 875 443 ANALYTICUS.
895 348 898 353 ‘
1158 392 1230 461 329

122 544 211 600 Laete
231 540 331 597 recolit
351 540 458 596 indicia
469 542 584 597 divinae
594 542 706 611 gratiae
725 543 837 611 Anglos
850 542 887 598 ad
901 542 1041 598 unitatem
1055 540 1229 595 catholicam

121 630 272 699 moventis,
285 640 371 699 atque
383 630 531 685 charitatis
544 647 614 684 suae
627 646 743 684 sensum
757 630 891 700 Apostoli
903 630 998 685 verbis
1009 639 1129 685 testatur
1141 642 1184 696 43.
1195 657 1230 666 -

121 718 231 773 Omnes
244 718 273 771 in
287 716 392 787 Anglia
404 717 576 772 dissidentes
596 733 697 787 preces
715 716 752 771 ad
774 718 869 773 Deum
889 717 1019 784 tundant,
1031 727 1061 771 ut
1082 715 1230 771 doctrinae

121 806 226 861 Christi
245 804 396 860 veritatem
416 804 579 875 perspicere
598 805 716 859 coelesti
734 805 843 860 lumine
856 806 970 860 valeant
982 819 1073 873 43-44.
1100 834 1134 842 ——
1147 803 1229 857 Adeo

120 894 309 949 inveteratum
340 893 491 948 dissidium
514 903 544 947 ut
568 893 679 964 possint
693 891 749 963 ipsi
770 893 949 963 restinguere
969 892 1113 948 Dominus
1135 890 1228 962 provi·

119 983 207 1051 debit,
221 982 308 1035 modo
317 982 431 1035 sincero
443 991 471 1035 et
484 982 560 1036 bono
573 982 671 1035 animo
685 998 743 1035 rem
756 981 960 1051 aggrediantur
971 994 1014 1047 44.
1028 1009 1063 1019 -
1079 982 1112 1034 ln
1122 994 1230 1034 memo·

119 1070 190 1126 riam
204 1069 315 1126 reducit
335 1069 465 1123 Pontifex
479 1070 617 1124 tredecim
634 1070 741 1123 abhinc
764 1070 887 1125 saeculis
909 1079 1074 1138 susceptam
1094 1068 1185 1123 fuisse
1201 1068 1229 1119 in

119 1158 224 1227 Anglia
243 1156 415 1212 catholicam
434 1156 546 1225 Fidem,
564 1156 733 1227 Auglosque
747 1156 918 1212 adhortatur
937 1165 968 1211 ut
980 1158 1113 1211 eamdem
1127 1156 1231 1210 iterum

119 1246 329 1314 amplectantur
341 1257 433 1313 44-45.
444 1274 480 1283 -
493 1245 658 1299 Catholicos
668 1262 736 1300 vero
748 1255 845 1314 sperat
858 1254 989 1299 oraturos
1003 1245 1129 1299 fraterna
1141 1243 1231 1299 chari-

119 1342 177 1388 tate
199 1332 467 1403 prodissidentibus
477 1345 520 1401 45.
535 1362 569 1371 -
588 1334 769 1401 Singularem
790 1333 848 1387 vim
861 1333 929 1387 talis
942 1332 1080 1387 orationis
1094 1331 1229 1399 ostendit,

119 1431 148 1475 et
168 1420 316 1491 antiquam
335 1430 474 1475 memorat
488 1420 717 1475 Christianorum
739 1419 975 1476 consuetudinem
997 1437 1048 1490 pro
1069 1419 1132 1475 aliis
1152 1420 1230 1473 dona

120 1507 185 1576 Dei,
195 1509 349 1577 praecipue
360 1507 473 1575 Fidem,
481 1507 601 1577 rogandi
614 1522 657 1578 45.
672 1539 706 1549 -
727 1508 882 1564 Orationes
895 1509 1057 1578 expostulat
1079 1517 1108 1561 et
1130 1508 1230 1576 prolis

118 1595 167 1665 qui
181 1596 277 1651 Deum
299 1596 442 1665 ignorant,
455 1596 522 1651 licet
542 1596 598 1650 sint
611 1597 755 1651 catholico
768 1596 886 1651 nomine
899 1595 992 1650 ornati
1005 1609 1047 1664 45.
1067 1624 1101 1635 -·
1117 1594 1231 1649 Fideles

119 1683 288 1737 adhortatur
299 1694 329 1738 ut
349 1684 501 1739 virtutibus
514 1693 542 1738 et
556 1683 639 1738 bonis
662 1682 797 1753 operibus
816 1700 881 1739 sese
900 1683 1009 1738 dedant
1018 1682 1122 1753 quibus
1135 1683 1229 1738 effica-

119 1770 179 1825 cior
191 1787 291 1825 eorum
301 1771 350 1826 liat
365 1772 456 1825 oratio
468 1769 560 1839 45-46.
570 1800 605 1809 -
620 1771 758 1842 implorat
772 1772 896 1827 Sanctos
905 1772 1029 1840 Angliae
1041 1780 1187 1840 patronos,
1200 1780 1230 1825 et

120 1868 186 1912 ante
199 1875 299 1913 omnes
319 1858 531 1914 sanctissimam
553 1858 730 1914 Genitriccm
753 1859 809 1913 Dei
830 1860 872 1924 46.
886 1889 921 1898 -
944 1860 1064 1913 Precum
1077 1857 1173 1913 officia
1192 1857 1230 1912 ad

121 1944 202 2000 Fidei
215 1946 356 2001 unitatem
366 1946 554 2001 obtinendam
572 1946 632 2016 jam
654 1945 792 2013 instituta,
807 1946 996 2017 inprimisque
1018 1945 1133 2000 Rosarii
1145 1962 1230 2001 usum

119 2034 302 2089 commendat
320 2036 363 2100 46.
386 2064 420 2073 -
443 2034 639 2103 indulgentias
661 2033 761 2088 tribuit
786 2034 940 2088 lucrandas
955 2035 1046 2100 4647.
1069 2063 1106 2073 -
1122 2031 1230 2087 Christi

119 2120 348 2177 obsecrationem
379 2120 415 2176 de
427 2120 537 2176 unitate
549 2120 641 2189 iterat,
654 2122 807 2192 faustaque
820 2121 1024 2176 Britannorum
1038 2122 1115 2191 genti
1129 2121 1230 2191 adpre·

119 2218 199 2263 catur
210 2223 254 2275 47.
267 2240 303 2249 -
320 2210 368 2263 Ad
378 2209 449 2263 ΞΜ
462 2208 612 2279 Virginem
625 2226 677 2278 pro
697 2210 818 2279 Angelis
837 2209 972 2265 iratribus
994 2208 1124 2280 precatio
1136 2209 1227 2274 47-48.

123 2374 127 2381 ·
153 2351 200 2401 12.
221 2352 482 2403 EPISTOLAad
491 2354 529 2403 D.
542 2349 752 2404 Gherardum
763 2365 831 2403 van
839 2353 1140 2413 Caloen,deordine

118 2439 147 2489 S.
165 2441 333 2491 Benedicti
348 2441 568 2492 instaurando
581 2443 615 2490 in
630 2443 781 2492 Brasilia.
798 2465 832 2475 ——
846 2442 890 2491 24
905 2442 1029 2504 Aprilis
1046 2441 1137 2493 1895.

1072 2541 1137 2594 pag.
1193 2537 1228 2590 49

153 2643 267 2698 Gaudet
281 2643 411 2698 Pontifex
424 2646 458 2697 D.
474 2644 652 2699 Gherardum
665 2661 719 2699 van
739 2645 858 2714 Caloen,
874 2646 1014 2701 Ordinem
1028 2646 1057 2700 S.
1077 2642 1227 2699 Benedicti

116 2731 339 2786 instauraturum
358 2732 386 2784 in
404 2732 535 2800 Brasilia,
554 2733 679 2802 benigne
693 2732 731 2788 ibi
751 2744 899 2805 receptum
917 2734 1005 2789 fuisse
1023 2749 1067 2803 49.
1085 2763 1121 2774 -
1140 2733 1229 2802 Cujus

117 2818 244 2875 stimulat
257 2819 386 2873 animum
399 2828 429 2873 ut
449 2820 477 2874 in
491 2831 595 2891 coepto
605 2832 703 2891 pergat
722 2838 818 2891 opere,
832 2821 992 2892 opitulante
1004 2832 1090 2891 gente
1109 2820 1227 2889 Belgica

116 2923 167 2976 per
175 2907 328 2977 pecuniam
341 2917 368 2961 et
383 2905 460 2961 viros
473 2908 579 2963 laboris
598 2910 701 2963 socios.
728 2909 879 2964 Benedicit
892 2922 983 2979 49-50.

150 3032 197 3083 13.
219 3033 432 3083 EPISTOLA
446 3045 489 3095 ap
502 3034 597 3086 Card.
618 3034 711 3093 Nato,
726 3036 959 3086 patriarcham
974 3036 1138 3096 Ulissipo-

114 3121 313 3180 nensem,de
333 3120 540 3171 centenariis
561 3122 766 3171 solemnibus
776 3123 806 3172 S.
819 3122 1040 3172 Antonin-2
1053 3120 1136 3170 Maii

114 3208 204 3259 1895.
1068 3220 1134 3273 pag.
1192 3216 1222 3270 51

151 3314 297 3369 Laudibus
308 3325 390 3369 ornat
405 3314 536 3369 Pontifex
550 3316 582 3369 S.
595 3314 754 3369 Antonium
770 3329 811 3385 51.
824 3346 860 3355 —
869 3317 938 3384 Jure
950 3316 1005 3386 ipsi
1016 3326 1226 3386 praeparantur

113 3401 280 3456 centenaria
293 3402 442 3470 solemnia,
455 3403 576 3457 multum
595 3403 712 3473 quidem
726 3403 766 3457 rei
787 3403 947 3473 religiosae,
961 3402 1083 3474 ideoque
1101 3413 1129 3457 et
1148 3402 1225 3458 civili

114 3490 262 3558 profutura
276 3502 316 3559 51.
328 3520 362 3529 —
384 3491 490 3545 Probat
503 3500 618 3545 coetum
631 3491 839 3546 catholicorum
852 3509 887 3546 ex
904 3491 1070 3547 nationibus
1083 3491 1224 3547 universis

116 3575 313 3647 Ulissiponem
325 3577 389 3645 cogi
401 3590 445 3646 51·
450 3590 493 3646 52.
507 3608 543 3617 -
557 3579 700 3647 Prospera
712 3578 887 3647 Lusitaniae,
907 3580 944 3633 D.
958 3580 1086 3634 Antonio
1099 3578 1223 3649 auspice,

113 3663 265 3731 ominatur,
278 3674 307 3719 et
320 3664 465 3719 benedicit
480 3677 522 3732 52.
883 3662 885 3665 ’

147 3799 196 3848 14.
219 3798 441 3849 LITTERAE
455 3800 748 3851 APOSTOLICAE
761 3802 886 3861 quihus
904 3803 1134 3864 approbantur
1199 3858 1202 3864 ¹

113 3890 243 3951 regulas
252 3888 446 3937 Oblatarum
459 3889 544 3939 sacri
558 3889 672 3940 cordis
684 3890 773 3940 Jesu.
784 3913 820 3924 -
832 3890 854 3939 4
866 3891 949 3940 Maii
962 3891 1051 3942 1895.
1066 3906 1131 3959 pag.
1188 3901 1221 3957 53

68 4040 70 4047 ·
147 4010 325 4067 Sodalitates
347 4012 499 4069 mulierum
523 4014 632 4083 gloriae
652 4014 707 4069 Dei
727 4013 946 4071 inservientium
967 4034 1001 4073 ac
1025 4020 1220 4088 proximorum

112 4096 196 4151 saluti
222 4098 337 4167 egregie
362 4099 461 4153 laudat
483 4099 614 4157 Pontifex
637 4114 677 4169 53.
703 4130 739 4141 -
762 4103 842 4157 lnter
866 4104 930 4158 ilias
961 4104 1153 4161 adsciscendo
1176 4117 1220 4162 est

113 4185 304 4253 Congregatio
316 4187 485 4242 Oblatarum
494 4188 545 4243 SS.
555 4188 660 4244 Cordis
668 4190 737 4259 Jesu
749 4206 850 4245 recens
863 4190 983 4247 tundata
995 4205 1008 4261 5
1012 4208 1075 4262 3.-
1084 4196 1219 4249 Sororum

112 4271 245 4326 laudatae
260 4272 393 4341 Unionis,
406 4290 518 4329 necnon
531 4272 548 4302 ‘¹
561 4274 731 4330 Oblatarum
741 4278 942 4347 saecularium,
957 4276 972 4307 ''
982 4289 1010 4335 et
1019 4280 1037 4309 “
1049 4280 1219 4336 Oblatarum

113 4360 277 4414 docentium
291 4376 309 4415 a
322 4361 373 4417 SS.
388 4361 507 4417 Corde”
518 4360 619 4419 munia
625 4375 807 4434 exponuntur
816 4378 830 4435 5
834 4379 907 4436 5-54.
920 4396 956 4408 -
970 4368 1004 4423 ln
1015 4368 1109 4425 varias
1118 4379 1220 4440 gentes
