<?xml version="1.0" encoding="UTF-8"?>
<!DOCTYPE html PUBLIC "-//W3C//DTD XHTML 1.0 Transitional//EN"
    "http://www.w3.org/TR/xhtml1/DTD/xhtml1-transitional.dtd">
<html xmlns="http://www.w3.org/1999/xhtml" xml:lang="en" lang="en">
 <head>
  <title>
</title>
<meta http-equiv="Content-Type" content="text/html;charset=utf-8" />
  <meta name='ocr-system' content='tesseract 3.04.00' />
  <meta name='ocr-capabilities' content='ocr_page ocr_carea ocr_par ocr_line ocrx_word'/>
</head>
<body>
  <div class='ocr_page' id='page_1' title='image "./sanctissimidomi04xiiigoog_0491.png"; bbox 0 0 3117 4859; ppageno 0'>
   <div class='ocr_carea' id='block_1_1' title="bbox 121 351 1231 420">
    <p class='ocr_par' dir='ltr' id='par_1_1' title="bbox 121 351 1231 420">
     <span class='ocr_line' id='line_1_1' title="bbox 121 351 1231 420; baseline -0.01 -11"><span class='ocrx_word' id='word_1_1' title='bbox 121 359 174 409; x_wconf 84' lang='lat' dir='ltr'>DE</span> <span class='ocrx_word' id='word_1_2' title='bbox 193 357 374 408; x_wconf 84' lang='lat' dir='ltr'>lUBlLAEO</span> <span class='ocrx_word' id='word_1_3' title='bbox 393 356 435 405; x_wconf 89' lang='lat' dir='ltr'>IN</span> <span class='ocrx_word' id='word_1_4' title='bbox 456 353 741 409; x_wconf 73' lang='lat' dir='ltr'>snucuuaurssus</span> <span class='ocrx_word' id='word_1_5' title='bbox 762 351 894 403; x_wconf 81' lang='lat' dir='ltr'>FESTIS</span> <span class='ocrx_word' id='word_1_6' title='bbox 912 351 1117 404; x_wconf 85' lang='lat' dir='ltr'>CLODOVEI.</span> <span class='ocrx_word' id='word_1_7' title='bbox 1162 351 1231 420; x_wconf 83' lang='lat'>123</span> 
     </span>
    </p>
   </div>
   <div class='ocr_carea' id='block_1_2' title="bbox 120 492 1231 579">
    <p class='ocr_par' dir='ltr' id='par_1_2' title="bbox 120 492 1231 579">
     <span class='ocr_line' id='line_1_2' title="bbox 120 492 1231 579; baseline -0.003 -18"><span class='ocrx_word' id='word_1_8' title='bbox 120 508 209 576; x_wconf 91' lang='lat' dir='ltr'>sunt,</span> <span class='ocrx_word' id='word_1_9' title='bbox 218 499 311 561; x_wconf 91' lang='lat' dir='ltr'>hisce</span> <span class='ocrx_word' id='word_1_10' title='bbox 322 497 457 579; x_wconf 90' lang='lat' dir='ltr'>pietatis</span> <span class='ocrx_word' id='word_1_11' title='bbox 466 505 604 559; x_wconf 89' lang='lat' dir='ltr'>sanctae</span> <span class='ocrx_word' id='word_1_12' title='bbox 616 494 831 559; x_wconf 89' lang='lat' dir='ltr'>conditiones</span> <span class='ocrx_word' id='word_1_13' title='bbox 843 492 1050 578; x_wconf 79' lang='lat' dir='ltr'>perfecturis.</span> <span class='ocrx_word' id='word_1_14' title='bbox 1060 492 1231 557; x_wconf 86' lang='lat' dir='ltr'>Videlicet</span> 
     </span>
    </p>
   </div>
   <div class='ocr_carea' id='block_1_3' title="bbox 119 592 1366 680">
    <p class='ocr_par' dir='ltr' id='par_1_3' title="bbox 119 592 1366 680">
     <span class='ocr_line' id='line_1_3' title="bbox 119 592 1366 680; baseline -0.007 -12"><span class='ocrx_word' id='word_1_15' title='bbox 119 612 159 669; x_wconf 93' lang='lat' dir='ltr'>ut</span> <span class='ocrx_word' id='word_1_16' title='bbox 173 605 258 668; x_wconf 90' lang='lat' dir='ltr'>duas</span> <span class='ocrx_word' id='word_1_17' title='bbox 285 600 442 666; x_wconf 88' lang='lat' dir='ltr'>ecclesias</span> <span class='ocrx_word' id='word_1_18' title='bbox 467 600 612 665; x_wconf 90' lang='lat' dir='ltr'>civitatis</span> <span class='ocrx_word' id='word_1_19' title='bbox 639 601 691 664; x_wconf 93' lang='lat' dir='ltr'>vel</span> <span class='ocrx_word' id='word_1_20' title='bbox 708 599 783 677; x_wconf 89' lang='lat' dir='ltr'>loci,</span> <span class='ocrx_word' id='word_1_21' title='bbox 798 601 843 663; x_wconf 85' lang='lat' dir='ltr'>ab</span> <span class='ocrx_word' id='word_1_22' title='bbox 868 598 1058 665; x_wconf 88' lang='lat' dir='ltr'>Ordinariis</span> <span class='ocrx_word' id='word_1_23' title='bbox 1086 598 1230 680; x_wconf 90' lang='lat' dir='ltr'>propriis</span> <span class='ocrx_word' id='word_1_24' title='bbox 1335 592 1366 608; x_wconf 81' lang='lat'>‘&#39;</span> 
     </span>
    </p>
   </div>
   <div class='ocr_carea' id='block_1_4' title="bbox 81 701 1297 4430">
    <p class='ocr_par' dir='ltr' id='par_1_4' title="bbox 81 701 1297 4430">
     <span class='ocr_line' id='line_1_4' title="bbox 119 701 1231 792; baseline -0.011 -17"><span class='ocrx_word' id='word_1_25' title='bbox 119 705 359 792; x_wconf 87' lang='lat' dir='ltr'>designandas,</span> <span class='ocrx_word' id='word_1_26' title='bbox 373 705 425 769; x_wconf 91' lang='lat' dir='ltr'>bis</span> <span class='ocrx_word' id='word_1_27' title='bbox 441 704 576 782; x_wconf 86' lang='lat' dir='ltr'>adeant,</span> <span class='ocrx_word' id='word_1_28' title='bbox 592 702 643 768; x_wconf 88' lang='lat' dir='ltr'>vel</span> <span class='ocrx_word' id='word_1_29' title='bbox 673 705 701 767; x_wconf 93' lang='lat' dir='ltr'>si</span> <span class='ocrx_word' id='word_1_30' title='bbox 718 723 786 767; x_wconf 91' lang='lat' dir='ltr'>una</span> <span class='ocrx_word' id='word_1_31' title='bbox 801 712 934 767; x_wconf 90' lang='lat' dir='ltr'>tantum</span> <span class='ocrx_word' id='word_1_32' title='bbox 953 701 998 766; x_wconf 93' lang='lat' dir='ltr'>ibi</span> <span class='ocrx_word' id='word_1_33' title='bbox 1019 702 1063 765; x_wconf 90' lang='lat' dir='ltr'>sit</span> <span class='ocrx_word' id='word_1_34' title='bbox 1079 701 1231 779; x_wconf 87' lang='lat' dir='ltr'>ecclesia,</span> 
     </span>
     <span class='ocr_line' id='line_1_5' title="bbox 120 803 1230 892; baseline -0.009 -16"><span class='ocrx_word' id='word_1_35' title='bbox 120 831 195 878; x_wconf 86' lang='lat' dir='ltr'>earn</span> <span class='ocrx_word' id='word_1_36' title='bbox 212 810 337 874; x_wconf 84' lang='lat' dir='ltr'>adeant</span> <span class='ocrx_word' id='word_1_37' title='bbox 352 818 481 892; x_wconf 79' lang='lat' dir='ltr'>quater,</span> <span class='ocrx_word' id='word_1_38' title='bbox 497 804 612 890; x_wconf 85' lang='lat' dir='ltr'>ibique</span> <span class='ocrx_word' id='word_1_39' title='bbox 627 807 825 891; x_wconf 81' lang='lat' dir='ltr'>aliquandiu</span> <span class='ocrx_word' id='word_1_40' title='bbox 842 827 904 889; x_wconf 90' lang='lat' dir='ltr'>pro</span> <span class='ocrx_word' id='word_1_41' title='bbox 916 806 1071 869; x_wconf 88' lang='lat' dir='ltr'>libertate</span> <span class='ocrx_word' id='word_1_42' title='bbox 1087 815 1122 868; x_wconf 91' lang='lat' dir='ltr'>et</span> <span class='ocrx_word' id='word_1_43' title='bbox 1134 803 1230 868; x_wconf 84' lang='lat' dir='ltr'>exal-</span> 
     </span>
     <span class='ocr_line' id='line_1_6' title="bbox 81 907 1229 992; baseline -0.007 -13"><span class='ocrx_word' id='word_1_44' title='bbox 81 914 85 918; x_wconf 78' lang='grc'><strong>’</strong></span> <span class='ocrx_word' id='word_1_45' title='bbox 121 914 252 979; x_wconf 89' lang='lat' dir='ltr'>tatione</span> <span class='ocrx_word' id='word_1_46' title='bbox 267 922 407 976; x_wconf 88' lang='lat' dir='ltr'>sanctae</span> <span class='ocrx_word' id='word_1_47' title='bbox 424 911 544 975; x_wconf 89' lang='lat' dir='ltr'>Matris</span> <span class='ocrx_word' id='word_1_48' title='bbox 558 910 739 986; x_wconf 85' lang='lat' dir='ltr'>Ecclesiae,</span> <span class='ocrx_word' id='word_1_49' title='bbox 750 929 812 991; x_wconf 89' lang='lat' dir='ltr'>pro</span> <span class='ocrx_word' id='word_1_50' title='bbox 828 928 912 992; x_wconf 89' lang='lat' dir='ltr'>pace</span> <span class='ocrx_word' id='word_1_51' title='bbox 922 919 956 973; x_wconf 91' lang='lat' dir='ltr'>et</span> <span class='ocrx_word' id='word_1_52' title='bbox 968 910 1098 972; x_wconf 88' lang='lat' dir='ltr'>unitate</span> <span class='ocrx_word' id='word_1_53' title='bbox 1111 907 1229 990; x_wconf 91' lang='lat' dir='ltr'>populi</span> 
     </span>
     <span class='ocr_line' id='line_1_7' title="bbox 121 1012 1229 1097; baseline -0.006 -17"><span class='ocrx_word' id='word_1_54' title='bbox 121 1017 303 1093; x_wconf 88' lang='lat' dir='ltr'>christiani,</span> <span class='ocrx_word' id='word_1_55' title='bbox 319 1037 380 1097; x_wconf 90' lang='lat' dir='ltr'>pro</span> <span class='ocrx_word' id='word_1_56' title='bbox 402 1015 621 1078; x_wconf 85' lang='lat' dir='ltr'>conversione</span> <span class='ocrx_word' id='word_1_57' title='bbox 638 1021 863 1096; x_wconf 89' lang='lat' dir='ltr'>peccatorum,</span> <span class='ocrx_word' id='word_1_58' title='bbox 880 1012 1029 1094; x_wconf 89' lang='lat' dir='ltr'>itemque</span> <span class='ocrx_word' id='word_1_59' title='bbox 1042 1012 1229 1075; x_wconf 90' lang='lat' dir='ltr'>secundum</span> 
     </span>
     <span class='ocr_line' id='line_1_8' title="bbox 123 1114 1231 1202; baseline -0.005 -18"><span class='ocrx_word' id='word_1_60' title='bbox 123 1131 270 1185; x_wconf 84' lang='lat' dir='ltr'>mentem</span> <span class='ocrx_word' id='word_1_61' title='bbox 300 1121 462 1184; x_wconf 87' lang='lat' dir='ltr'>Nostram</span> <span class='ocrx_word' id='word_1_62' title='bbox 497 1119 571 1202; x_wconf 90' lang='lat' dir='ltr'>pias</span> <span class='ocrx_word' id='word_1_63' title='bbox 593 1119 643 1198; x_wconf 71' lang='lat' dir='ltr'>=ad</span> <span class='ocrx_word' id='word_1_64' title='bbox 675 1117 787 1182; x_wconf 92' lang='lat' dir='ltr'>Deum</span> <span class='ocrx_word' id='word_1_65' title='bbox 816 1137 930 1199; x_wconf 87' lang='lat' dir='ltr'>preces</span> <span class='ocrx_word' id='word_1_66' title='bbox 961 1114 1162 1194; x_wconf 82' lang='lat' dir='ltr'>effundant;</span> <span class='ocrx_word' id='word_1_67' title='bbox 1193 1125 1231 1179; x_wconf 93' lang='lat' dir='ltr'>ut</span> 
     </span>
     <span class='ocr_line' id='line_1_9' title="bbox 122 1221 1231 1306; baseline -0.003 -19"><span class='ocrx_word' id='word_1_68' title='bbox 122 1233 262 1306; x_wconf 89' lang='lat' dir='ltr'>peccata</span> <span class='ocrx_word' id='word_1_69' title='bbox 279 1244 339 1286; x_wconf 87' lang='lat' dir='ltr'>sua</span> <span class='ocrx_word' id='word_1_70' title='bbox 357 1225 418 1287; x_wconf 88' lang='lat' dir='ltr'>rite</span> <span class='ocrx_word' id='word_1_71' title='bbox 434 1223 587 1297; x_wconf 90' lang='lat' dir='ltr'>confessi,</span> <span class='ocrx_word' id='word_1_72' title='bbox 604 1223 855 1286; x_wconf 89' lang='lat' dir='ltr'>sanctissimum</span> <span class='ocrx_word' id='word_1_73' title='bbox 874 1221 1108 1285; x_wconf 85' lang='lat' dir='ltr'>Eucharistiae</span> <span class='ocrx_word' id='word_1_74' title='bbox 1121 1241 1231 1285; x_wconf 87' lang='lat' dir='ltr'>sacra-</span> 
     </span>
     <span class='ocr_line' id='line_1_10' title="bbox 123 1326 1229 1411; baseline -0.004 -19"><span class='ocrx_word' id='word_1_75' title='bbox 123 1338 275 1392; x_wconf 87' lang='lat' dir='ltr'>mentum</span> <span class='ocrx_word' id='word_1_76' title='bbox 304 1329 509 1411; x_wconf 82' lang='lat' dir='ltr'>suscipiant3</span> <span class='ocrx_word' id='word_1_77' title='bbox 533 1336 571 1391; x_wconf 92' lang='lat' dir='ltr'>ut</span> <span class='ocrx_word' id='word_1_78' title='bbox 595 1326 721 1409; x_wconf 90' lang='lat' dir='ltr'>aliquid</span> <span class='ocrx_word' id='word_1_79' title='bbox 749 1326 986 1409; x_wconf 85' lang='lat' dir='ltr'>eleemosynae</span> <span class='ocrx_word' id='word_1_80' title='bbox 1003 1328 1036 1389; x_wconf 93' lang='lat' dir='ltr'>in</span> <span class='ocrx_word' id='word_1_81' title='bbox 1064 1347 1229 1410; x_wconf 86' lang='lat' dir='ltr'>pauperes</span> 
     </span>
     <span class='ocr_line' id='line_1_11' title="bbox 121 1430 1231 1515; baseline -0.002 -19"><span class='ocrx_word' id='word_1_82' title='bbox 121 1433 173 1496; x_wconf 90' lang='lat' dir='ltr'>vel</span> <span class='ocrx_word' id='word_1_83' title='bbox 190 1434 223 1496; x_wconf 93' lang='lat' dir='ltr'>in</span> <span class='ocrx_word' id='word_1_84' title='bbox 241 1433 334 1515; x_wconf 88' lang='lat' dir='ltr'>pium</span> <span class='ocrx_word' id='word_1_85' title='bbox 350 1431 486 1513; x_wconf 89' lang='lat' dir='ltr'>aliquod</span> <span class='ocrx_word' id='word_1_86' title='bbox 502 1451 589 1511; x_wconf 87' lang='lat' dir='ltr'>opus</span> <span class='ocrx_word' id='word_1_87' title='bbox 605 1451 666 1514; x_wconf 94' lang='lat' dir='ltr'>pro</span> <span class='ocrx_word' id='word_1_88' title='bbox 683 1430 843 1494; x_wconf 78' lang='lat' dir='ltr'>facultate</span> <span class='ocrx_word' id='word_1_89' title='bbox 859 1440 1010 1512; x_wconf 86' lang='lat' dir='ltr'>erogent.</span> <span class='ocrx_word' id='word_1_90' title='bbox 1025 1432 1082 1494; x_wconf 90' lang='lat' dir='ltr'>Ad</span> <span class='ocrx_word' id='word_1_91' title='bbox 1096 1443 1231 1512; x_wconf 87' lang='lat' dir='ltr'>tempus</span> 
     </span>
     <span class='ocr_line' id='line_1_12' title="bbox 123 1519 1230 1620; baseline -0.004 -18"><span class='ocrx_word' id='word_1_92' title='bbox 123 1557 203 1602; x_wconf 86' lang='lat' dir='ltr'>vero</span> <span class='ocrx_word' id='word_1_93' title='bbox 219 1537 309 1620; x_wconf 93' lang='lat' dir='ltr'>quod</span> <span class='ocrx_word' id='word_1_94' title='bbox 327 1545 458 1619; x_wconf 89' lang='lat' dir='ltr'>spectat</span> <span class='ocrx_word' id='word_1_95' title='bbox 483 1519 636 1600; x_wconf 90' lang='lat' dir='ltr'>eiusdem</span> <span class='ocrx_word' id='word_1_96' title='bbox 649 1535 882 1617; x_wconf 85' lang='lat' dir='ltr'>indulgentiae</span> <span class='ocrx_word' id='word_1_97' title='bbox 897 1535 1139 1618; x_wconf 86' lang='lat' dir='ltr'>assequendae,</span> <span class='ocrx_word' id='word_1_98' title='bbox 1165 1536 1230 1598; x_wconf 94' lang='lat' dir='ltr'>hoc</span> 
     </span>
     <span class='ocr_line' id='line_1_13' title="bbox 122 1639 1231 1728; baseline -0.001 -23"><span class='ocrx_word' id='word_1_99' title='bbox 122 1661 195 1705; x_wconf 89' lang='lat' dir='ltr'>esse</span> <span class='ocrx_word' id='word_1_100' title='bbox 221 1641 402 1728; x_wconf 85' lang='lat' dir='ltr'>statuimus</span> <span class='ocrx_word' id='word_1_101' title='bbox 433 1660 494 1722; x_wconf 89' lang='lat' dir='ltr'>pro</span> <span class='ocrx_word' id='word_1_102' title='bbox 534 1642 688 1704; x_wconf 90' lang='lat' dir='ltr'>universa</span> <span class='ocrx_word' id='word_1_103' title='bbox 720 1639 832 1706; x_wconf 89' lang='lat' dir='ltr'>Gallia</span> <span class='ocrx_word' id='word_1_104' title='bbox 863 1660 882 1702; x_wconf 92' lang='lat' dir='ltr'>a</span> <span class='ocrx_word' id='word_1_105' title='bbox 921 1641 1091 1704; x_wconf 90' lang='lat' dir='ltr'>dominica</span> <span class='ocrx_word' id='word_1_106' title='bbox 1122 1640 1231 1722; x_wconf 90' lang='lat' dir='ltr'>prima</span> 
     </span>
     <span class='ocr_line' id='line_1_14' title="bbox 124 1743 1232 1828; baseline -0.002 -19"><span class='ocrx_word' id='word_1_107' title='bbox 124 1743 416 1828; x_wconf 86' lang='lat' dir='ltr'>Quadragesimae</span> <span class='ocrx_word' id='word_1_108' title='bbox 441 1744 483 1806; x_wconf 89' lang='lat' dir='ltr'>ad</span> <span class='ocrx_word' id='word_1_109' title='bbox 498 1743 663 1827; x_wconf 82' lang='lat' dir='ltr'>¹Natalem</span> <span class='ocrx_word' id='word_1_110' title='bbox 690 1763 797 1826; x_wconf 89' lang='lat' dir='ltr'>usque</span> <span class='ocrx_word' id='word_1_111' title='bbox 824 1744 965 1808; x_wconf 91' lang='lat' dir='ltr'>Domini</span> <span class='ocrx_word' id='word_1_112' title='bbox 979 1767 987 1824; x_wconf 89' lang='lat'>;</span> <span class='ocrx_word' id='word_1_113' title='bbox 1010 1745 1058 1808; x_wconf 91' lang='lat' dir='ltr'>ita</span> <span class='ocrx_word' id='word_1_114' title='bbox 1085 1744 1232 1827; x_wconf 90' lang='lat' dir='ltr'>quidem,</span> 
     </span>
     <span class='ocr_line' id='line_1_15' title="bbox 123 1847 1234 1930; baseline 0 -18"><span class='ocrx_word' id='word_1_115' title='bbox 123 1860 161 1912; x_wconf 94' lang='lat' dir='ltr'>ut</span> <span class='ocrx_word' id='word_1_116' title='bbox 177 1849 268 1912; x_wconf 90' lang='lat' dir='ltr'>intra</span> <span class='ocrx_word' id='word_1_117' title='bbox 278 1849 367 1912; x_wconf 90' lang='lat' dir='ltr'>idem</span> <span class='ocrx_word' id='word_1_118' title='bbox 380 1849 542 1930; x_wconf 90' lang='lat' dir='ltr'>temporis</span> <span class='ocrx_word' id='word_1_119' title='bbox 558 1848 706 1929; x_wconf 89' lang='lat' dir='ltr'>spatium</span> <span class='ocrx_word' id='word_1_120' title='bbox 720 1857 787 1910; x_wconf 89' lang='lat' dir='ltr'>tres</span> <span class='ocrx_word' id='word_1_121' title='bbox 800 1847 987 1922; x_wconf 68' lang='lat' dir='ltr'>continuae,</span> <span class='ocrx_word' id='word_1_122' title='bbox 997 1847 1234 1912; x_wconf 90' lang='lat' dir='ltr'>hebdomadae</span> 
     </span>
     <span class='ocr_line' id='line_1_16' title="bbox 129 1951 1245 2035; baseline 0.004 -19"><span class='ocrx_word' id='word_1_123' title='bbox 129 1953 173 2017; x_wconf 88' lang='lat' dir='ltr'>ab</span> <span class='ocrx_word' id='word_1_124' title='bbox 189 1951 377 2020; x_wconf 89' lang='lat' dir='ltr'>Ordinariis</span> <span class='ocrx_word' id='word_1_125' title='bbox 401 1952 541 2033; x_wconf 87' lang='lat' dir='ltr'>singulis</span> <span class='ocrx_word' id='word_1_126' title='bbox 558 1952 777 2028; x_wconf 89' lang='lat' dir='ltr'>destinentur,</span> <span class='ocrx_word' id='word_1_127' title='bbox 795 1953 828 2015; x_wconf 92' lang='lat' dir='ltr'>in</span> <span class='ocrx_word' id='word_1_128' title='bbox 855 1953 978 2035; x_wconf 88' lang='lat' dir='ltr'>quibus</span> <span class='ocrx_word' id='word_1_129' title='bbox 994 1952 1093 2017; x_wconf 91' lang='lat' dir='ltr'>liceat</span> <span class='ocrx_word' id='word_1_130' title='bbox 1118 1954 1245 2020; x_wconf 74' lang='lat' dir='ltr'>condi-v</span> 
     </span>
     <span class='ocr_line' id='line_1_17' title="bbox 124 2054 1233 2139; baseline 0.003 -22"><span class='ocrx_word' id='word_1_131' title='bbox 124 2055 245 2132; x_wconf 90' lang='lat' dir='ltr'>tiones,</span> <span class='ocrx_word' id='word_1_132' title='bbox 265 2075 351 2136; x_wconf 91' lang='lat' dir='ltr'>quae</span> <span class='ocrx_word' id='word_1_133' title='bbox 367 2074 468 2137; x_wconf 90' lang='lat' dir='ltr'>supra</span> <span class='ocrx_word' id='word_1_134' title='bbox 485 2055 596 2118; x_wconf 89' lang='lat' dir='ltr'>dictae</span> <span class='ocrx_word' id='word_1_135' title='bbox 611 2065 699 2132; x_wconf 88' lang='lat' dir='ltr'>sunt,</span> <span class='ocrx_word' id='word_1_136' title='bbox 716 2054 866 2138; x_wconf 88' lang='lat' dir='ltr'>implere,</span> <span class='ocrx_word' id='word_1_137' title='bbox 891 2066 995 2138; x_wconf 89' lang='lat' dir='ltr'>atque</span> <span class='ocrx_word' id='word_1_138' title='bbox 1019 2055 1233 2139; x_wconf 88' lang='lat' dir='ltr'>indulgentia</span> 
     </span>
     <span class='ocr_line' id='line_1_18' title="bbox 127 2159 1233 2238; baseline 0.001 -15"><span class='ocrx_word' id='word_1_139' title='bbox 127 2161 327 2224; x_wconf 89' lang='lat' dir='ltr'>admodum</span> <span class='ocrx_word' id='word_1_140' title='bbox 355 2159 496 2223; x_wconf 88' lang='lat' dir='ltr'>Iubilaei</span> <span class='ocrx_word' id='word_1_141' title='bbox 514 2159 646 2238; x_wconf 89' lang='lat' dir='ltr'>perfrui.</span> <span class='ocrx_word' id='word_1_142' title='bbox 673 2161 737 2223; x_wconf 92' lang='lat' dir='ltr'>Pro</span> <span class='ocrx_word' id='word_1_143' title='bbox 758 2161 829 2224; x_wconf 90' lang='lat' dir='ltr'>sola</span> <span class='ocrx_word' id='word_1_144' title='bbox 846 2171 960 2224; x_wconf 92' lang='lat' dir='ltr'>autern</span> <span class='ocrx_word' id='word_1_145' title='bbox 977 2162 1115 2224; x_wconf 88' lang='lat' dir='ltr'>civitate</span> <span class='ocrx_word' id='word_1_146' title='bbox 1144 2161 1233 2224; x_wconf 90' lang='lat' dir='ltr'>Rhe·</span> 
     </span>
     <span class='ocr_line' id='line_1_19' title="bbox 125 2251 1233 2350; baseline 0.001 -20"><span class='ocrx_word' id='word_1_147' title='bbox 125 2269 232 2331; x_wconf 92' lang='lat' dir='ltr'>mensi</span> <span class='ocrx_word' id='word_1_148' title='bbox 248 2268 436 2344; x_wconf 87' lang='lat' dir='ltr'>tribuimus,</span> <span class='ocrx_word' id='word_1_149' title='bbox 453 2277 489 2331; x_wconf 95' lang='lat' dir='ltr'>ut</span> <span class='ocrx_word' id='word_1_150' title='bbox 505 2268 551 2332; x_wconf 94' lang='lat' dir='ltr'>ibi</span> <span class='ocrx_word' id='word_1_151' title='bbox 573 2269 690 2331; x_wconf 89' lang='lat' dir='ltr'>eadem</span> <span class='ocrx_word' id='word_1_152' title='bbox 723 2251 933 2350; x_wconf 87' lang='lat' dir='ltr'>indulgentia</span> <span class='ocrx_word' id='word_1_153' title='bbox 965 2268 1093 2332; x_wconf 87' lang='lat' dir='ltr'>eisdem</span> <span class='ocrx_word' id='word_1_154' title='bbox 1117 2269 1233 2332; x_wconf 91' lang='lat' dir='ltr'>condi·</span> 
     </span>
     <span class='ocr_line' id='line_1_20' title="bbox 124 2372 1232 2456; baseline 0.003 -21"><span class='ocrx_word' id='word_1_155' title='bbox 124 2372 272 2435; x_wconf 88' lang='lat' dir='ltr'>tionibus</span> <span class='ocrx_word' id='word_1_156' title='bbox 289 2373 401 2454; x_wconf 89' lang='lat' dir='ltr'>vigeat</span> <span class='ocrx_word' id='word_1_157' title='bbox 418 2375 549 2455; x_wconf 90' lang='lat' dir='ltr'>integro</span> <span class='ocrx_word' id='word_1_158' title='bbox 562 2375 723 2454; x_wconf 90' lang='lat' dir='ltr'>temporis</span> <span class='ocrx_word' id='word_1_159' title='bbox 740 2374 852 2454; x_wconf 90' lang='lat' dir='ltr'>spatio</span> <span class='ocrx_word' id='word_1_160' title='bbox 862 2375 954 2456; x_wconf 91' lang='lat' dir='ltr'>quod</span> <span class='ocrx_word' id='word_1_161' title='bbox 967 2383 1016 2436; x_wconf 90' lang='lat' dir='ltr'>est</span> <span class='ocrx_word' id='word_1_162' title='bbox 1031 2373 1232 2438; x_wconf 88' lang='lat' dir='ltr'>adominica</span> 
     </span>
     <span class='ocr_line' id='line_1_21' title="bbox 125 2475 1233 2542; baseline 0.002 -4"><span class='ocrx_word' id='word_1_163' title='bbox 125 2475 394 2540; x_wconf 89' lang='lat' dir='ltr'>Resurrectionis</span> <span class='ocrx_word' id='word_1_164' title='bbox 411 2477 453 2539; x_wconf 90' lang='lat' dir='ltr'>ad</span> <span class='ocrx_word' id='word_1_165' title='bbox 471 2476 721 2540; x_wconf 88' lang='lat' dir='ltr'>solemnitatem</span> <span class='ocrx_word' id='word_1_166' title='bbox 740 2475 944 2542; x_wconf 91' lang='lat' dir='ltr'>Sanctorum</span> <span class='ocrx_word' id='word_1_167' title='bbox 961 2477 1122 2541; x_wconf 90' lang='lat' dir='ltr'>omnium.</span> <span class='ocrx_word' id='word_1_168' title='bbox 1134 2476 1233 2540; x_wconf 87' lang='lat' dir='ltr'>Prae-</span> 
     </span>
     <span class='ocr_line' id='line_1_22' title="bbox 122 2578 1232 2661; baseline 0.001 -19"><span class='ocrx_word' id='word_1_169' title='bbox 122 2590 214 2642; x_wconf 88' lang='lat' dir='ltr'>terea</span> <span class='ocrx_word' id='word_1_170' title='bbox 251 2579 499 2661; x_wconf 86' lang='lat' dir='ltr'>indulgentiam</span> <span class='ocrx_word' id='word_1_171' title='bbox 536 2578 721 2661; x_wconf 89' lang='lat' dir='ltr'>plenariam</span> <span class='ocrx_word' id='word_1_172' title='bbox 755 2579 968 2660; x_wconf 90' lang='lat' dir='ltr'>impertimus</span> <span class='ocrx_word' id='word_1_173' title='bbox 999 2580 1158 2643; x_wconf 90' lang='lat' dir='ltr'>omnibus</span> <span class='ocrx_word' id='word_1_174' title='bbox 1199 2588 1232 2643; x_wconf 89' lang='lat' dir='ltr'>et</span> 
     </span>
     <span class='ocr_line' id='line_1_23' title="bbox 123 2682 1297 2765; baseline 0.002 -20"><span class='ocrx_word' id='word_1_175' title='bbox 123 2682 274 2764; x_wconf 89' lang='lat' dir='ltr'>singulis,</span> <span class='ocrx_word' id='word_1_176' title='bbox 291 2685 346 2764; x_wconf 90' lang='lat' dir='ltr'>qui</span> <span class='ocrx_word' id='word_1_177' title='bbox 358 2683 619 2765; x_wconf 88' lang='lat' dir='ltr'>promissionum</span> <span class='ocrx_word' id='word_1_178' title='bbox 639 2683 806 2764; x_wconf 90' lang='lat' dir='ltr'>Baptismi</span> <span class='ocrx_word' id='word_1_179' title='bbox 823 2684 1045 2761; x_wconf 87' lang='lat' dir='ltr'>renovationi,</span> <span class='ocrx_word' id='word_1_180' title='bbox 1057 2685 1089 2746; x_wconf 92' lang='lat' dir='ltr'>in</span> <span class='ocrx_word' id='word_1_181' title='bbox 1102 2684 1231 2747; x_wconf 91' lang='lat' dir='ltr'>cunctis</span> <span class='ocrx_word' id='word_1_182' title='bbox 1295 2724 1297 2727; x_wconf 95' lang='lat'>-</span> 
     </span>
     <span class='ocr_line' id='line_1_24' title="bbox 124 2785 1231 2869; baseline 0.001 -19"><span class='ocrx_word' id='word_1_183' title='bbox 124 2785 255 2850; x_wconf 88' lang='lat' dir='ltr'>Galliae</span> <span class='ocrx_word' id='word_1_184' title='bbox 265 2787 414 2851; x_wconf 89' lang='lat' dir='ltr'>ecclesiis</span> <span class='ocrx_word' id='word_1_185' title='bbox 425 2788 606 2851; x_wconf 88' lang='lat' dir='ltr'>sacerrimo</span> <span class='ocrx_word' id='word_1_186' title='bbox 618 2788 673 2850; x_wconf 92' lang='lat' dir='ltr'>die</span> <span class='ocrx_word' id='word_1_187' title='bbox 691 2786 825 2862; x_wconf 83' lang='lat' dir='ltr'>Natalis</span> <span class='ocrx_word' id='word_1_188' title='bbox 838 2787 977 2851; x_wconf 89' lang='lat' dir='ltr'>Domini</span> <span class='ocrx_word' id='word_1_189' title='bbox 991 2788 1123 2868; x_wconf 91' lang='lat' dir='ltr'>publice</span> <span class='ocrx_word' id='word_1_190' title='bbox 1137 2808 1231 2869; x_wconf 89' lang='lat' dir='ltr'>pera·</span> 
     </span>
     <span class='ocr_line' id='line_1_25' title="bbox 124 2890 1230 2973; baseline 0.001 -19"><span class='ocrx_word' id='word_1_191' title='bbox 124 2891 266 2972; x_wconf 84' lang='lat' dir='ltr'>gendae,</span> <span class='ocrx_word' id='word_1_192' title='bbox 290 2891 446 2973; x_wconf 91' lang='lat' dir='ltr'>religiose</span> <span class='ocrx_word' id='word_1_193' title='bbox 463 2890 683 2969; x_wconf 84' lang='lat' dir='ltr'>interfuerint,</span> <span class='ocrx_word' id='word_1_194' title='bbox 699 2892 871 2956; x_wconf 86' lang='lat' dir='ltr'>consuetis</span> <span class='ocrx_word' id='word_1_195' title='bbox 887 2893 1127 2956; x_wconf 90' lang='lat' dir='ltr'>tantummodo</span> <span class='ocrx_word' id='word_1_196' title='bbox 1152 2912 1230 2955; x_wconf 90' lang='lat' dir='ltr'>con·</span> 
     </span>
     <span class='ocr_line' id='line_1_26' title="bbox 125 2994 1231 3078; baseline 0.001 -20"><span class='ocrx_word' id='word_1_197' title='bbox 125 2994 308 3058; x_wconf 91' lang='lat' dir='ltr'>ditionibus</span> <span class='ocrx_word' id='word_1_198' title='bbox 325 2995 387 3059; x_wconf 91' lang='lat' dir='ltr'>rite</span> <span class='ocrx_word' id='word_1_199' title='bbox 403 2996 552 3061; x_wconf 89' lang='lat' dir='ltr'>servatis.</span> <span class='ocrx_word' id='word_1_200' title='bbox 570 2995 665 3078; x_wconf 85' lang='lat' dir='ltr'>Quas</span> <span class='ocrx_word' id='word_1_201' title='bbox 679 2994 908 3077; x_wconf 90' lang='lat' dir='ltr'>indulgentias</span> <span class='ocrx_word' id='word_1_202' title='bbox 925 3015 1042 3058; x_wconf 91' lang='lat' dir='ltr'>omnes</span> <span class='ocrx_word' id='word_1_203' title='bbox 1053 2995 1231 3059; x_wconf 87' lang='lat' dir='ltr'>animabus</span> 
     </span>
     <span class='ocr_line' id='line_1_27' title="bbox 125 3093 1232 3181; baseline 0.003 -21"><span class='ocrx_word' id='word_1_204' title='bbox 125 3101 237 3177; x_wconf 88' lang='lat' dir='ltr'>etiam,</span> <span class='ocrx_word' id='word_1_205' title='bbox 253 3119 340 3181; x_wconf 90' lang='lat' dir='ltr'>quae</span> <span class='ocrx_word' id='word_1_206' title='bbox 355 3099 430 3163; x_wconf 87' lang='lat' dir='ltr'>Deo</span> <span class='ocrx_word' id='word_1_207' title='bbox 448 3101 480 3162; x_wconf 92' lang='lat' dir='ltr'>in</span> <span class='ocrx_word' id='word_1_208' title='bbox 498 3099 638 3163; x_wconf 88' lang='lat' dir='ltr'>caritate</span> <span class='ocrx_word' id='word_1_209' title='bbox 654 3093 856 3163; x_wconf 85' lang='lat' dir='ltr'>coniunctae</span> <span class='ocrx_word' id='word_1_210' title='bbox 872 3120 916 3162; x_wconf 87' lang='lat' dir='ltr'>ex</span> <span class='ocrx_word' id='word_1_211' title='bbox 932 3100 995 3162; x_wconf 91' lang='lat' dir='ltr'>hac</span> <span class='ocrx_word' id='word_1_212' title='bbox 1012 3098 1081 3163; x_wconf 90' lang='lat' dir='ltr'>vita</span> <span class='ocrx_word' id='word_1_213' title='bbox 1110 3100 1232 3181; x_wconf 88' lang='lat' dir='ltr'>migra·</span> 
     </span>
     <span class='ocr_line' id='line_1_28' title="bbox 124 3201 1229 3286; baseline 0 -20"><span class='ocrx_word' id='word_1_214' title='bbox 124 3205 199 3281; x_wconf 91' lang='lat' dir='ltr'>rint,</span> <span class='ocrx_word' id='word_1_215' title='bbox 216 3224 273 3284; x_wconf 89' lang='lat' dir='ltr'>per</span> <span class='ocrx_word' id='word_1_216' title='bbox 292 3205 429 3270; x_wconf 89' lang='lat' dir='ltr'>modum</span> <span class='ocrx_word' id='word_1_217' title='bbox 447 3201 597 3285; x_wconf 86' lang='lat' dir='ltr'>suffragii</span> <span class='ocrx_word' id='word_1_218' title='bbox 614 3203 778 3286; x_wconf 87' lang='lat' dir='ltr'>applicari</span> <span class='ocrx_word' id='word_1_219' title='bbox 796 3223 904 3285; x_wconf 88' lang='lat' dir='ltr'>posse,</span> <span class='ocrx_word' id='word_1_220' title='bbox 921 3204 1181 3267; x_wconf 87' lang='lat' dir='ltr'>misericorditer</span> <span class='ocrx_word' id='word_1_221' title='bbox 1197 3206 1229 3266; x_wconf 93' lang='lat' dir='ltr'>in</span> 
     </span>
     <span class='ocr_line' id='line_1_29' title="bbox 124 3305 1232 3390; baseline -0.002 -22"><span class='ocrx_word' id='word_1_222' title='bbox 124 3305 274 3370; x_wconf 90' lang='lat' dir='ltr'>Domino</span> <span class='ocrx_word' id='word_1_223' title='bbox 299 3307 524 3372; x_wconf 88' lang='lat' dir='ltr'>concedimus.</span> <span class='ocrx_word' id='word_1_224' title='bbox 544 3308 701 3370; x_wconf 89' lang='lat' dir='ltr'>Facimus</span> <span class='ocrx_word' id='word_1_225' title='bbox 718 3327 853 3390; x_wconf 92' lang='lat' dir='ltr'>quoque</span> <span class='ocrx_word' id='word_1_226' title='bbox 870 3315 1076 3388; x_wconf 89' lang='lat' dir='ltr'>potestatem</span> <span class='ocrx_word' id='word_1_227' title='bbox 1101 3307 1232 3371; x_wconf 89' lang='lat' dir='ltr'>confes.</span> 
     </span>
     <span class='ocr_line' id='line_1_30' title="bbox 123 3409 1229 3492; baseline 0.004 -22"><span class='ocrx_word' id='word_1_228' title='bbox 123 3409 219 3472; x_wconf 88' lang='lat' dir='ltr'>sariis</span> <span class='ocrx_word' id='word_1_229' title='bbox 235 3409 454 3491; x_wconf 89' lang='lat' dir='ltr'>dispensandi</span> <span class='ocrx_word' id='word_1_230' title='bbox 472 3430 573 3492; x_wconf 91' lang='lat' dir='ltr'>super</span> <span class='ocrx_word' id='word_1_231' title='bbox 591 3410 840 3475; x_wconf 89' lang='lat' dir='ltr'>Communione</span> <span class='ocrx_word' id='word_1_232' title='bbox 856 3430 933 3474; x_wconf 93' lang='lat' dir='ltr'>cum</span> <span class='ocrx_word' id='word_1_233' title='bbox 950 3411 1061 3492; x_wconf 87' lang='lat' dir='ltr'>pueris</span> <span class='ocrx_word' id='word_1_234' title='bbox 1078 3410 1229 3474; x_wconf 90' lang='lat' dir='ltr'>nondum</span> 
     </span>
     <span class='ocr_line' id='line_1_31' title="bbox 123 3512 1227 3598; baseline 0.005 -22"><span class='ocrx_word' id='word_1_235' title='bbox 123 3513 259 3577; x_wconf 86' lang='lat' dir='ltr'>adeam</span> <span class='ocrx_word' id='word_1_236' title='bbox 287 3514 451 3579; x_wconf 88' lang='lat' dir='ltr'>admissis.</span> <span class='ocrx_word' id='word_1_237' title='bbox 470 3515 627 3598; x_wconf 92' lang='lat' dir='ltr'>Denique</span> <span class='ocrx_word' id='word_1_238' title='bbox 650 3512 873 3577; x_wconf 88' lang='lat' dir='ltr'>Confessariis</span> <span class='ocrx_word' id='word_1_239' title='bbox 899 3514 1059 3577; x_wconf 89' lang='lat' dir='ltr'>omnibus</span> <span class='ocrx_word' id='word_1_240' title='bbox 1075 3514 1227 3596; x_wconf 89' lang='lat' dir='ltr'>legitime</span> 
     </span>
     <span class='ocr_line' id='line_1_32' title="bbox 125 3617 1231 3700; baseline 0.006 -22"><span class='ocrx_word' id='word_1_241' title='bbox 125 3618 330 3700; x_wconf 87' lang='lat' dir='ltr'>approbatis,</span> <span class='ocrx_word' id='word_1_242' title='bbox 354 3638 395 3682; x_wconf 88' lang='lat' dir='ltr'>eo</span> <span class='ocrx_word' id='word_1_243' title='bbox 422 3619 567 3682; x_wconf 87' lang='lat' dir='ltr'>durante</span> <span class='ocrx_word' id='word_1_244' title='bbox 594 3628 748 3700; x_wconf 87' lang='lat' dir='ltr'>tempore</span> <span class='ocrx_word' id='word_1_245' title='bbox 771 3627 805 3681; x_wconf 88' lang='lat' dir='ltr'>et</span> <span class='ocrx_word' id='word_1_246' title='bbox 830 3618 872 3680; x_wconf 91' lang='lat' dir='ltr'>ad</span> <span class='ocrx_word' id='word_1_247' title='bbox 899 3617 1057 3682; x_wconf 82' lang='lat' dir='ltr'>effectum</span> <span class='ocrx_word' id='word_1_248' title='bbox 1089 3618 1231 3685; x_wconf 88' lang='lat' dir='ltr'>lubilaei</span> 
     </span>
     <span class='ocr_line' id='line_1_33' title="bbox 126 3720 1233 3806; baseline 0.005 -24"><span class='ocrx_word' id='word_1_249' title='bbox 126 3720 288 3798; x_wconf 87' lang='lat' dir='ltr'>lucrandi,</span> <span class='ocrx_word' id='word_1_250' title='bbox 303 3740 421 3784; x_wconf 90' lang='lat' dir='ltr'>omnes</span> <span class='ocrx_word' id='word_1_251' title='bbox 439 3741 494 3783; x_wconf 87' lang='lat' dir='ltr'>eas</span> <span class='ocrx_word' id='word_1_252' title='bbox 512 3721 688 3784; x_wconf 82' lang='lat' dir='ltr'>facultates</span> <span class='ocrx_word' id='word_1_253' title='bbox 706 3721 867 3804; x_wconf 88' lang='lat' dir='ltr'>largimur</span> <span class='ocrx_word' id='word_1_254' title='bbox 882 3742 966 3804; x_wconf 89' lang='lat' dir='ltr'>quas</span> <span class='ocrx_word' id='word_1_255' title='bbox 979 3723 1157 3786; x_wconf 88' lang='lat' dir='ltr'>tribuimus</span> <span class='ocrx_word' id='word_1_256' title='bbox 1174 3744 1233 3806; x_wconf 91' lang='lat' dir='ltr'>per</span> 
     </span>
     <span class='ocr_line' id='line_1_34' title="bbox 127 3826 1232 3910; baseline 0.002 -20"><span class='ocrx_word' id='word_1_257' title='bbox 127 3826 273 3890; x_wconf 87' lang='lat' dir='ltr'>Litteras</span> <span class='ocrx_word' id='word_1_258' title='bbox 284 3826 501 3909; x_wconf 91' lang='lat' dir='ltr'>Apostolicas</span> <span class='ocrx_word' id='word_1_259' title='bbox 513 3828 691 3910; x_wconf 67' lang='lat' dir='ltr'>Pontffices</span> <span class='ocrx_word' id='word_1_260' title='bbox 701 3828 861 3906; x_wconf 80' lang='lat' dir='ltr'>Maximi,</span> <span class='ocrx_word' id='word_1_261' title='bbox 873 3829 971 3892; x_wconf 91' lang='lat' dir='ltr'>datas</span> <span class='ocrx_word' id='word_1_262' title='bbox 981 3829 1036 3890; x_wconf 92' lang='lat' dir='ltr'>die</span> <span class='ocrx_word' id='word_1_263' title='bbox 1046 3841 1098 3890; x_wconf 79' lang='lat' dir='ltr'>xv</span> <span class='ocrx_word' id='word_1_264' title='bbox 1108 3829 1232 3892; x_wconf 89' lang='lat' dir='ltr'>mensis</span> 
     </span>
     <span class='ocr_line' id='line_1_35' title="bbox 125 3929 1232 4014; baseline 0.002 -22"><span class='ocrx_word' id='word_1_265' title='bbox 125 3929 281 3992; x_wconf 87' lang='lat' dir='ltr'>februarii</span> <span class='ocrx_word' id='word_1_266' title='bbox 310 3949 400 3991; x_wconf 89' lang='lat' dir='ltr'>anno</span> <span class='ocrx_word' id='word_1_267' title='bbox 418 3943 671 4006; x_wconf 80' lang='lat' dir='ltr'>MDCCCLxxtx,</span> <span class='ocrx_word' id='word_1_268' title='bbox 695 3931 735 3993; x_wconf 89' lang='lat' dir='ltr'>iis</span> <span class='ocrx_word' id='word_1_269' title='bbox 756 3941 870 3993; x_wconf 91' lang='lat' dir='ltr'>tamen</span> <span class='ocrx_word' id='word_1_270' title='bbox 887 3931 1045 3995; x_wconf 91' lang='lat' dir='ltr'>omnibus</span> <span class='ocrx_word' id='word_1_271' title='bbox 1070 3932 1232 4014; x_wconf 83' lang='lat' dir='ltr'>exceptis,</span> 
     </span>
     <span class='ocr_line' id='line_1_36' title="bbox 125 4034 1232 4120; baseline 0.005 -23"><span class='ocrx_word' id='word_1_272' title='bbox 125 4054 212 4116; x_wconf 89' lang='lat' dir='ltr'>quae</span> <span class='ocrx_word' id='word_1_273' title='bbox 229 4035 261 4096; x_wconf 92' lang='lat' dir='ltr'>in</span> <span class='ocrx_word' id='word_1_274' title='bbox 279 4034 397 4097; x_wconf 88' lang='lat' dir='ltr'>iisdem</span> <span class='ocrx_word' id='word_1_275' title='bbox 417 4034 554 4098; x_wconf 89' lang='lat' dir='ltr'>Litteris</span> <span class='ocrx_word' id='word_1_276' title='bbox 571 4046 715 4120; x_wconf 89' lang='lat' dir='ltr'>excepta</span> <span class='ocrx_word' id='word_1_277' title='bbox 732 4046 819 4100; x_wconf 90' lang='lat' dir='ltr'>sunt.</span> <span class='ocrx_word' id='word_1_278' title='bbox 836 4037 1057 4100; x_wconf 91' lang='lat' dir='ltr'>-Volumus</span> <span class='ocrx_word' id='word_1_279' title='bbox 1069 4045 1181 4101; x_wconf 90' lang='lat' dir='ltr'>autem</span> <span class='ocrx_word' id='word_1_280' title='bbox 1196 4049 1232 4102; x_wconf 93' lang='lat' dir='ltr'>ut</span> 
     </span>
     <span class='ocr_line' id='line_1_37' title="bbox 126 4137 1231 4222; baseline 0.003 -22"><span class='ocrx_word' id='word_1_281' title='bbox 126 4139 244 4201; x_wconf 89' lang='lat' dir='ltr'>harum</span> <span class='ocrx_word' id='word_1_282' title='bbox 264 4137 469 4201; x_wconf 84' lang='lat' dir='ltr'>Litterarum</span> <span class='ocrx_word' id='word_1_283' title='bbox 494 4139 660 4222; x_wconf 87' lang='lat' dir='ltr'>exemplis</span> <span class='ocrx_word' id='word_1_284' title='bbox 677 4140 778 4202; x_wconf 91' lang='lat' dir='ltr'>etiam</span> <span class='ocrx_word' id='word_1_285' title='bbox 797 4141 975 4221; x_wconf 81' lang='lat' dir='ltr'>impressis,</span> <span class='ocrx_word' id='word_1_286' title='bbox 994 4160 1094 4203; x_wconf 90' lang='lat' dir='ltr'>manu</span> <span class='ocrx_word' id='word_1_287' title='bbox 1117 4149 1231 4203; x_wconf 91' lang='lat' dir='ltr'>tamen</span> 
     </span>
     <span class='ocr_line' id='line_1_38' title="bbox 128 4242 1231 4325; baseline 0.001 -19"><span class='ocrx_word' id='word_1_288' title='bbox 128 4243 260 4306; x_wconf 91' lang='lat' dir='ltr'>Notarii</span> <span class='ocrx_word' id='word_1_289' title='bbox 278 4243 475 4322; x_wconf 89' lang='lat' dir='ltr'>subscriptis</span> <span class='ocrx_word' id='word_1_290' title='bbox 493 4254 526 4306; x_wconf 90' lang='lat' dir='ltr'>et</span> <span class='ocrx_word' id='word_1_291' title='bbox 542 4264 601 4325; x_wconf 89' lang='lat' dir='ltr'>per</span> <span class='ocrx_word' id='word_1_292' title='bbox 616 4244 835 4307; x_wconf 89' lang='lat' dir='ltr'>constitutum</span> <span class='ocrx_word' id='word_1_293' title='bbox 867 4245 899 4306; x_wconf 90' lang='lat' dir='ltr'>iu</span> <span class='ocrx_word' id='word_1_294' title='bbox 928 4242 1154 4307; x_wconf 89' lang='lat' dir='ltr'>ecclesiastica</span> <span class='ocrx_word' id='word_1_295' title='bbox 1181 4245 1231 4307; x_wconf 93' lang='lat' dir='ltr'>di-</span> 
     </span>
     <span class='ocr_line' id='line_1_39' title="bbox 126 4345 1230 4430; baseline 0.001 -21"><span class='ocrx_word' id='word_1_296' title='bbox 126 4347 255 4430; x_wconf 88' lang='lat' dir='ltr'>gnitate</span> <span class='ocrx_word' id='word_1_297' title='bbox 280 4345 385 4408; x_wconf 88' lang='lat' dir='ltr'>virum</span> <span class='ocrx_word' id='word_1_298' title='bbox 411 4347 521 4428; x_wconf 88' lang='lat' dir='ltr'>sigillo</span> <span class='ocrx_word' id='word_1_299' title='bbox 544 4347 690 4425; x_wconf 90' lang='lat' dir='ltr'>munitis,</span> <span class='ocrx_word' id='word_1_300' title='bbox 706 4349 824 4411; x_wconf 85' lang='lat' dir='ltr'>eadem</span> <span class='ocrx_word' id='word_1_301' title='bbox 841 4347 1005 4412; x_wconf 84' lang='lat' dir='ltr'>habeatur-</span> <span class='ocrx_word' id='word_1_302' title='bbox 1028 4346 1112 4412; x_wconf 86' lang='lat' dir='ltr'>fides</span> <span class='ocrx_word' id='word_1_303' title='bbox 1143 4368 1230 4429; x_wconf 92' lang='lat' dir='ltr'>quae</span> 
     </span>
    </p>
   </div>
   <div class='ocr_carea' id='block_1_5' title="bbox 0 0 1564 4859">
    <p class='ocr_par' dir='ltr' id='par_1_5' title="bbox 0 0 1564 4859">
     <span class='ocr_line' id='line_1_40' title="bbox 0 0 1564 4859; baseline 0 0"><span class='ocrx_word' id='word_1_304' title='bbox 0 0 1564 4859; x_wconf 95' lang='lat' dir='ltr'> </span> 
     </span>
    </p>
   </div>
  </div>
 </body>
</html>
