3117 4859
269 634 355 683 Reme·

230 700 304 748 dium
315 699 356 747 its

281 764 355 813 molis

224 830 299 895 offen
308 831 355 879 Ro·

204 896 357 959 sariumper

136 958 141 969 '
201 962 356 1025 gaudiorum

227 1026 353 1091 mysteria.

387 352 455 422 188
485 372 676 423 LITTERAE
694 372 932 424 ENCYCLICAB
952 363 970 390 ‘⁴
986 374 1189 424 innume
1208 374 1389 425 SANCTAE.
1406 350 1423 378 n

382 542 459 585 nem
475 532 509 586 et
536 524 652 587 turbas
680 524 850 606 publicam
882 535 1013 591 tentare
1043 547 1175 609 pacem,
1188 528 1295 609 iisque
1324 527 1477 593 obsistere

381 647 524 708 quorum
541 638 592 691 est
609 627 699 691 illam
717 629 827 694 tutari
845 668 888 679 -
904 630 1031 695 Contra
1047 632 1131 695 haec
1160 632 1291 695 curatio
1319 641 1477 713 petatura

384 731 527 795 Rosario
543 732 681 809 marioli,
697 733 787 814 quod
811 733 911 797 simul
927 744 1020 799 certo
1045 754 1180 817 precum
1207 735 1326 799 ordine
1355 743 1479 798 constat

382 843 415 898 et
440 837 496 916 pia
513 837 749 918 mysteriorum
766 836 891 903 Christi
909 836 1097 903 Servatoris
1114 850 1148 903 et
1166 839 1287 902 Matris
1317 860 1479 903 commen-

382 941 519 1003 tatione.
537 939 670 1023 Nempe
694 941 897 1023 gaudiorum
929 945 1083 1023 mysterio
1110 944 1215 1025 probe
1242 953 1277 1007 et
1309 944 1353 1006 ad
1368 944 1478 1025 vulgus

382 1054 587 1123 enarrentur,
602 1066 651 1123 ac,
667 1044 770 1109 veluti
788 1047 938 1128 picturae
953 1049 1119 1125 quaedam
1132 1049 1366 1132 imaginesque
1387 1048 1480 1111 virtu*

287 1230 289 1237 Ι
340 1155 349 1181 “·
382 1158 465 1225 tum,
481 1150 513 1212 in
531 1149 635 1213 oculis
652 1150 827 1215 hominum
851 1152 1100 1217 constituantur
1118 1177 1125 1217 :
1145 1154 1324 1235 perspiciet
1339 1154 1480 1235 quisque,

272 1492 356 1542 Naso·

237 1559 357 1607 retiariae

269 1624 357 1673 domus

214 1690 356 1754 exenrplum

232 1754 353 1820 proponi·

205 1826 250 1869 tur

203 3396 356 3522 hartli'isgallllrl

226 3727 354 3793 familiis,

211 4001 235 4044 et
245 3994 356 4044 civitati·

206 4060 250 4137 bus
271 4060 356 4108 utilis-

205 4140 309 4175 samum.

382 1272 484 1335 quam
501 1253 615 1334 ampla
632 1254 710 1317 inde
730 1274 901 1338 quamque
917 1256 1033 1331 facilis,
1049 1259 1091 1321 ad
1110 1258 1214 1321 vitam
1236 1256 1378 1321 honeste
1397 1275 1479 1319 com·

383 1356 585 1439 ponendam,
616 1356 776 1423 offeratur
806 1360 1086 1424 documentorum
1108 1361 1215 1443 copia,
1246 1360 1330 1423 mira
1360 1359 1479 1423 animos

382 1462 550 1525 suavitate
577 1462 861 1529 allicientium-
877 1464 1086 1530 Obversatur
1109 1464 1477 1535 Nazarethanadomus

382 1571 537 1629 terrestre
554 1564 635 1631 illud
651 1567 871 1650 divinumque
883 1569 1127 1633 sanctimoniae
1143 1568 1360 1633 domicilium.
1373 1567 1479 1653 Quan-

382 1676 454 1733 tum
472 1670 505 1732 in
518 1688 557 1733 ea
573 1670 792 1752 quotidianae
803 1674 1054 1736 consuetudinis
1076 1672 1269 1755 exemplar!
1286 1692 1372 1756 quae
1386 1672 1479 1734 socie·

382 1773 461 1836 tatis
478 1772 683 1837 domesticae
699 1777 840 1840 omnino
864 1777 1012 1858 perfecta
1037 1775 1166 1857 species
1183 1775 1412 1858 lSimplicitas
1440 1772 1479 1837 ibi

383 1894 513 1939 morum
544 1886 577 1938 et
609 1878 961 1955 candor;animorum
994 1889 1158 1964 perpetua
1184 1878 1481 1959 consensi03nulla

381 1979 507 2044 ordinis
523 1982 735 2063 perturbatio
749 2004 756 2062 ;
771 1984 986 2049 observantia
999 1994 1117 2049 mutua
1131 2006 1138 2062 ;
1150 2004 1246 2047 amor
1260 1985 1478 2068 denique,non

381 2082 436 2147 ille
449 2082 580 2149 fucatus
597 2094 630 2149 et
641 2087 801 2163 mendax,
811 2087 870 2151 sed
885 2088 941 2169 qui
958 2086 1143 2152 officiorum
1154 2086 1351 2151 assiduitate
1361 2088 1479 2168 integre

381 2190 507 2273 vigens,
522 2190 574 2255 vel
601 2191 716 2255 oculos
742 2193 946 2257 intuentium
980 2193 1097 2275 rapiat.
1122 2192 1195 2263 Illic
1221 2193 1323 2256 datur
1350 2192 1477 2275 quidem

380 2294 529 2358 studium
541 2312 582 2356 ea
599 2295 751 2375 parando
761 2314 848 2377 quae
863 2296 1082 2379 suppeditent
1098 2297 1141 2359 ad
1154 2296 1280 2360 victum
1291 2302 1327 2357 et
1338 2292 1479 2367 cultum;

380 2394 413 2459 id
431 2415 511 2460 vero
537 2396 572 2459 in
595 2396 711 2460 sudore
726 2398 849 2475 vultus,
864 2408 898 2463 et
923 2406 962 2462 ut
977 2400 1021 2463 ab
1037 2399 1094 2474 eis,
1111 2398 1177 2481 qui,
1194 2417 1298 2481 parvo
1329 2394 1480 2471 contenti,

381 2500 492 2581 potius
509 2511 613 2583 agant
624 2510 660 2564 ut
674 2502 784 2565 minus
799 2512 932 2584 egeant,
947 2521 1049 2585 quam
1066 2509 1103 2566 ut
1120 2501 1195 2583 plus
1206 2500 1363 2564 habeant.
1380 2498 1480 2580 Super

380 2603 600 2684 haecomnia,
616 2624 748 2669 summa
764 2604 993 2689 tranquillitas
1006 2606 1139 2681 mentis,
1149 2624 1211 2686 par
1226 2604 1329 2666 animi
1340 2600 1479 2679 laetitia;

380 2727 468 2790 quae
483 2708 552 2771 duo
569 2718 659 2772 recte
676 2709 840 2773 laetorum
853 2709 1095 2773 conscientiam
1113 2728 1286 2792 nunquam
1304 2726 1371 2773 non
1386 2706 1479 2769 comi·

382 2820 505 2876 tantur.
517 2848 560 2860 -
576 2810 728 2895 Quarum
760 2811 920 2895 exempla
936 2811 1109 2889 virtutum,
1125 2810 1314 2875 modestiae
1330 2810 1479 2873 nimirum

382 2937 421 2980 ac
434 2911 657 2993 demissionis,
667 2916 820 2979 laborum
831 2915 1031 2980 tolerantiae
1043 2926 1077 2979 et
1087 2916 1120 2978 in
1128 2915 1212 2978 alios
1222 2912 1477 3007 benevolentiae,

381 3022 577 3105 diligentiae
586 3023 738 3086 tenuium
756 3018 941 3083 officiorum
953 3040 1041 3102 quae
1056 3028 1135 3083 sunt
1152 3020 1184 3082 in
1200 3019 1395 3103 quotidiana
1410 3014 1480 3092 vita,

382 3138 492 3194 cetera
523 3129 659 3191 demum
684 3126 853 3210 exempla,
868 3127 968 3190 simul
985 3135 1089 3215 atque
1119 3125 1353 3207 concipiantur
1367 3120 1480 3185 sensim

383 3233 504 3297 animis
535 3232 670 3314 alteque
701 3231 881 3309 insideant,
896 3227 1022 3293 sensim
1050 3228 1203 3313 proiecto
1234 3228 1268 3292 in
1295 3228 1343 3291 eis
1373 3232 1479 3309 optata

381 3336 597 3401 consiliorum
630 3353 828 3417 morumque
857 3336 1000 3399 mutatio
1016 3334 1156 3399 eveniet.
1173 3332 1263 3397 Tum
1280 3352 1342 3396 sua
1371 3330 1480 3411 cuique

383 3460 530 3517 munera,
546 3458 758 3523 nequaquam
790 3439 951 3521 despecta
975 3448 1072 3503 erunt
1094 3448 1129 3503 et
1146 3439 1297 3514 molesta,
1313 3438 1373 3501 sed
1395 3442 1481 3517 grata

382 3546 495 3628 potius
511 3556 544 3608 et
559 3543 787 3609 delectabilia:
802 3554 914 3626 atque,
930 3545 1140 3609 iucunditate
1169 3545 1316 3621 quadam
1348 3557 1481 3623 aspersa,

382 3651 518 3714 enixius
549 3650 591 3714 ad
623 3648 728 3731 probe
760 3649 930 3731 agendum
948 3650 1154 3714 conscientia
1169 3648 1270 3714 officii
1285 3646 1419 3711 valebit
1432 3642 1481 3707 Ex

383 3774 424 3818 eo
439 3773 548 3819 mores
568 3754 602 3816 in
627 3772 745 3817 omnes
762 3763 875 3835 partes
901 3754 1078 3817 mitescent
1092 3774 1100 3832 ;
1114 3754 1303 3818 domestica
1326 3746 1482 3817 convictio

382 3854 415 3917 in
434 3874 548 3919 antore
565 3862 598 3918 et
621 3853 748 3917 deliciis
765 3855 849 3933 erit3
867 3874 947 3917 usus
962 3873 1039 3918 cum
1057 3854 1175 3917 ceteris
1203 3853 1279 3935 plus
1312 3851 1416 3915 multo
1430 3847 1480 3909 ha·

382 3957 475 4023 bebit
501 3958 648 4022 sincerae
678 3957 912 4022 observantiae
928 3966 962 4021 et
985 3958 1146 4023 caritatis.
1164 3956 1261 4040 Quae
1287 3956 1430 4039 quidem,
1440 3968 1481 4013 ex

383 4063 519 4127 homine
535 4060 703 4143 singulari,
720 4062 747 4124 si
764 4061 832 4125 late
848 4062 882 4126 in
900 4061 1055 4139 familias,
1070 4062 1104 4124 in
1130 4060 1294 4137 civitates,
1309 4060 1343 4123 in
1359 4057 1479 4121 univer·

383 4188 457 4231 sum
475 4167 667 4250 quempiam
685 4166 847 4246 populum
865 4163 1092 4241 traducantur,
1108 4177 1145 4229 ut
1170 4164 1311 4228 adhaec
1339 4158 1479 4224 instituta

384 4271 601 4335 moderentur
626 4268 755 4345 vitam3
778 4278 907 4351 quanta
934 4267 1013 4332 inde
1045 4266 1237 4350 reipublicae
1263 4264 1478 4331 emolumenta

383 4376 453 4439 sint
468 4375 825 4455 obventura‚apertum
843 4381 904 4435 est.
