3117 4859
242 375 294 425 us
311 375 498 428 nvcnunn
517 377 567 427 nn
585 375 822 428 cunrsrrnun
840 376 882 427 ru
903 376 1088 429 suasura.
1159 356 1231 446 289

121 529 295 597 defuturas
311 532 520 597 confidimus
538 530 643 597 Grata
670 534 806 615 quidem
832 533 1026 597 acciderunt
1042 552 1128 615 quae
1155 553 1230 616 pro·
1289 550 1377 639 mill

121 642 237 713 pterea
252 644 424 699 transacta
447 636 514 699 iam
539 644 628 712 sunt,
644 643 784 698 curante
800 634 995 699 Venerabili
1012 635 1130 699 Fratre
1147 635 1229 699 Hie·
1295 648 1367 713 1894.

121 757 266 821 ronymo
286 740 555 821 Archiepiscopo
583 739 732 815 Petraeo,
750 739 849 805 Sedis
876 739 1097 821 Apostolicae
1123 740 1228 807 Inter·¹
1256 770 1396 814 runa-stre.

122 843 243 906 nuntio
272 844 362 925 apud
394 844 599 925 reipublicae
629 853 760 908 vestrae
796 843 978 908 Praesides.
1009 842 1088 927 Quo
1115 855 1227 909 tamen
1256 830 1411 895 nuejamli

1257 912 1352 944 illum

120 957 241 1030 coepta
257 949 402 1011 maiores
416 948 567 1014 habeant
578 959 697 1011 auctus
713 960 815 1031 atque
830 959 965 1030 optatos
981 951 1025 1013 ad
1042 950 1155 1013 exitus
1170 952 1229 1015 ad·
1255 977 1331 1009 suum
1343 962 1409 1009 inre

120 1051 295 1129 ducantur,
310 1052 344 1116 in
360 1052 425 1115 hoc
441 1053 660 1117 adhortamur
675 1063 846 1117 strenuam
877 1052 1028 1135 religioni
1044 1056 1229 1137 vestrisque
1256 1027 1384 1156 {2⁷21ssssss

120 1155 270 1219 maxime
295 1156 454 1238 gregibus
485 1176 623 1239 operam
652 1160 791 1223 navetis.
820 1156 1065 1222 Gratulandum
1091 1157 1228 1231 interea,
1335 1208 1394 1257 Lau

119 1259 309 1341 Religiosas
337 1270 408 1323 tum
437 1262 583 1325 virorum
611 1271 683 1326 tum
712 1262 914 1326 seminarum
942 1261 1087 1325 familias
1112 1261 1227 1327 libenti
1253 1236 1405 1322 danturne]

119 1363 234 1425 animo
248 1383 336 1445 quae
348 1383 369 1428 a
380 1363 487 1428 Nobis
505 1365 666 1429 mandata
682 1376 761 1429 sunt
772 1365 947 1447 excepisse
960 1374 993 1429 et
1006 1366 1048 1428 ad
1067 1366 1227 1447 primaevi
1253 1338 1354 1451 ζζξῖᾗῗ
1367 1338 1405 1397 sa-

117 1467 281 1548 cuiusque
296 1467 443 1531 instituti
460 1468 707 1532 restitutionem
725 1489 797 1532 sese
814 1469 941 1532 alacres
958 1463 1163 1535 exhibuisse.
1253 1469 1404 1583 1²5⁶}ssss

165 1572 245 1648 lsta,
260 1571 482 1637 Venerabiles
499 1572 645 1650 Fratres,
660 1574 703 1637 de
719 1574 810 1637 clero
827 1584 916 1637 recte
938 1573 1118 1637 formando
1133 1574 1227 1638 adhi-
1253 1606 1386 1663 sequentes.

117 1676 297 1758 bendoque
329 1677 372 1740 ad
407 1695 527 1739 sacra:
561 1697 671 1759 neque
704 1677 815 1741 minus
848 1676 1047 1741 industriam
1081 1664 1404 1791 vestram'mfdfffi'c'jj

117 1778 264 1844 rationes
287 1777 435 1843 fidelium
464 1790 666 1863 exposcunt.
682 1780 759 1863 Qua
786 1782 818 1842 in
843 1799 971 1857 caussa,
993 1782 1083 1863 quod
1107 1784 1226 1847 ceteris
1252 1794 1404 1859 tamquam

115 1885 402 1965 anteponendum,
415 1884 497 1948 illud
514 1895 574 1961 est,
583 1893 620 1948 ut
634 1884 803 1967 religionis
816 1884 1048 1948 sanctissimae
1060 1883 1225 1949 elementa
1251 1861 1396 1989 ‘fflw

115 1986 212 2071 pueri
231 1987 398 2069 rudesque
413 1988 567 2051 homines
583 1989 738 2070 apposite
753 1988 949 2064 doceantur,
965 1986 1149 2052 Curionum
1173 2008 1225 2053 sa·
1251 2006 1393 2105 mliorem

113 2111 246 2170 crorum
257 2090 432 2172 diligentia
442 2092 575 2155 assidue
584 2092 743 2156 excitata.
754 2090 842 2155 Turn
853 2111 942 2167 vero,
951 2091 1225 2173 quandoquidem
1251 2123 1382 2185 ,mm-

114 2195 251 2280 publice
267 2195 356 2272 licet,
371 2195 441 2258 ludi
458 2196 677 2260 instituantur
692 2196 809 2277 puerili
827 2196 930 2259 aetati
953 2196 1166 2275 erudiendae,
1183 2218 1225 2262 ne
1250 2187 1373 2301 mie?

114 2302 197 2384 ipsa,
213 2300 334 2383 grandi
350 2320 427 2364 cum
445 2298 522 2363 fidei
538 2311 773 2383 rectorumque
790 2320 920 2365 morum
939 2301 1154 2379 detrimento,
1169 2303 1221 2366 vel
1248 2318 1379 2381 rengione

113 2404 369 2480 haereticorum,
386 2405 476 2485 quod
504 2405 669 2481 usuvenit,
684 2405 776 2467 adire
802 2404 944 2479 scholas,
966 2406 1016 2468 vel
1044 2408 1222 2487 gymnasia
1246 2384 1383 2497 {mm

113 2509 281 2573 celebrare
298 2508 463 2590 adigatur,
479 2509 535 2572 ubi
553 2510 680 2572 mentio
696 2508 788 2573 nulla
815 2508 1001 2573 catholicae
1017 2509 1221 2591 disciplinae,
1245 2520 1384 2577 puerorum

113 2613 176 2676 nisi
192 2612 280 2675 forte
299 2610 517 2689 calumniosa,
532 2610 681 2677 infertur.
696 2648 741 2663 -
756 2614 941 2691 Praeterea,
959 2614 1118 2695 quoniam
1142 2636 1221 2681 con·
1248 2579 1399 2706 condantur,

111 2715 194 2779 siliis
211 2714 445 2797 exemplisque
462 2716 588 2779 mutuis
603 2715 844 2780 confirmantur
871 2716 975 2780 animi
1004 2725 1038 2781 et
1064 2717 1107 2781 ad
1123 2716 1221 2781 sortia
1247 2700 1401 2808 ckjfjm

111 2839 174 2901 pro
189 2818 352 2901 religione
367 2820 502 2901 agenda
526 2820 814 2903 perpetiendaque
839 2819 1100 2898 inflammantur,
1117 2841 1220 2885 mere·
1246 2840 1262 2873 a
1274 2825 1346 2901 larris

109 2924 186 2986 bitis
204 2922 328 2985 idcirco
343 2924 472 3003 optime
487 2923 530 2986 de
546 2942 581 2985 re
597 2923 762 2987 catholica
777 2934 811 2986 et
829 2924 973 3006 publica,
983 2924 1010 2987 si
1027 2925 1220 2989 hominibus
1245 2898 1399 3011 iffi-illl}

109 3027 214 3103 laicis,
229 3026 405 3089 iuvenibus
422 3028 628 3108 praesertim,
644 3048 798 3091 suasores
825 3037 1047 3112 auctoresque
1075 3030 1167 3092 eritis
1183 3040 1219 3093 ut
1244 3021 1385 3134 maizi·

108 3132 142 3194 iu
171 3130 352 3193 societates
379 3131 564 3193 christiano
592 3131 747 3195 instituto
772 3139 902 3197 coeant.
921 3129 995 3196 Has
1012 3132 1128 3197 crebra
1145 3134 1219 3197 Nos
1245 3093 1345 3198 ΜΞ

106 3232 300 3296 hortatione
324 3233 547 3310 laudavimus,
563 3236 689 3317 quippe
716 3256 812 3317 quae,
827 3256 932 3319 quum
961 3237 1117 3300 curandis
1145 3237 1218 3301 reli·
1243 3216 1398 3330 ξῇῗᾷζζζ,

105 3338 218 3421 gionis
249 3338 437 3401 rationibus
465 3350 499 3401 et
532 3359 714 3421 egenorum
746 3341 950 3406 utilitatibus
981 3342 1218 3423 promovendis
1244 3346 1396 3395 civitariad·

106 3441 277 3519 studeant,
292 3451 364 3506 turn
382 3442 474 3505 omni
490 3462 555 3525 ope
571 3442 802 3508 efficacitatem
821 3446 977 3509 minuant
1001 3464 1115 3510 earum
1140 3466 1217 3510 con·
1244 3420 1388 3462 versantur.

105 3546 343 3621 sociationum,
358 3565 455 3628 quae,
471 3547 627 3629 publicae
651 3548 801 3613 caritatis
830 3546 1060 3630 appellatione
1084 3549 1219 3627 abusae,

107 3650 282 3714 Ecclesiae
298 3660 333 3714 et
348 3651 496 3714 civitatis
521 3652 612 3716 bono
639 3652 737 3717 valde
764 3653 994 3716 adversantur.
1009 3688 1053 3701 -
1069 3653 1142 3717 Nec
1158 3638 1218 3719 vos
1313 3675 1394 3739 Ephe.

103 3764 305 3836 praetereat,
323 3753 545 3819 Venerabiles
573 3755 718 3834 Fratres,
746 3764 920 3838 quantam,
946 3756 1038 3820 hisce
1066 3757 1218 3822 maxime
1237 3741 1370 3869 Jss‘r'vffi‘jas

102 3853 324 3937 temporibus,
340 3855 374 3917 in
391 3854 518 3918 bonum
541 3855 574 3917 in
592 3856 719 3921 malurn
733 3860 801 3923 sint
828 3869 948 3924 nactae
974 3860 1042 3923 vim
1060 3861 1214 3943 epheme·
1242 3872 1357 3950 carran-i

101 3960 193 4024 rides
209 3959 449 4042 adsimilesque
465 3960 498 4023 in
510 3960 630 4041 vulgus
643 3961 755 4026 editae
770 3964 977 4045 scriptiones
991 3962 1043 4029 Ne
1056 3965 1098 4029 sit
1115 3966 1216 4049 igitur
1240 3944 1384 4067 ffljjp„

99 4065 137 4127 in
165 4062 346 4144 postremis
376 4062 620 4127 catholicorum
648 4064 745 4142 curis,
770 4075 808 4130 ut
838 4066 890 4129 his
918 4068 1022 4131 etiam
1054 4070 1156 4132 armis
1180 4070 1212 4133 in
1238 4075 1326 4145 gneur,

95 4164 273 4228 christiani
290 4165 436 4229 nominis
453 4164 685 4229 defensionem
701 4174 848 4230 certetur
855 4187 864 4244 ;
890 4167 953 4231 rite
982 4168 1139 4233 nimirum
1159 4169 1213 4233 ob·
1240 4134 1388 4249 milli„

94 4275 236 4331 servato
251 4267 500 4350 Episcoporum
518 4269 632 4345 ductu,
648 4281 749 4353 atque
775 4269 908 4353 integra
922 4272 1109 4337 reverentia
1125 4293 1212 4355 quae

93 4369 189 4435 civili
205 4370 346 4434 debetur
362 4372 532 4454 potestati.
549 4410 594 4421 -
609 4372 765 4456 Denique
791 4374 975 4439 catholicos
1002 4396 1120 4440 omnes
1143 4398 1210 4442 me·
1237 4364 1390 4479 indm]

174 4557 400 4603 mmxnr.
1017 4562 1113 4615 μη
