3117 4859
435 382 486 431 nn
515 380 681 431 rosamo
708 380 880 430 usuram.
1168 375 1208 445 15

92 535 273 615 utriusque
305 532 351 594 rei
382 530 596 611 praecipuam
631 547 767 591 causam
797 538 925 591 rectum
957 539 1007 592 est
1038 549 1058 590 a
1088 528 1211 591 virtute
1276 546 1349 629 siin

91 655 265 699 arcessere
292 635 540 715 comprecantis
558 632 671 696 Deum
702 631 894 695 Ecclesiae:
922 652 983 695 nec
1010 633 1100 695 enim
1128 633 1210 694 satis
1276 639 1347 729 3891,

92 736 287 819 assequitur
301 736 451 799 humana
469 736 555 799 ratio
578 735 751 818 quomodo
771 735 930 797 restrictis
947 734 994 797 ita
1011 732 1132 798 finibus
1149 736 1209 797 im-

94 841 231 924 periosa
246 840 397 922 nequitia
412 840 587 917 consistat,
605 838 757 903 Ecclesia
773 860 862 913 vero,
874 840 907 901 in
925 850 1107 920 angustum
1118 858 1211 901 com-

93 945 207 1028 pulsa,
228 944 448 1008 nihilominus
476 954 547 1007 tam
577 941 754 1025 magnifice
779 944 902 1007 vincat.
917 943 1013 1005 Idem
1030 963 1071 1006 eo
1088 945 1209 1007 rectius
1269 955 1387 1032 affinem
1465 973 1467 984 =

94 1050 217 1113 existit
233 1049 266 1111 in
282 1068 324 1111 eo
341 1048 504 1111 bonorum
532 1067 663 1129 genere,
682 1046 803 1129 quibus
827 1047 980 1110 Ecclesia
995 1048 1150 1109 homines
1166 1050 1208 1109 ad
1236 1024 1344 1085 ‘'lini“
1355 1021 1391 1069 “d

1373 1103 1389 1133 a

96 1153 209 1217 ultimi
236 1154 316 1216 boni
344 1153 561 1234 adeptionem
587 1153 744 1234 proxime
771 1152 919 1216 adducit.
943 1153 1000 1215 Ad
1026 1152 1091 1216 hoc
1119 1152 1209 1214 enim
1235 1094 1371 1213 islinlalai

97 1277 224 1321 munus
238 1277 342 1339 quum
359 1266 438 1319 nata
455 1257 509 1332 sit,
525 1256 679 1338 precibus
695 1257 764 1319 suis
782 1276 881 1337 posse
898 1257 1043 1321 multum
1059 1256 1161 1321 debet
1174 1266 1211 1319 ut
1236 1227 1355 1334 miii

95 1360 234 1424 divinae
249 1361 282 1423 in
299 1360 375 1423 illos
392 1360 626 1442 providentiae
646 1361 962 1443 misericordiaeque
978 1363 1062 1424 ordo
1078 1362 1209 1423 exitum

98 1464 225 1529 habeat
240 1473 272 1527 et
288 1464 554 1547 perfectionem:
581 1473 683 1547 atque
710 1464 757 1528 ita
785 1464 940 1529 homines
964 1485 1040 1528 cum
1058 1463 1210 1528 Ecclesia

101 1578 140 1630 et
172 1588 228 1650 per
257 1568 444 1631 Ecclesiam
487 1578 632 1644 orantes,
662 1588 702 1631 ea
726 1570 863 1632 demum
900 1570 1083 1650 impetrant
1110 1579 1212 1652 atque

104 1670 257 1735 obtinent
279 1691 367 1753 quae
381 1672 474 1735 Deus
499 1672 696 1753 omniparens
718 1681 795 1733 ante
816 1672 944 1734 saecula
970 1672 1130 1753 disposuit
1156 1673 1210 1735 do-

109 1774 246 1857 nare(¹).
260 1775 318 1839 Ad
346 1775 415 1839 alta
440 1776 650 1858 providentis
667 1774 732 1838 Dei
749 1777 890 1838 consilia
908 1777 1028 1839 mentis
1044 1776 1212 1841 humanae

111 1878 198 1941 acies
210 1880 241 1941 in
257 1880 445 1961 praesentia
457 1880 572 1944 delicit
584 1904 591 1943 :
601 1882 660 1943 sed
672 1880 857 1961 aliquando
873 1882 946 1956 erit,
961 1901 1065 1961 quum
1076 1901 1213 1944 caussas

112 1985 423 2065 consecutionesque
438 2004 548 2047 rerum
574 1985 650 2049 Deo
674 1986 749 2065 ipso
777 1992 911 2066 apertas
927 2004 988 2064 pro
1005 1984 1213 2066 benignitate

114 2104 173 2149 sua
187 2098 399 2164 monstrante,
414 2088 601 2152 dilucidum
619 2089 758 2169 patebit,
774 2088 893 2152 orandi
911 2108 1033 2151 munus
1049 2100 1212 2171 quantam

38 2227 42 2235 ·
115 2192 152 2253 in
173 2192 232 2255 hoc
256 2212 364 2257 rerum
391 2212 514 2275 genere
549 2195 617 2257 vim
650 2194 808 2256 habuerit
834 2194 1084 2277 utilitatemque
1109 2196 1212 2277 impe·

114 2298 227 2360 trandi.
244 2298 327 2361 Inde
343 2295 500 2361 eflectum
519 2298 660 2380 patebit,
676 2299 768 2379 quod
785 2317 859 2361 sese
875 2298 983 2377 multi,
999 2299 1031 2362 in
1050 2301 1213 2363 tantade-

115 2402 237 2481 pravati
263 2401 385 2465 saeculi
413 2402 613 2483 corruptela,
629 2403 777 2483 integros
804 2404 1029 2483 praestiterint
1047 2412 1148 2485 atque
1166 2406 1213 2467 in·

115 2504 249 2570 violatos
264 2508 304 2571 ab
319 2508 411 2570 omni
424 2508 674 2589 inquinamento
688 2507 800 2570 carnis
813 2517 846 2570 et
858 2508 1004 2589 spiritus,
1016 2511 1216 2592 perficientes

113 2608 391 2691 sanctificationem
408 2609 442 2670 in
459 2609 576 2671 timore
591 2608 659 2671 Dei
669 2607 724 2691 (2);
734 2610 825 2690 quod
837 2610 903 2685 alii,
913 2609 947 2671 in
960 2610 1091 2674 eodum
1105 2624 1216 2676 essent

116 2719 157 2772 ut
170 2708 290 2793 flagitio
304 2711 528 2793 indulgerent,
544 2710 633 2773 illico
651 2711 714 2774 sibi
730 2711 1002 2792 temperaverint,
1014 2733 1059 2776 ex
1076 2715 1217 2797 ipsoque

112 2814 256 2895 periculo
271 2825 304 2879 et
320 2815 506 2878 tentamine
523 2815 631 2878 bonos
655 2816 805 2897 ceperint
822 2827 939 2879 auctus
955 2818 1108 2897 virtutis;
1125 2821 1215 2900 quod

114 2917 272 3001 prolapsis
288 2919 361 2982 aliis
377 2919 534 3001 impulsio
553 2919 720 3001 quaedam
738 2922 942 3001 permoverit
957 2920 1089 2985 animos
1106 2933 1142 2986 ut
1155 2925 1217 2987 eri·

117 3034 228 3103 gerent
241 3045 276 3087 se
292 3035 326 3087 et
341 3026 376 3087 in
393 3024 613 3105 complexum
631 3025 696 3087 Dei
723 3025 912 3088 miserentis
937 3036 1156 3091 occurrerent.
1173 3066 1217 3076 -

120 3122 209 3189 Haec
224 3128 322 3210 igitur
337 3148 455 3191 omnes
471 3131 561 3210 apud
592 3150 629 3192 se
656 3131 914 3210 perpendentes,
929 3129 1070 3194 fallaciis
1086 3132 1215 3213 antiqui
1259 3160 1393 3209 om„

117 3228 216 3294 hostis
230 3233 330 3295 etiam
345 3241 449 3314 atque
476 3233 580 3295 etiam
605 3232 822 3297 obsecramus
839 3253 882 3296 ne
898 3234 1031 3310 cedant,
1047 3254 1131 3297 neve
1147 3235 1217 3298 ulla
1242 3227 1325 3290 ’Μ’
1337 3233 1392 3339 im

116 3334 248 3399 omnino
262 3356 381 3399 caussa
396 3356 417 3399 a
432 3337 546 3400 studio
561 3345 694 3400 cessent
710 3338 828 3399 orandi
842 3358 850 3414 ;
866 3357 980 3400 verum
999 3338 1033 3400 in
1049 3358 1090 3401 eo
1106 3358 1215 3419 perse·
1241 3307 1392 3420 lilirriiqiie

113 3447 262 3502 verenter
277 3438 473 3517 consistant,
484 3439 556 3503 sine
579 3440 820 3503 intermissione
835 3440 1030 3504 consistant.
1043 3440 1156 3504 Prima
1172 3443 1215 3505 sit
1240 3422 1395 3537 {CW‘Z'JOZ

110 3541 177 3606 illis
201 3563 278 3606 cura
304 3545 347 3607 de
375 3563 508 3608 summo
534 3544 634 3621 bono,
649 3553 787 3607 aeterna
803 3544 955 3607 omniurn
972 3544 1090 3622 salute,
1105 3546 1214 3628 deque
1241 3552 1270 3602 in
1299 3552 1395 3617 prima

108 3646 338 3711 incolumitate
355 3646 527 3710 Ecclesiae
543 3648 778 3730 exposcenda:
805 3657 877 3710 turn
905 3646 982 3710 licet
998 3658 1108 3712 cetera
1126 3650 1215 3713 bona
1237 3619 1393 3749 {fffflm

107 3750 152 3815 ad
171 3768 266 3813 usum
283 3750 627 3833 commoditatemque
653 3751 743 3815 vitae
767 3760 885 3833 petant
900 3771 920 3813 a
938 3751 1023 3828 Deo,
1039 3754 1142 3816 modo
1158 3773 1214 3816 vo·
1241 3748 1396 3864 mxu}

106 3859 231 3923 luntati
247 3858 317 3923 eius
333 3859 559 3941 aequissimae
575 3859 799 3943 acquiescant,
815 3858 924 3922 eidem
950 3861 1084 3941 pariter,
1099 3870 1217 3943 optata
1243 3878 1370 3930 Ecclesiae

104 3962 160 4029 vel
177 3962 379 4027 concesserit
404 3962 456 4025 vel
483 3962 647 4037 abnuerit,
664 3969 804 4043 agentes
832 3962 968 4044 gratias,
983 3962 1217 4027 beneficentis-
1243 3945 1396 4073 {mna

103 4070 196 4134 simo
210 4066 319 4150 patri:
345 4086 386 4130 ea
412 4066 558 4149 denique
583 4066 745 4149 religione
769 4075 804 4129 et
819 4068 945 4149 pietate
961 4086 1037 4130 curn
1056 4067 1131 4130 Deo
1147 4087 1219 4129 ver·
1244 4082 1321 4134 crant,
1335 4080 1394 4123 tem·

103 4178 235 4249 senius,
264 4190 330 4253 (an
360 4170 458 4235 decet
496 4170 646 4233 maxima
685 4178 719 4233 et
749 4179 892 4251 oportet,
923 4190 989 4253 qua
1017 4171 1078 4233 viri
1110 4171 1217 4235 sancti
1241 4140 1343 4207 '’mli‘'
1357 4154 1396 4187 '²⁶'
1443 4149 1449 4159 ’

135 4412 159 4447 ι.
174 4398 198 4446 S.
211 4398 258 4445 Tu.
273 4398 307 4454 ΙΙ,
321 4399 354 4452 11,
366 4412 390 4459 q.
404 4408 521 4455 Lxxxnr,
533 4414 556 4449 a.
569 4414 591 4454 2.
604 4413 634 4447 ex
644 4399 668 4447 S.
683 4400 755 4458 Greg.
771 4399 806 4446 M.
819 4424 849 4434 -
864 4412 885 4446 a
900 4400 1003 4450 licor..
1017 4410 1064 4449 vn.
1078 4414 1098 4445 r.
