3117 4859
218 1119 291 1214 sr‘ir.
567 1129 671 1180 GNAE
698 1116 763 1180 Dei
792 1116 913 1180 Matris
939 1134 1087 1181 amorem
1115 1126 1151 1181 et
1177 1118 1305 1183 cultum
1329 1120 1473 1201 quoties

218 1223 289 1287 189³·
561 1240 607 1284 ex
621 1220 797 1284 occasione
813 1220 910 1285 liceat
923 1220 1072 1285 excitare
1088 1220 1121 1283 in
1138 1221 1324 1287 christiano
1336 1221 1473 1305 populo

175 1339 330 1455 qunrmq
354 1128 596 1504 &a
611 1341 742 1403 augere,
753 1321 853 1385 toties
867 1320 939 1385 Nos
953 1319 1091 1387 mirifica
1101 1322 1275 1405 voluptate
1289 1331 1323 1387 et
1334 1323 1473 1389 laetitia

216 1471 259 1520 nis
268 1485 329 1535 erga
563 1425 803 1509 perfundimur,
817 1434 991 1509 tamquam
1002 1428 1045 1490 de
1060 1445 1100 1491 ea
1116 1446 1151 1491 re
1167 1446 1253 1510 quae
1269 1446 1336 1492 non
1353 1429 1470 1493 solum

217 1537 327 1599 praecra-
355 1545 415 1609 per
429 1548 465 1591 se
491 1528 563 1611 ipsa
579 1531 866 1614 praestantissima
892 1540 942 1595 est
961 1529 1141 1614 multisque
1165 1532 1274 1596 modis
1298 1530 1472 1615 frugifera,

202 1601 330 1715 {jem}
355 1631 414 1693 sed
430 1632 532 1697 etiam
548 1654 625 1698 cum
641 1635 762 1699 intimo
786 1636 888 1699 animi
907 1632 1022 1699 Nostri
1038 1654 1137 1699 sensu
1161 1636 1357 1699 suavissime
1386 1652 1470 1699 con·

200 1733 325 1794 pietatem,
355 1734 445 1799 cinit.
461 1734 587 1801 Sancta
608 1738 766 1803 nimirum
783 1757 862 1821 erga
884 1738 1027 1803 Mariam
1043 1738 1161 1823 pietas,
1175 1739 1278 1803 semel
1296 1750 1333 1803 ut
1357 1758 1471 1823 paene

356 1857 432 1901 curn
448 1838 535 1905 lacte
549 1842 714 1919 suximus,
725 1852 895 1907 crescente
904 1852 1025 1919 aetate,
1036 1843 1200 1907 succrevit
1215 1843 1334 1907 alacris
1344 1841 1469 1906 valuit·

355 1942 469 2025 quein
496 1945 610 2009 animo
626 1942 773 2009 firmius:
788 1964 830 2009 eo
846 1964 992 2029 namque
1007 1946 1168 2011 illustrius
1193 1947 1297 2010 menti
1322 1965 1470 2029 appare-

355 2046 414 2111 bat
430 2058 557 2130 quanto
572 2049 629 2113 illa
644 2061 733 2115 esset
748 2062 782 2116 et
797 2070 911 2116 amore
927 2061 961 2115 et
976 2050 1103 2116 honore
1117 2052 1229 2134 digna,
1251 2070 1354 2135 quam
1371 2050 1470 2115 Deus

355 2150 428 2234 ipse
443 2154 568 2218 amavit
584 2165 619 2220 et
633 2155 754 2221 dilexit
770 2157 905 2239 primus,
921 2164 1022 2239 atque
1038 2158 1085 2221 ita
1100 2155 1230 2232 dilexit,
1245 2167 1283 2220 ut
1298 2174 1402 2219 unam
1422 2176 1468 2221 ex

218 2299 329 2361 law..
356 2256 572 2320 universitate
589 2277 697 2323 rerum
713 2260 887 2324 sublimius
904 2268 1054 2325 evectam
1071 2259 1352 2342 amplissimisque
1368 2278 1469 2323 orna·

202 2365 330 2427 mquam
357 2364 428 2421 tam
441 2359 633 2424 muneribus
649 2362 711 2425 sibi
724 2363 918 2427 adiunxerit
935 2372 1086 2427 matrem.
1105 2362 1187 2427 Eius
1203 2371 1315 2427 autem
1332 2362 1471 2426 bonita-

195 2436 332 2558 egem?
359 2462 401 2525 tis
416 2461 450 2526 in
467 2464 541 2529 Nos
556 2464 864 2549 beneficentiaeque
882 2467 1056 2550 complura
1071 2478 1106 2533 et
1120 2465 1298 2551 splendida
1313 2468 1470 2532 testimo-

162 2561 332 2676 ‘reims
358 2574 422 2652 nia,
437 2596 524 2659 quae
544 2597 676 2641 summa
692 2599 768 2643 curn
785 2579 894 2661 gratia
917 2599 978 2644 nec
994 2580 1067 2644 sine
1082 2580 1226 2644 lacrimis
1242 2578 1471 2653 recordamur,

178 2692 331 2757 risumque
358 2682 512 2745 eamdem
526 2681 559 2744 in
578 2681 685 2747 Nobis
700 2684 860 2765 pietatem
871 2692 905 2747 et
915 2683 1069 2749 foverunt
1079 2684 1223 2766 amplius
1237 2694 1272 2747 et
1287 2684 1471 2749 vehemen-

180 2764 331 2872 epm&
358 2785 424 2849 tius
439 2785 630 2852 incendunt.
648 2788 711 2851 Per
726 2789 833 2852 multa
848 2789 937 2852 enim
951 2795 984 2854 et
995 2788 1087 2853 varia
1103 2798 1136 2853 et
1153 2787 1370 2853 formidolosa
1379 2804 1471 2870 quae

178 2889 330 2938 suadem·
359 2887 546 2953 inciderunt
562 2899 723 2973 tempora,
739 2910 870 2973 semper
886 2891 929 2953 ad
946 2910 1020 2955 earn
1037 2888 1259 2973 confugimus,
1274 2907 1409 2970 semper
1425 2885 1469 2951 ad

289 2970 329 3014 su,
358 3011 433 3055 eam
449 2992 586 3058 intentis
602 2995 707 3058 oculis
723 2996 920 3077 cupidisque
934 2993 1150 3076 suspeximus
1165 2992 1340 3075 ;omnique
1355 3010 1421 3073 spe
1436 2997 1470 3052 et

353 3106 461 3175 metu,
475 3097 611 3162 laetitiis
626 3108 660 3161 et
675 3096 922 3172 acerbitatibus,
945 3096 978 3160 in
995 3096 1069 3160 sinu
1098 3098 1170 3160 eius
1186 3094 1358 3176 depositis,
1382 3092 1469 3157 haec

357 3200 420 3264 luit
440 3200 574 3265 assidua
597 3221 685 3278 cura,
715 3201 833 3265 orandi
857 3201 900 3265 ab
923 3219 972 3276 ea,
999 3198 1106 3264 Nobis
1134 3198 1234 3264 vellet
1260 3196 1408 3279 benigna
1436 3196 1469 3259 in

358 3306 496 3369 modum
524 3306 640 3368 matris
656 3324 715 3387 per
730 3324 831 3369 omne
847 3313 980 3387 tempus
995 3304 1114 3368 adesse
1131 3312 1164 3368 et
1191 3301 1271 3366 illud
1289 3302 1471 3384 impetrare

358 3410 530 3487 eximium,
551 3430 650 3493 posse
667 3409 739 3473 Nos
765 3409 796 3473 ei
813 3408 958 3472 vicissim
979 3407 1223 3471 deditissimam
1240 3403 1298 3469 lilii
1314 3404 1470 3471 volunta·

221 3528 332 3604 maxime
357 3524 426 3577 tem
440 3515 588 3595 probare.
604 3551 647 3563 —
664 3514 734 3579 Ubi
749 3512 871 3576 deinde
888 3530 1010 3575 arcano
1024 3510 1231 3593 providentis
1248 3509 1313 3573 Dei
1329 3508 1472 3573 consilio

233 3609 332 3642 ΨΜ
356 3629 408 3681 est
428 3616 563 3694 iactum,
580 3628 616 3682 ut
642 3620 684 3683 ad
710 3618 798 3683 hanc
823 3616 919 3679 Beati
942 3616 1030 3678 Petri
1054 3614 1268 3691 cathedram,
1290 3615 1332 3678 ad
1359 3614 1470 3696 ipsam

182 3667 332 3789 Anotfow
357 3717 512 3781 videlicet
528 3717 651 3783 Christi
667 3737 846 3799 personam
863 3719 897 3781 in
913 3717 983 3781 eius
1001 3715 1152 3779 Ecclesia
1168 3715 1360 3797 gerendam,
1376 3733 1469 3778 assu·

204 3790 333 3919 ffiffss,
359 3838 533 3898 meremur,
549 3831 621 3884 tum
634 3841 712 3885 vero
722 3821 851 3903 ingenti
872 3820 1018 3884 muneris
1035 3818 1200 3899 gravitate
1219 3818 1392 3891 commoti,
1409 3835 1470 3881 nec

255 3929 331 3986 mnu
360 3925 428 3988 ulla
444 3926 621 3990 sustentati
633 3924 756 3990 fiducia
771 3925 903 3989 virtutis
921 3922 1075 4000 Nostrae,
1083 3922 1233 3986 subsidia
1244 3921 1379 3987 divinae
1387 3922 1471 4004 opis,

361 4030 394 4093 in
423 4038 575 4093 matema
605 4029 755 4111 Virginis
783 4029 995 4093 beatissimae
1025 4025 1102 4103 fide,
1128 4027 1330 4109 impensiore
1360 4026 1472 4090 studio

200 4152 335 4202 ΜΨ
361 4132 513 4215 flagitare
532 4133 775 4197 contendimus.
805 4132 890 4214 Spes
915 4140 1028 4196 autem
1054 4128 1188 4208 Nostra,
1214 4130 1316 4213 gestit
1341 4130 1472 4193 animus

176 4212 336 4335 mma
363 4235 519 4319 profiteri,
543 4255 647 4319 quum
679 4236 713 4298 in
745 4236 837 4297 omni
869 4236 947 4311 vita,
971 4245 1042 4298 tum
1083 4234 1232 4298 maxime
1257 4234 1289 4297 in
1317 4250 1473 4314 supremo

207 4340 337 4393 suarm,-
364 4338 569 4422 Apostolatu
594 4336 775 4420 iungendo,
792 4346 912 4400 eventu
938 4355 1047 4401 rerum
1065 4355 1248 4419 numquam
1273 4356 1341 4400 non
1357 4333 1473 4399 habuit
