3117 4859
291 349 343 397 DE
370 346 670 398 CONSTITUENDO
698 346 867 396 PRIMATE
895 344 929 394 Ο.
951 345 978 393 S.
1001 344 1031 391 B.
1143 340 1206 411 171

106 496 191 560 nalis
224 496 379 573 Dusmet,
409 517 512 579 quum
551 497 625 559 Nos
662 495 800 558 adiisset
835 492 999 576 postridie
1036 490 1213 555 Kalendas

105 602 216 665 Maias
232 601 296 665 hoc
320 621 421 679 anno,
445 600 620 683 postulans
646 608 683 663 ut
710 620 759 676 ea,
785 599 811 661 si
834 596 1050 680 placuissent,
1066 615 1086 658 a
1104 592 1212 657 Nobis

105 703 392 770 confirmarentur.
1272 710 1390 775 Pontifex

148 809 257 891 Igitur
273 808 425 891 quaesita
440 808 659 890 inspectaque
686 806 855 870 sententia
877 804 1102 886 quorumdam
1119 802 1153 868 S.
1172 802 1211 865 R.
1238 776 1378 891 ᾗᾜξᾙῖζ

105 913 142 977 Ε.
159 912 402 991 Cardinalium,
416 912 539 995 quibus
554 910 755 975 nominatim
769 908 1062 989 recognoscendae
1077 906 1212 969 oblatae
1237 907 1343 1022 mde-

102 1017 293 1099 scriptionis
329 1036 445 1080 curam
483 1015 776 1090 demandavimus,
819 1011 1041 1094 postulationi
1081 1029 1211 1092 aequis-

102 1125 206 1192 simae
222 1123 414 1188 censuimus
430 1124 660 1199 annuendum,
675 1123 872 1203 Nostraque
898 1119 1100 1182 auctoritate
1116 1114 1212 1199 Apo-

101 1228 220 1291 stolica
246 1228 388 1309 probare
415 1239 450 1290 et
474 1224 674 1290 confirmare
701 1224 882 1289 statuimus
913 1224 997 1287 scita
1027 1231 1061 1285 et
1088 1220 1211 1303 placita

103 1332 348 1413 praedictorum
359 1331 535 1395 Abbatum
548 1339 583 1394 et
594 1329 836 1412 Delegatorum
855 1328 902 1390 ita
914 1328 1086 1409 conceptis
1102 1324 1212 1389 verbis

104 1453 273 1517 expressa.

147 1542 208 1608 (Ι.
226 1539 356 1604 Omnes
373 1539 662 1621 Congregationes
676 1537 984 1611 Benedictinorum,
997 1556 1081 1619 quos
1098 1536 1211 1617 nigros
1257 1542 1388 1619 [uteroru-

107 1653 271 1718 (vocant,
286 1661 398 1705 veram
416 1640 596 1705 fraternam
614 1641 958 1707 confoederationem
982 1639 1108 1715 ineunt,
1123 1657 1210 1720 quae
1237 1620 1280 1721 ἔξ
1294 1608 1368 1721 ‘gfff

105 1756 251 1814 (tamen
278 1746 540 1812 Confoederatio
564 1746 691 1809 nullam
717 1746 1025 1827 Congregationem
1043 1743 1140 1808 alteri
1157 1763 1208 1806 su·
1233 1739 1389 1851 wlffino

103 1863 121 1916 Ι
136 1852 240 1915 bilclt.
1237 1869 1356 1933 confhede·

145 1973 163 2025 t
178 1958 231 2023 Ut
246 1969 360 2022 autem
372 1958 633 2024 Confoederatio
645 1958 728 2020 haec
741 1958 905 2021 unitatem
918 1956 1065 2038 aliquam
1078 1954 1212 2032 habeat,
1238 1934 1387 2047 ᾗὲἔᾍῗζί

103 2058 242 2126 <firmis
258 2063 473 2125 manentibus
496 2063 649 2126 omnium
679 2061 987 2136 Benedictinorum,
1013 2080 1098 2141 quos
1123 2060 1211 2122 dixi·
1239 2080 1368 2141 nqascrea·

106 2178 223 2243 (mus,
254 2165 592 2249 Congregationibus,
620 2185 802 2248 earumque
828 2164 1136 2230 Constitutionibus
1158 2166 1210 2229 vel
1229 2130 1388 2264 Jfss‘imf‘

104 2284 121 2337 t
139 2269 454 2349 Declarationibus3
471 2272 680 2354 propriisque
696 2270 878 2353 unicuique
905 2290 1019 2334 earum
1046 2270 1211 2335 Archiab-

105 2374 225 2452 (bate,
240 2375 293 2438 vel
311 2375 450 2439 Abbate
466 2376 625 2458 generali,
640 2375 693 2437 vel
710 2375 848 2439 Abbate
875 2377 1041 2454 Praeside‚
1067 2396 1127 2438 nec
1144 2396 1211 2440 non

105 2488 168 2542 (et
185 2479 406 2542 Procuratore
431 2479 578 2562 generali
605 2499 644 2541 ac
671 2478 914 2542 Visitatoribus
943 2479 1105 2557 servatis;
1130 2479 1211 2542 item

104 2578 241 2649 (firmis
257 2584 474 2647 manentibus
489 2584 616 2647 iuribus
629 2594 730 2666 atque
747 2583 931 2665 privilegiis
948 2584 1210 2666 uniuscuiusque

105 2686 347 2763 (Monasterii,
377 2687 496 2751 Abbas
536 2686 665 2755 Primos
704 2688 856 2750 omnium
896 2686 1209 2770 Congregationum

104 2791 312 2868 (creabitur,
338 2793 395 2873 qui
421 2790 556 2854 Romae
580 2792 682 2873 degat
699 2812 760 2873 pro
788 2792 934 2873 negotiis
951 2793 1055 2855 totius
1072 2790 1211 2857 Ordinis
1311 2794 1315 2801 '

104 2894 264 2960 fbonum
281 2896 408 2959 directe
424 2896 687 2977 respicientibus.

144 3013 161 3065 t
179 3000 226 3063 11.
243 2998 363 3063 Abbas
381 3001 510 3063 Primas
525 3010 718 3064 assumatur
732 3021 778 3064 ex
796 3002 952 3064 universo
969 3021 1108 3083 corpore
1121 3000 1209 3064 Con·

103 3105 383 3187 (gregationum,
399 3105 493 3168 nullo
509 3104 600 3168 facto
626 3107 801 3169 nationum
830 3105 1033 3182 discrimine,
1050 3104 1209 3187 nullaque
1240 3130 1289 3177 „20
1301 3130 1383 3179 Atlas

102 3217 267 3274 (servata
282 3210 476 3272 earumdem
495 3208 806 3291 Congregationum
819 3210 1045 3285 distinctione,
1061 3210 1120 3272 sed
1137 3207 1209 3274 sola
1240 3194 1342 3243 ΜΝ
1353 3210 1391 3243 ‘¹³'

1272 3064 1328 3113 Solo
1340 3079 1384 3112 me·

102 3322 120 3377 f
134 3312 277 3387 virtutis,
289 3311 485 3388 idoneitatis
498 3322 531 3375 et
548 3314 742 3375 meritorum
759 3312 1055 3392 contemplatione.
1238 3268 1365 3309 ''mmm'‘

144 3414 248 3478 (ΙΙΙ.
273 3412 350 3496 Qui,
374 3415 477 3478 modo
503 3435 572 3497 quo
596 3416 831 3498 praemittitur,
848 3414 968 3478 Abbas
985 3416 1114 3477 Primas
1130 3435 1208 3479 con·
1286 3427 1388 3501 ¹Abbas

103 3518 276 3584 (stitutus
311 3518 409 3581 fuerit
444 3539 519 3582 cum
553 3521 724 3583 attributis
755 3541 774 3582 a
807 3520 1028 3585 Sanctissimo
1060 3519 1210 3582 Domino
1239 3492 1363 3606 ζ’ζζῗζζί

103 3620 266 3685 (Nostro
292 3622 355 3703 ipsi
389 3624 534 3706 benigne
568 3625 801 3699 concedendis,
832 3625 894 3686 erit
925 3624 1058 3687 insimul
1091 3623 1210 3687 Abbas
1240 3623 1389 3735 nrulAqlqs

103 3728 280 3810 (Collegii
297 3729 332 3794 S.
348 3730 504 3793 Anselmi
521 3731 564 3794 de
580 3732 676 3796 Urbe
692 3751 768 3793 cum
786 3731 956 3794 ordinaria
973 3731 1210 3808 iurisdictione,
1240 3689 1386 3811 im(

104 3833 249 3915 (ibique
266 3833 425 3897 manebit.
444 3834 560 3916 lpsum
587 3844 699 3897 autem
729 3833 918 3915 Collegium
944 3855 1009 3898 non
1035 3846 1210 3899 censeatur
1238 3819 1378 3933 mdo„

102 3936 302 4017 (pertinere
318 3937 418 4001 alicui
434 3958 477 3999 ex
495 3939 594 4002 dictis
610 3938 951 4020 Congregationibus,
971 3940 1029 4002 sed
1047 3938 1208 4003 familiam
1239 3950 1309 3998 dinis
1327 3950 1389 4023 con-

105 4037 259 4103 (habeat
284 4060 329 4103 ex
356 4040 514 4104 omnibus
540 4040 868 4122 Congregationibus
893 4041 1085 4117 conflatam,
1106 4062 1207 4123 quam
1235 4020 1392 4143 ssim&

105 4142 207 4223 (ipse
225 4142 352 4207 Primas
367 4146 570 4208 constituere
593 4147 732 4223 curabit,
748 4146 866 4209 audito
883 4145 1029 4208 Rectore
1057 4144 1209 4227 Collegii,

103 4245 266 4313 (Omnes
299 4270 378 4312 vero
413 4249 609 4331 Superiores
634 4248 895 4333 uniuscuiusque
927 4249 1208 4331 Congregationis

108 4363 267 4417 (morem
298 4364 417 4435 gerant
444 4353 582 4417 Primati
610 4356 653 4417 ad
683 4355 894 4418 formandam
924 4354 1131 4436 praedictam
1160 4353 1207 4417 fa-
