3117 4859
579 675 637 732 Ad
657 673 995 748 archiepiscopum
1010 672 1241 746 Aquilonum

236 1170 266 1218 ,ὀ
353 1135 699 1287 ἓϋωῇτυοῐυιιί
717 1131 968 1217 sollertiamque
983 1143 1089 1210 tuam,
1101 1135 1222 1218 quibus
1238 1143 1272 1197 te
1288 1134 1323 1196 in
1340 1135 1468 1217 episco

214 1229 288 1346 {²359}
355 1294 378 1362 Ἦ
447 1252 473 1284 Ἴ
563 1234 631 1316 pali
664 1255 802 1301 munere
825 1238 985 1321 probasti,
1004 1239 1077 1302 Nos
1092 1240 1249 1322 equidem
1267 1258 1331 1321 pro
1347 1237 1467 1300 merito

257 1395 330 1442 Dolet
355 1363 378 1435 q
561 1339 829 1420 aestimavimus,
843 1351 945 1425 teque
962 1343 1039 1406 ideo
1055 1341 1214 1425 peculiari
1231 1341 1470 1406 benevolentia

174 1456 294 1528 Portisez
560 1445 734 1528 complexi
747 1467 872 1511 sumus.
886 1445 1117 1530 Quamobrem
1133 1467 1238 1530 quum
1256 1447 1471 1529 dignitatem,

174 1517 310 1635 3ῧέᾝᾷ
353 1557 454 1632 quam
472 1549 578 1614 Nobis
589 1550 779 1614 volentibus
795 1551 892 1634 geris,
904 1551 1470 1633 minusaquibusdamobsequiose

173 1635 296 1755 imss'
354 1654 504 1718 habitam
532 1655 822 1738 comperissemus,
838 1654 978 1721 minime
994 1655 1165 1737 potuimus
1180 1655 1262 1737 quin
1280 1655 1408 1718 iustum
1425 1673 1468 1718 ex

172 1755 328 1874 mm
354 1780 396 1823 eo
411 1757 561 1824 dolorem
578 1761 846 1842 perciperemus,
861 1761 1096 1844 episcoporum
1120 1761 1210 1823 enim
1227 1760 1345 1835 honor,
1362 1760 1469 1824 honor

175 1889 235 1926 sum,
249 1873 318 1918 hono·
356 1863 480 1928 Noster
505 1874 565 1929 est.
592 1865 630 1927 ln
653 1884 688 1928 re
715 1876 830 1928 tamen
847 1867 934 1929 tristi
952 1865 1111 1928 solatium
1138 1884 1204 1927 non
1221 1863 1331 1928 defuit
1344 1889 1353 1927 z
1367 1865 1467 1947 idque

175 1939 328 2051 sm?
356 1967 429 2030 Nos
444 1970 596 2051 amplum
615 1969 825 2051 percepimus
841 1989 944 2053 quum
961 1970 1115 2032 homines
1139 1969 1223 2032 sacri
1240 1967 1321 2031 cleri
1341 1969 1405 2033 tibi
1421 1969 1467 2030 in-

174 2063 301 2156 {muare
356 2071 437 2135 time
452 2072 652 2137 coniunctos
669 2074 914 2156 perspeximus,
925 2083 960 2138 ut
972 2073 1222 2137 observantiam
1236 2073 1467 2156 pietatemque

176 2169 329 2276 laum-”¹
355 2195 450 2239 suam
464 2177 599 2259 publico
616 2179 718 2242 etiam
735 2178 931 2243 testimonio
947 2175 1180 2241 confirmatam
1196 2177 1309 2242 velint.
1334 2175 1467 2259 Oppor-

176 2289 328 2334 servantiam
356 2288 475 2344 tunum
493 2301 574 2344 sane
591 2281 739 2345 officium
757 2283 872 2345 debita
888 2283 1121 2365 prosequimur
1137 2279 1257 2358 laude;
1280 2280 1382 2344 simul
1398 2280 1467 2344 bor-

176 2347 329 2526 ἷῖηῑμζῗῖξῖ
354 2391 465 2447 tamur
481 2405 598 2448 omnes
615 2405 657 2448 ne
673 2406 821 2469 unquam
838 2387 882 2450 ab
898 2386 1053 2449 instituto
1069 2385 1246 2447 discedant
1257 2405 1266 2462 ;
1279 2384 1364 2447 nihil
1378 2385 1466 2447 enim

173 2473 217 2525 Μ
228 2481 311 2514 essum.
356 2487 463 2550 Nobis
479 2488 606 2571 gratius
622 2491 763 2568 eveniet,
778 2510 880 2573 quarn
896 2489 924 2552 si
941 2489 1047 2553 clerus
1059 2489 1237 2571 Episcopis
1246 2488 1367 2551 docilis
1378 2490 1467 2551 dicto

353 2592 493 2656 audiens
520 2591 620 2657 suerit
647 2595 763 2678 eisque
789 2596 923 2676 penitus
954 2595 1093 2658 caritate
1119 2592 1287 2674 iungatur.
1305 2591 1346 2656 Id
1372 2605 1410 2656 ut
1425 2614 1467 2657 ex

353 2707 473 2778 optato
499 2699 687 2780 contingat,
716 2698 912 2763 caelestium
941 2699 1036 2762 vobis
1068 2716 1247 2760 munerum
1278 2696 1464 2761 ubertatem

354 2820 539 2882 precamur.
565 2803 703 2867 Testem
731 2812 846 2866 autern
862 2801 1054 2866 dilectionis
1070 2801 1215 2864 Nostrae
1229 2799 1462 2883 Apostolicam

355 2905 624 2969 benedictionem
657 2907 728 2983 tibi,
753 2905 966 2970 Venerabilis
988 2905 1114 2982 Frater,
1139 2905 1364 2986 universoque
1378 2903 1462 2967 clero

355 3017 414 3071 tuo
430 3008 662 3072 amantissime
677 3009 897 3092 impertimus.

316 3101 321 3108 ’
399 3111 526 3176 Datum
561 3113 691 3178 Rornae
721 3114 810 3194 apud
841 3113 876 3179 S.
908 3115 1044 3177 Petrum
1070 3113 1125 3176 die
1151 3125 1244 3176 xxvt
1270 3108 1463 3175 Decembris

355 3229 564 3294 MDCCCXCV,
583 3215 801 3282 Pontificatus
819 3217 936 3282 Nostri
951 3237 1042 3282 anno
1057 3217 1190 3281 decimo
1206 3227 1336 3281 octavo.

1043 3388 1139 3454 LEO
1157 3387 1221 3452 PP.
1237 3385 1341 3451 XIII.
