3117 4859
789 506 1109 587 EPISTOLA

394 990 783 1061 &a'raae'nnurs

279 1138 309 1183 23
392 1117 661 1195 Wfissuals
682 1120 887 1185 coniunctim
904 1140 924 1186 a
945 1100 1040 1185 vobis
1061 1122 1265 1205 perscriptae
1278 1133 1357 1188 sunt
1373 1125 1487 1189 litterae

250 1183 329 1299 w.
392 1178 578 1439 Q}
600 1244 645 1287 ex
672 1226 756 1287 aede
785 1223 1074 1306 Archiepiscopali
1102 1223 1407 1305 Neo-Eboracensi,
1430 1248 1486 1311 quo

600 1328 748 1409 coivistis
773 1328 1016 1391 consecrationi
1038 1327 1314 1411 Broolrlyniensis
1343 1330 1486 1414 Episcopi

214 1401 365 1515 mrem
390 1418 580 1496 dinem
601 1429 757 1508 adfuturi,
772 1431 897 1513 duplici
916 1428 987 1494 Nos
1003 1430 1176 1513 voluptate
1192 1430 1384 1500 affecerunt.
1405 1435 1485 1497 Pate-

206 1530 367 1645 {mim
393 1535 451 1599 bat
466 1536 556 1597 enim
573 1555 619 1599 ex
645 1534 685 1599 iis
708 1536 841 1601 animus
857 1546 966 1599 vester
986 1536 1116 1599 cumde
1142 1534 1297 1617 religiosa
1321 1556 1485 1620 puerorum

214 1668 270 1710 tum
299 1662 364 1711 um.
392 1639 602 1704 institutione
622 1639 793 1719 sollicitus,
809 1649 880 1704 tum
898 1638 1092 1703 effundendi
1113 1640 1255 1721 cupidus
1271 1642 1485 1707 dubitationes

214 1735 367 1856 Ἥέὲ
392 1752 426 1807 et
452 1744 643 1809 anxietates
663 1764 742 1809 suas
765 1744 799 1808 in
831 1744 995 1827 gremium
1029 1744 1201 1821 Nostrum,
1226 1763 1360 1827 semper
1383 1747 1484 1810 adeas

213 1858 296 1907 ulum
342 1865 366 1907 et
391 1846 536 1931 benigne
545 1847 762 1932 excipiendas
771 1847 996 1931 paratumNe
1005 1848 1085 1930 quid
1097 1848 1338 1929 itaquevestris
1348 1848 1485 1912 haereret

210 1924 364 2038 pss‘ffffl}
391 1951 560 2016 mentibus
576 1953 665 2035 quod
682 1952 804 2015 anxias
819 1951 892 2015 illas
916 1960 949 2015 et
965 1952 1108 2015 incertas
1124 1948 1277 2031 efficeret,
1291 1953 1383 2019 ‘datis
1403 1954 1484 2019 vicis·
1548 1948 1549 1969 ¹

223 2055 360 2133 declarent.
389 2056 452 2119 sim
466 2056 585 2119 litteris
612 2076 671 2119 vos
687 2056 780 2119 adire
799 2054 1006 2119 decrevimus
1025 2079 1031 2117 :
1048 2055 1147 2118 hasce
1163 2065 1276 2120 autem
1305 2078 1373 2121 non
1396 2058 1484 2121 modo

211 2122 365 2249 efffifflfg
390 2162 528 2224 nuncias
544 2160 787 2224 essevolumus
812 2168 972 2242 paternae
987 2179 1067 2241 erga
1090 2178 1150 2222 vos
1177 2160 1325 2224 caritatis
1343 2162 1483 2235 Nostrae,

212 2252 362 2366 dmg·
389 2265 447 2326 sed
465 2265 566 2327 etiam
584 2272 686 2328 testes
710 2264 944 2328 sollicitudinis
964 2282 1066 2345 quam
1093 2263 1239 2345 gerimus
1270 2266 1313 2328 de
1341 2264 1482 2328 fidelibus

353 2354 359 2378 '
388 2367 631 2449 amplissimam
642 2368 865 2432 incolentibus
878 2368 1047 2449 regionem
1058 2366 1303 2434 foederatarum
1319 2370 1481 2433 civitatum

245 2533 364 2595 graviter
387 2473 568 2538 Americae
584 2471 872 2555 Septentrionalis,
887 2491 975 2554 quae
990 2482 1127 2553 propter
1142 2472 1358 2549 incrementa,
1374 2473 1482 2555 quibus

209 2598 273 2645 turre
290 2600 361 2647 nn‘se-
387 2597 425 2640 se
440 2577 514 2640 istic
539 2576 688 2658 explicat
719 2576 885 2641 catholica
911 2576 1035 2658 religio,
1052 2585 1085 2638 et
1101 2593 1260 2657 praesens
1278 2575 1387 2639 Nobis
1412 2594 1481 2657 gau·

209 2678 267 2711 ram
306 2680 360 2713 con·
386 2680 480 2744 dium
497 2678 603 2756 affert,
613 2689 646 2743 et
662 2700 770 2744 rerum
788 2680 963 2743 laetiorum
978 2680 1009 2741 in
1023 2686 1193 2762 posterum
1212 2682 1481 2761 expectationem.

208 2736 361 2859 „2535ss
388 2783 491 2848 Plane
503 2789 586 2847 haec
595 2782 787 2847 sollicitudo
800 2783 872 2846 Nos
881 2802 979 2845 curae
990 2791 1146 2863 expertes
1159 2800 1231 2845 esse
1241 2802 1309 2845 non
1320 2783 1398 2847 sivit
1408 2784 1482 2845 inter

256 2867 360 2989 pm
386 2889 628 2952 controversias
641 2897 675 2952 et
686 2887 932 2969 disputationes
945 2905 1051 2967 nuper
1066 2886 1140 2947 istic
1156 2895 1246 2949 ortas
1263 2894 1296 2947 et
1308 2888 1429 2949 animis
1441 2886 1481 2947 in-

216 2993 355 3069 ‘anivs
384 2990 626 3055 calescentibus
657 3000 750 3054 actas
788 2998 925 3072 propter
955 2988 1213 3052 conventionem
1250 2988 1369 3052 initam
1406 2991 1481 3051 inter

207 3070 275 3169 ”2²22
291 3073 359 3171 52⁸2}
383 3093 621 3159 Venerabilem
647 3094 799 3158 Fratrem
825 3094 1127 3175 Archiepiscopum
1145 3092 1180 3158 S.
1197 3092 1292 3157 Pauli
1317 3104 1352 3156 et
1376 3092 1480 3157 civiles
1546 3144 1547 3171 ,

226 3186 356 3251 Arctitpi·
384 3201 600 3283 magistratus
614 3200 701 3264 circa
717 3200 801 3263 duas
818 3198 998 3280 epluribus
1010 3196 1132 3259 scholis
1142 3196 1395 3278 paroecialibus,
1406 3214 1480 3280 quas
1546 3186 1547 3191 ἵ

131 3258 136 3266 ’
203 3258 302 3314 scopum
326 3255 353 3302 S.

237 3317 318 3367 Paula·
333 3326 358 3366 ee
381 3303 436 3367 ille
452 3306 642 3368 considerat
655 3304 763 3367 multo
777 3323 855 3366 cum
872 3304 984 3366 studio
1000 3302 1032 3364 in
1050 3301 1176 3364 credita
1192 3302 1254 3365 sibi
1269 3302 1433 3369 Dioecesi.
1447 3300 1478 3363 ln

204 3383 355 3510 ‘'¹222'ssss
380 3407 478 3471 huius
503 3409 644 3471 miserae
659 3407 918 3471 concertationis
935 3416 1028 3468 aestu
1046 3406 1166 3468 mirum
1200 3415 1336 3469 nonest
1360 3408 1388 3469 si
1405 3406 1479 3469 falsa

203 3513 273 3562 circa
291 3514 355 3563 duas
381 3531 622 3595 nonnunquam
639 3511 877 3574 nunciarentur
889 3530 951 3594 pro
963 3511 1047 3573 veris
1060 3520 1093 3573 et
1106 3529 1192 3592 quae
1202 3512 1387 3593 suspiciose
1399 3512 1480 3593 cogi·

202 3578 295 3627 scholas
307 3589 353 3643 pa-
702 3616 709 3629 .
1400 3617 1408 3631 .

202 3644 323 3693 roeciales.
379 3624 452 3679 tata
468 3616 599 3679 fuerant
619 3616 710 3697 vulgi
727 3633 860 3678 rumore
886 3615 1197 3696 percrebrescerent.
1217 3614 1313 3678 Haec
1330 3616 1478 3699 equidem

379 3721 524 3801 graviter
540 3720 748 3801 molesteque
763 3716 901 3781 tulimus
917 3738 925 3795 3
942 3718 1005 3779 nisi
1028 3720 1116 3780 enim
1134 3720 1335 3800 tempestive
1351 3740 1393 3783 eo
1409 3738 1479 3782 cura

200 3809 353 3923 dragmffi
379 3824 505 3886 Nostra
521 3843 681 3886 conversa
697 3823 823 3901 fuisset,
850 3826 1031 3887 verendum
1049 3834 1120 3887 erat
1145 3846 1187 3888 ne
1203 3827 1417 3890 intercideret
1433 3822 1477 3889 vel

200 3941 270 3987 fruar
305 3942 351 3989 ca·
379 3947 501 4009 magna
518 3948 563 3989 ex
579 3938 674 4008 parte
685 3928 842 3991 deficeret
858 3928 1207 4010 perlecta·animorum
1225 3933 1402 3994 consensio
1417 3939 1477 3992 stu-

200 4004 354 4120 mmm
377 4033 576 4114 dierumque
601 4032 831 4095 communium
849 4032 880 4093 in
900 4052 1002 4094 unum
1019 4034 1232 4114 conspiratio,
1248 4054 1349 4116 quam
1368 4034 1477 4097 scdulo

199 4135 295 4195 videns,
376 4136 543 4200 retineant
558 4146 691 4219 oportet
706 4156 877 4200 sacrorum
901 4136 1084 4199 Antistites
1114 4146 1148 4199 et
1164 4136 1237 4201 Nos
1261 4137 1373 4200 lovere
1389 4136 1475 4200 adni-

376 4240 478 4303 timur
490 4242 608 4322 quavis
618 4243 748 4305 ratione
758 4252 792 4304 et
802 4261 874 4321 ope.
888 4242 1067 4322 Propterea
1078 4261 1243 4305 memores
1255 4242 1354 4305 officii
1367 4238 1475 4305 Nostri

197 4368 348 4417 suoremdi-
377 4340 468 4424 quod
484 4341 634 4424 postulat
650 4353 687 4406 ut
699 4344 732 4406 in
749 4344 996 4425 disceptatione
1011 4363 1212 4423 caussarum,
1228 4366 1368 4427 quarum
1389 4342 1475 4406 notio
1544 4372 1545 4385 ÷

195 4308 242 4365 pro
275 4302 350 4367 ‹ffcio
