3117 4859
210 557 643 644 constr-runo
680 564 1087 650 APOSTOLICA

511 938 786 1002 eranonum.

91 1247 485 1322 QQFFICIORUM
520 1264 559 1308 ac
594 1265 784 1323 munerum,
818 1267 905 1329 quae
942 1249 1201 1331 diligentissime
1290 1285 1320 1334 ²5

89 1320 278 1566 {LO—'g
300 1348 578 1431 sanctissimeque
594 1350 717 1412 servari
734 1350 767 1412 in
784 1349 848 1413 hoc
864 1352 1052 1433 apostolico
1065 1351 1200 1434 fastigio
1270 1333 1343 1448 129³}

91 1475 115 1546 g
252 1478 277 1546 g
300 1460 444 1534 oportet,
458 1451 522 1516 hoc
538 1457 640 1534 caput
667 1462 769 1535 atque
795 1455 878 1518 haec
893 1475 1027 1519 summa
1042 1465 1101 1533 est,
1119 1456 1198 1518 assi·
1280 1503 1379 1551 Summi

89 1549 275 1624 haute
297 1560 364 1621 due
394 1556 531 1639 vigilare
563 1567 665 1638 atque
698 1557 791 1621 omni
820 1579 884 1641 ope
916 1561 1130 1638 contendere,
1162 1570 1199 1623 ut
1225 1559 1351 1677 Zrffin

89 1666 265 1747 integritas
282 1663 358 1726 fidei
375 1679 575 1742 morumque
587 1659 843 1726 christianorum
859 1682 900 1727 ne
911 1665 992 1745 quid
1005 1665 1198 1728 detrimenti
1225 1693 1364 1742 moramque

90 1771 209 1852 capiat.
228 1769 344 1850 quue,
370 1767 397 1828 si
424 1785 573 1846 unquam
601 1763 693 1841 alias,
721 1767 870 1829 maxime
896 1777 947 1831 est
972 1771 1197 1833 necessarium
1224 1740 1368 1847 llblslbat'e‘l

89 1877 153 1939 hoc
169 1885 332 1955 ternpore,
347 1891 434 1947 cum,
450 1869 621 1933 effrenatis
645 1868 780 1934 licentia
805 1870 948 1952 ingeniis
975 1893 1014 1936 ac
1042 1874 1199 1957 moribus,
1220 1859 1338 1972 ξξζζῗ-’Μ

89 1979 199 2045 omnis
237 1977 305 2040 lere
342 1975 504 2050 doctrina,
541 1995 641 2057 quam
687 1986 838 2037 servator
874 1975 1049 2042 hominum
1091 1981 1198 2047 lusus
1224 1983 1306 2024 ''⁰⁸‘'‘2
1336 2041 1340 2050 .

89 2085 281 2149 CHRISTUS
308 2081 468 2144 tuendam
494 2079 667 2143 Ecclesiae
701 2099 781 2142 suae
818 2078 861 2142 ad
895 2079 1038 2145 salutem
1066 2087 1197 2166 generis
1218 2043 1363 2144 llldlelmm
1406 2091 1414 2099 “

88 2187 227 2251 humani
243 2187 403 2269 permisit,
419 2185 452 2247 in
481 2183 714 2267 quotidianum
732 2193 871 2246 vocatur
897 2194 1065 2249 certamen
1095 2198 1196 2270 atque

88 2292 275 2356 discrimen.
289 2289 367 2374 Quo
383 2290 416 2352 in
434 2289 618 2352 certamine
629 2281 742 2351 variae
758 2287 910 2369 prolecto
925 2299 1028 2372 atque
1044 2293 1195 2355 innume·
1222 2316 1375 2368 smmum,

88 2397 210 2461 rabiles
224 2405 303 2458 sunt
319 2394 529 2459 inimicorum
545 2393 750 2457 calliditates
774 2401 930 2477 artesque
956 2398 1098 2460 nocendi
1115 2398 1195 2461 :sed
1219 2379 1364 2508 ζξῖξῖζξῆ,

86 2522 163 2567 cum
180 2501 296 2583 primis
312 2510 362 2563 est
375 2499 475 2581 plena
491 2498 715 2581 periculorum
742 2497 1004 2581 intemperantia
1020 2501 1196 2582 scribendi,
1216 2510 1331 2612 ‘'ngx‘'

86 2605 396 2686 disseminandique
412 2602 444 2666 in
462 2603 581 2685 vulgus
608 2623 694 2685 quae
721 2623 823 2685 prave
850 2605 973 2686 scripta
998 2617 1084 2671 sunt.
1102 2607 1194 2670 Nihil
1222 2617 1336 2683 moruus,

86 2709 176 2774 enim
193 2709 333 2791 cogitari
359 2717 473 2790 potest
497 2707 715 2790 perniciosius
739 2707 782 2770 ad
811 2708 1036 2791 inquinandos
1064 2713 1195 2777 animos

85 2835 145 2897 per
175 2823 407 2895 contemptum
436 2810 606 2892 religionis
631 2831 756 2894 perque
781 2812 954 2877 illecebras
980 2816 1102 2879 multas
1119 2839 1194 2899 pec-

85 2919 194 2983 candi.
221 2917 452 3001 Quamobrem
480 2917 565 2979 tanti
594 2928 746 2979 metuens
774 2916 863 2994 mali,
893 2927 926 2981 et
952 2920 1193 2985 incolumitatis
1228 2978 1232 2987 .

86 3023 163 3086 fidei
180 3043 218 3086 ac
236 3042 365 3086 morum
383 3030 497 3084 custos
514 3030 548 3084 et
563 3019 689 3083 vindex
708 3019 870 3098 Ecclesia,
887 3024 1079 3087 maturrime
1097 3025 1192 3088 intel·
1221 2977 1332 3080 libelllls

83 3129 179 3204 lexit‚
195 3126 341 3190 remedia
359 3134 476 3188 contra
498 3124 662 3188 eiusmodi
690 3133 820 3206 pestem
849 3145 921 3187 esse
948 3131 1132 3193 sumenda:
1149 3130 1194 3193 ob
1218 3101 1371 3208 mall]

84 3251 229 3315 eamque
246 3252 314 3295 rem
340 3233 372 3294 id
399 3238 563 3314 perpetuo
590 3228 727 3303 studuit,
745 3237 781 3291 ut
797 3229 960 3308 homines,
976 3234 1087 3314 quoad
1105 3235 1137 3296 in
1155 3253 1190 3297 se
1219 3215 1372 3326 2¹5⁵,20'2‘2m1

83 3345 182 3413 esset,
198 3356 375 3418 pravorum
392 3335 553 3398 librorum
579 3333 728 3407 lectione,
743 3332 808 3396 hoc
824 3344 874 3397 est
891 3336 1038 3415 pessimo
1054 3358 1194 3416 veneno,
1219 3335 1346 3438 ffifisfssl·

82 3440 287 3523 prohiberet.
301 3439 496 3503 Vehemens
511 3438 573 3501 hac
590 3438 623 3499 in
640 3456 674 3500 re
691 3437 839 3500 studium
864 3437 955 3502 beati
984 3440 1077 3504 Pauli
1102 3442 1193 3506 vide·
1219 3465 1313 3498 veneno.

81 3555 161 3608 runt
183 3546 341 3627 proxima
367 3543 551 3626 originibus
575 3551 746 3622 tempora:
770 3542 938 3624 similique
962 3545 1092 3610 ratione
1119 3567 1192 3628 per·

81 3650 197 3731 spexit
220 3659 412 3712 sanctorum
439 3648 576 3711 Patrum
602 3645 821 3728 vigilantiam,
837 3646 925 3710 iussa
951 3649 1193 3733 episcoporum,

82 3752 311 3817 Conciliorum
328 3754 473 3820 decreta.
488 3751 598 3814 omnis
614 3769 823 3832 consequens
840 3759 941 3815 aetas.

128 3860 309 3939 Praecipue
326 3877 403 3919 vero
420 3864 640 3919 monumenta
663 3856 849 3918 litterarum
873 3865 1051 3934 testantur,
1067 3869 1193 3940 quanta
1251 3882 1370 3926 Romano.
1434 3845 1439 3859 ’

81 3983 162 4029 cura
177 3961 421 4044 diligentiaque
436 3960 469 4022 in
486 3980 527 4024 eo
544 3959 774 4042 evigilaverint
800 3960 930 4022 romani
948 3960 1135 4041 Pontifices,
1152 3985 1193 4028 ne
1214 3941 1369 4057 mall?

80 4067 328 4133 haereticorum
344 4066 478 4150 scripta,
491 4067 580 4127 malo
591 4064 736 4146 publico,
748 4064 886 4146 impune
899 4080 1078 4147 serperent.
1090 4069 1193 4134 Plena
1218 4061 1355 4180 ffjpffiljl‘i

81 4186 132 4238 est
158 4171 391 4255 exemplorum
425 4179 583 4234 vetustas.
612 4169 813 4232 Anastasius
843 4169 856 4232 l
884 4169 1008 4253 scripta
1036 4170 1193 4256 origenis
1219 4185 1268 4226 tur.

83 4277 331 4359 perniciosiora,
358 4275 576 4339 Innocentius
606 4273 619 4337 l
649 4272 785 4355 Pelagii,
813 4272 884 4337 Leo
911 4294 1054 4356 magnus
1084 4279 1192 4344 Mani.

81 4381 263 4445 chaeorum
288 4400 390 4462 opera
417 4380 540 4457 omnia,
555 4378 648 4461 gravi
674 4377 785 4442 edicto
800 4379 1011 4445 damnavere.
1029 4381 1192 4466 Cognitae

155 4541 222 4582 Ac'rt
239 4539 329 4583 Leonis
346 4539 415 4582 xm.
433 4563 460 4571 -
476 4539 502 4581 T.
513 4539 551 4581 Vl.
1093 4550 1117 4588 15
