3117 4859
379 372 453 443 320
480 370 715 423 rusr·rrucr·1o
734 362 754 385 ¹·
770 369 1016 421 rensrecrurr
1035 370 1114 421 esr.
1130 350 1148 371 '’
1167 373 1198 419 s.
1214 372 1248 420 c.
1267 370 1326 421 ee.
1344 371 1397 420 er
1411 372 1491 421 nec.

370 524 405 579 et
421 512 616 597 Superiores
631 523 731 595 prout
746 524 880 596 oportet
889 514 1088 595 provideant
1098 516 1131 575 in
1141 534 1244 591 casu;
1260 534 1303 577 ac
1320 526 1492 597 praeterea

371 628 488 683 curent
504 636 634 681 veneno
649 614 843 681 antidotum
857 618 1018 699 praebere
1033 638 1092 699 per
1114 619 1266 701 optimos
1290 616 1400 681 libros
1426 622 1489 680 suis

371 721 516 785 alumnis
540 722 797 803 comparandos,
822 740 947 803 perque
972 720 1139 786 auxilium
1166 722 1389 787 sacerdotum
1413 724 1489 785 doc·

371 826 468 902 trina,
484 825 610 907 pietate
625 843 665 888 ac
675 824 884 907 experientia
894 825 1148 908 praestantium,
1158 828 1216 909 qui
1229 825 1382 889 alumnis
1390 847 1485 908 opem

373 930 479 995 ferant
495 929 537 994 ad
555 928 804 1010 dignoscendas
826 928 1073 1011 sophismatum
1099 930 1247 1005 insidias,
1271 942 1308 992 et
1331 931 1378 993 ad
1404 930 1486 993 refu·

373 1034 495 1101 tandos
517 1052 653 1110 errores,
675 1032 798 1116 quibus
820 1031 906 1096 forte
929 1032 1005 1097 libri
1030 1032 1200 1097 scholares
1224 1034 1278 1097 vel
1303 1034 1484 1099 lectionum

373 1137 555 1203 summaria
567 1134 788 1200 inficerentur.

215 1264 347 1323 erame-
419 1242 533 1307 Enixe
548 1250 660 1304 autem
678 1238 835 1304 alumnos
854 1258 934 1303 suos
951 1238 1147 1305 deterreant
1167 1260 1187 1303 a
1215 1240 1367 1305 lectione
1390 1244 1485 1325 ephe-

238 1322 349 1442 „23'3373
375 1346 539 1413 mendum
557 1344 608 1407 ver
625 1344 872 1427 perimentum
899 1328 1099 1423 ubertum,
1114 1347 1172 1428 qur
1199 1345 1295 1409 farsis
1320 1346 1378 1409 ver
1403 1348 1483 1431 pen-

199 1441 319 1492 ''mr'
373 1450 496 1516 culosis
520 1447 691 1523 doctrinis,
718 1446 963 1511 narrationibus
986 1457 1089 1531 atque
1111 1448 1220 1512 illiciis
1243 1449 1432 1533 decipiunt,
1453 1462 1484 1513 et

375 1562 464 1619 recte
480 1550 644 1615 sentiendi
661 1549 852 1633 agendique
867 1550 1030 1615 rationem
1047 1552 1170 1615 sensim
1197 1551 1269 1615 sine
1294 1572 1399 1617 sensu
1419 1564 1482 1618 tur·

376 1658 457 1721 bant
473 1662 574 1736 atque
590 1660 795 1735 pervertunt

220 1794 260 1835 120
271 1784 299 1831 ae
310 1800 350 1831 ra·
419 1757 501 1823 XII.
519 1758 680 1840 Episcopi
696 1768 730 1821 et
748 1756 943 1841 Superiores
959 1758 1104 1841 religiosi
1129 1760 1308 1825 hortentur
1333 1760 1481 1825 subditos

197 1846 262 1895 ‘⁴⁰⁸‘
280 1845 350 1893 ‘¹⁰²²
376 1884 454 1929 suos
470 1873 507 1930 ut
524 1864 793 1929 moderatoribus
808 1872 842 1926 et
858 1861 1101 1945 professoribus
1117 1864 1361 1930 Universitatis
1376 1866 1480 1929 obser·

199 1919 282 1953 Cmfl
294 1918 350 1950 Cim

198 1963 352 2071 bffljgg·
377 1979 495 2033 vantes
524 1988 560 2031 se
590 1969 772 2031 ostendant
802 1986 881 2031 cum
911 1968 1099 2049 dignitate;
1128 1969 1381 2052 condiscipulos
1409 1990 1481 2032 vero

228 2081 353 2153 sentiret
377 2070 504 2135 urbane
537 2070 672 2153 quidem
704 2090 831 2149 omnes,
868 2080 905 2136 at
938 2072 1107 2136 neminem
1144 2073 1243 2136 valde
1280 2073 1482 2137 familiariter

198 2145 352 2257 fssdm'*
377 2184 531 2241 tractent.
556 2173 761 2238 Prohibeant
787 2176 927 2239 omnino
949 2194 992 2238 ne
1015 2176 1244 2240 nomendent
1265 2177 1401 2241 circulis
1428 2186 1480 2239 aut

377 2278 451 2343 aliis
466 2281 784 2362 quomodocumque
799 2279 929 2343 vocatis
954 2280 1131 2345 consortiis
1156 2281 1317 2363 politicae
1340 2280 1395 2345 vel
1409 2299 1479 2344 eon-

377 2384 543 2449 tentiosae
559 2382 703 2463 indolis,
726 2402 788 2448 nec
812 2403 973 2467 umquam
995 2386 1109 2448 adsint
1132 2386 1329 2449 convocatis
1349 2385 1480 2449 sortasse

376 2490 584 2553 studentium
600 2488 762 2565 coetibus,
778 2508 920 2571 quorum
938 2488 1013 2552 finis
1039 2498 1099 2553 aut
1121 2491 1336 2571 propositum
1360 2490 1406 2553 sit
1428 2488 1480 2551 ad·

378 2610 491 2657 versus
508 2592 735 2655 moderatores
759 2592 812 2657 vel
834 2592 1040 2677 professores
1066 2594 1224 2677 conqueri
1251 2594 1325 2657 sive
1350 2609 1480 2676 quomo

377 2696 568 2777 ducumque
583 2697 771 2778 protestari.

231 2830 272 2883 130
281 2821 352 2893 pso·
423 2796 526 2863 Xlll.
551 2800 710 2883 Episcopi
738 2799 853 2864 sedem
877 2803 1040 2865 habentes
1066 2803 1100 2866 in
1127 2800 1323 2864 civitatibus
1349 2800 1481 2865 Univer-

199 2882 354 3002 ,fflff
378 2906 518 2971 sitatum
541 2914 658 2968 curent
680 2905 822 2969 circulos
848 2908 919 2969 sive
945 2907 1124 2970 societates
1147 2906 1361 2969 studentium
1386 2904 1481 2967 eccle

203 3000 353 3049 “Ml''
379 3010 588 3074 siasticorum
605 3019 818 3090 peramanter
827 3010 940 3075 fovere
952 3011 1009 3076 ubi
1021 3010 1181 3089 existunt,
1193 3010 1340 3074 sollicite
1351 3008 1483 3072 fundare

211 3061 354 3166 “cmx
380 3114 436 3180 ubi
463 3114 704 3181 desiderantur.
729 3114 928 3179 Adhibeant
952 3116 995 3179 ad
1019 3114 1086 3178 hoc
1110 3134 1249 3197 operam
1275 3114 1481 3177 sacerdotum

199 3178 335 3231 mmm
379 3219 448 3284 sive
463 3219 683 3283 saecularium
707 3220 779 3282 sive
801 3220 1014 3301 regularium,
1038 3239 1122 3302 quos
1145 3219 1253 3301 magis
1277 3220 1418 3281 idoneos
1441 3218 1483 3279 in·

378 3324 587 3401 dicaverint;
609 3342 750 3405 quorum
776 3341 864 3386 unus
889 3324 1010 3388 saltem
1038 3323 1241 3387 Assistentis
1272 3317 1483 3386 ecclesiastici

379 3446 516 3491 munere
532 3426 700 3509 fungatur.
718 3426 829 3491 Huius
856 3426 1057 3491 Assistentis
1083 3428 1147 3491 erit
1172 3427 1386 3490 studentium
1413 3442 1484 3487 con·

229 3584 352 3631 mmm
378 3542 498 3595 ventus
514 3532 668 3609 indicere,
681 3531 795 3613 eisque
811 3532 1008 3613 praesidere.
1025 3532 1066 3595 In
1093 3531 1145 3595 his
1170 3532 1408 3605 conventibus,
1422 3538 1486 3590 stu-

200 3644 236 3691 ur
251 3644 353 3704 Μαῖα·
378 3636 498 3699 dentes
535 3635 760 3711 ecclesiastici,
798 3638 937 3699 semotis
967 3636 1113 3719 politicis
1142 3636 1419 3698 contentionibus
1454 3642 1484 3695 et

200 3704 353 3816 dgpecorm·
379 3742 525 3823 partium
553 3740 682 3815 studiis,
697 3743 740 3803 de
765 3740 1018 3804 humanioribus
1042 3740 1171 3817 litteris,
1184 3740 1229 3802 de
1250 3739 1416 3803 historicis
1439 3737 1484 3801 di·

379 3844 537 3925 sciplinis,
552 3846 595 3907 de
611 3844 852 3925 philosophicis
863 3844 914 3908 vel
928 3844 1127 3926 theologicis
1142 3846 1484 3920 thesibusdisserant,

379 3948 553 4010 decertent
576 3948 627 4011 vel
656 3948 780 4030 legant.
805 3949 877 4012 Nec
903 3952 1065 4011 omittant
1088 3950 1161 4030 pias
1185 3950 1352 4031 quasdam
1376 3964 1483 4029 preces

379 4052 478 4115 simul
505 4071 624 4117 omnes
648 4050 812 4131 fundere,
839 4055 989 4135 aliosque
1019 4066 1228 4134 opportunos
1257 4052 1429 4133 religionis
1451 4068 1484 4111 ac

378 4157 514 4237 pietatis
530 4164 635 4232 actus,
649 4159 746 4219 statis
762 4158 881 4221 diebus
891 4157 1090 4239 implendos,
1100 4156 1306 4220 constituere
1324 4180 1333 4221 ε
1348 4158 1394 4219 ita
1405 4165 1442 4216 nt
1455 4152 1485 4213 in

226 4322 354 4368 mm
379 4261 430 4319 his
445 4261 750 4323 consociationibus
778 4261 956 4324 laudabilis
983 4260 1176 4336 aemulatio,
1192 4260 1342 4323 fraterna
1366 4260 1486 4330 caritas,

204 4382 283 4426 tendis
298 4381 332 4424 aa
380 4372 414 4429 et
429 4364 610 4430 christiana
626 4366 733 4445 pietas
743 4378 894 4447 regnent.
907 4365 948 4428 ln
960 4366 1022 4429 hos
1032 4366 1339 4428 ecclesiasticorum
1351 4362 1482 4427 circulos
