3117 4859
322 324 394 417 348
675 344 796 395 ruoax
824 343 1075 396 susuurrcus.

321 502 385 569 tint,
396 501 474 573 cupit
487 514 518 559 ut
532 502 669 573 Episcopi
683 504 822 575 probatos
834 504 911 558 viros
928 502 957 557 in
969 503 1123 559 consilium
1135 503 1290 559 adhibeant
1310 505 1370 558 2⁶0,
1389 534 1424 543 -—

321 590 389 645 Vult
403 590 563 647 Seminaria
576 608 662 661 quatu
681 590 807 659 primum
819 590 890 659 erigi
904 590 965 645 26ο.
984 620 1021 631 -
1033 591 1174 645 Reservat
1185 590 1238 659 Ap
1253 590 1323 645 Sedi
1340 590 1426 644 facul·

320 690 410 737 tatem
422 681 510 735 libere
524 678 672 735 sanciendi
686 694 791 733 novant
810 676 837 732 in
853 678 1012 748 Republica
1024 678 1320 749 circumscriptionem
1338 680 1426 733 eccle·

321 767 467 824 siasticam
482 768 608 823 aduror.
621 798 656 807 —
676 766 775 821 Novas
788 764 936 821 Ecclesiae
949 766 979 819 in
987 765 1184 836 suffraganeas
1192 768 1321 835 assignat
1329 767 1427 821 Eccle-

320 857 383 910 siae
394 854 634 925 Metropolitanae
644 854 740 908 abu-
750 854 818 907 Vult
827 870 966 908 novarum
976 852 1171 908 Ecclesiarum
1185 855 1292 909 fructus
1300 854 1339 908 de
1349 872 1426 909 more

322 940 412 995 taxari
423 951 452 996 et
462 940 595 1008 describi,
609 950 695 1010 atque
702 940 877 995 documenta
889 956 1030 995 nouorum
1043 940 1271 1011 Episcopatuum
1279 942 1427 1010 paroecias

322 1030 492 1098 spectantia,
507 1028 634 1099 ipsorum
646 1028 720 1083 tradi
740 1028 920 1083 cancellariis
933 1029 993 1082 261.
1013 1058 1049 1068 -
1067 1029 1166 1083 Firma
1172 1029 1255 1100 jobet
1263 1046 1381 1085 manere
1392 1046 1427 1084 ea

321 1116 358 1169 de
371 1117 475 1185 quibus
488 1116 533 1171 lric
547 1134 604 1171 non
619 1116 718 1171 habita
730 1126 775 1171 est
794 1132 931 1186 expressa
943 1115 1052 1171 mentio
1065 1118 1125 1171 261.
1145 1147 1181 1157 —
1199 1117 1426 1187 Arcbiepiseopo

323 1204 499 1259 Bonearensi
510 1202 696 1275 exequendas
707 1203 826 1259 mandat
837 1213 1006 1275 praesentes
1031 1204 1152 1272 litteras,
1166 1204 1351 1276 ipsarumque
1367 1206 1428 1259 vim

321 1303 349 1347 et
368 1290 567 1347 auctoritatem
589 1292 715 1347 vindicat
734 1290 926 1360 aduror-263

357 1426 410 1477 64.
432 1425 672 1479 ALLOCUTIO
686 1426 728 1477 ad
742 1426 772 1475 s.
790 1426 830 1475 R.
847 1428 884 1475 Ε.
907 1425 1106 1486 Cerdlnales.
1132 1427 1174 1476 de
1197 1429 1341 1477 nonnul-

322 1516 576 1567 llsaPoutillce
589 1517 697 1578 gestis.
717 1516 911 1566 -luartlt
924 1514 1016 1567 1⁸97.
1275 1530 1340 1583 pag.
1376 1514 1428 1579 264

359 1620 478 1675 Gratum
491 1628 612 1675 testatur
621 1618 747 1673 animum
763 1618 895 1673 Pontifex
906 1636 975 1689 erga
988 1621 1084 1675 Deum
1101 1619 1155 1673 sibi
1175 1620 1298 1689 benigne
1310 1621 1428 1674 auxilia·

322 1718 383 1763 tum
398 1707 425 1760 in
445 1706 632 1763 Pontificatus
653 1706 801 1777 implendo
820 1721 939 1761 munere
958 1708 1020 1773 264.
1039 1737 1074 1747 -
1094 1708 1240 1763 Memorat
1261 1723 1280 1761 a
1292 1725 1324 1762 se
1343 1710 1425 1766 datas

323 1796 446 1851 Litteras
458 1794 495 1851 de
507 1794 626 1850 Unitate
640 1794 800 1862 Ecclesiae,
818 1794 923 1866 quibus
935 1804 965 1849 et
977 1795 1135 1849 catholicos
1148 1795 1328 1863 confirmare,
1340 1808 1426 1867 atque

323 1882 498 1939 dissidentes
512 1882 662 1939 Ecclesiae
672 1881 859 1938 reconciliare
871 1882 996 1937 intendit
1012 1892 1127 1953 :sperat
1139 1882 1194 1937 hos
1207 1882 1313 1953 Deum,
1324 1888 1426 1941 multo

322 1993 385 2031 rum
399 1987 547 2031 exoratum
561 1974 704 2045 precibus,
717 1976 798 2030 brevi
818 1977 855 2031 ad
873 1976 1036 2031 Ecclesiam
1049 1986 1271 2046 aggregaturum
1283 1994 1349 2033 esse
1366 1978 1426 2043 264.

322 2096 358 2107 -
378 2064 503 2121 Nostrae
515 2065 618 2121 aetatis
632 2064 743 2119 indoles
756 2081 814 2134 qua
838 2064 908 2119 varii
927 2066 1065 2135 populum
1083 2065 1113 2118 in
1135 2082 1224 2119 unum
1249 2082 1301 2134 per
1321 2066 1427 2121 cultum

322 2153 434 2209 civilem
448 2154 622 2221 coalescunt,
644 2170 725 2223 spem
752 2152 883 2207 Pontifici
904 2152 986 2207 addit
1009 2152 1138 2208 Unitatis
1160 2153 1311 2208 Ecclesiae
1328 2172 1346 2209 a
1364 2156 1427 2210 Deo

322 2240 515 2309 perficiendae
541 2240 667 2309 264-265.
686 2271 722 2281 —
742 2240 798 2294 Pro
811 2256 864 2293 sua
880 2241 917 2295 de
930 2240 1081 2295 Ecclesiae
1102 2240 1214 2295 unitate
1232 2241 1423 2296 sollicitudine

323 2329 447 2385 Litteras
460 2328 550 2383 edidit
565 2329 601 2383 de
621 2326 861 2383 ordinationibus
874 2327 1045 2397 anglicanis,
1061 2329 1098 2383 de
1119 2328 1224 2398 quibus
1242 2346 1329 2399 quum
1353 2346 1426 2383 noua

322 2418 422 2473 fuisset
435 2414 631 2472 controversia
639 2424 710 2484 orta,
721 2416 846 2485 benigne
856 2415 944 2469 voluit
963 2415 993 2469 in
1006 2432 1124 2470 causam
1133 2416 1304 2484 jamdudum
1316 2417 1353 2472 ab
1373 2418 1424 2486 Ap.

324 2504 398 2560 Sede
412 2502 558 2558 definitam
569 2502 670 2558 iterum
685 2501 797 2571 inquiri,
809 2503 945 2571 litemque
954 2502 1015 2571 jam
1028 2502 1143 2557 diremit
1154 2519 1205 2571 pro
1217 2502 1304 2555 officii
1312 2503 1424 2571 implen-

323 2592 351 2647 di
365 2592 551 2661 veritatisque
569 2593 744 2647 asserendae
759 2590 855 2647 studio
873 2591 933 2659 265.
944 2622 979 2631 -
994 2592 1146 2646 Consuluit
1159 2590 1199 2645 rei
1210 2590 1287 2645 civili
1306 2592 1424 2645 simulet

322 2678 473 2749 religiosae
485 2679 562 2749 apud
575 2680 674 2734 Gallos
692 2678 760 2733 dum
773 2679 878 2749 agendi
892 2695 1023 2733 normam
1037 2679 1107 2747 ipsis
1127 2678 1227 2734 statuit
1253 2679 1424 2749 sequendam

322 2767 351 2821 in
370 2767 455 2821 rebus
477 2766 619 2837 politicis:
640 2784 726 2837 quam
746 2767 863 2838 quidem
885 2767 909 2821 si
923 2784 1025 2822 omnes
1037 2768 1158 2821 fuissent
1172 2766 1310 2837 amplexi,
1326 2767 1424 2821 mirum

321 2873 367 2911 res
387 2855 498 2911 Galliae
519 2874 554 2912 ac
574 2856 723 2913 Ecclesiae
742 2856 913 2927 sumpsisset
936 2858 1005 2912 inde
1024 2856 1233 2912 incrementum
1253 2858 1379 2925 265-266.
1392 2886 1416 2895 -

324 2943 468 2996 Memorat
481 2941 644 2996 Pontifexa
665 2958 696 2995 se
720 2940 895 2997 instauratas
917 2944 1005 2997 aedes
1028 2942 1188 3011 Borgianas
1218 2942 1337 3013 picturis
1358 2941 1422 2996 iosi-

322 3045 403 3100 gnes,
416 3038 502 3099 atque
521 3028 637 3099 exponit
653 3028 821 3099 religionem
834 3030 943 3100 optime
956 3030 994 3085 de
1007 3041 1069 3085 arte
1089 3046 1154 3085 esse
1170 3029 1303 3084 meritam
1323 3030 1382 3083 266
1394 3057 1428 3068 -

322 3116 473 3172 Benedicit
487 3116 546 3172 266.

356 3225 407 3278 65.
429 3226 641 3279 EPISTOLA
661 3227 704 3277 ad
721 3228 937 3277 Franolscum
957 3228 1110 3288 Gasquet,
1126 3228 1167 3278 de
1186 3240 1220 3275 re
1243 3228 1343 3277 histo-

323 3314 389 3363 rica
404 3314 438 3362 ln
454 3314 641 3365 Brltannla.
658 3315 741 3365 -17
753 3316 869 3365 Martll
884 3315 975 3365 1897.
1272 3327 1338 3380 pag.
1376 3312 1424 3374 267

356 3412 542 3481 Scriptorem,
557 3413 593 3467 de
607 3429 637 3467 re
650 3413 788 3469 historica
798 3414 908 3485 optime
921 3413 1064 3483 meritum,
1070 3414 1169 3468 laudat
1180 3414 1322 3482 Pontifex,
1335 3424 1428 3468 notat·

321 3515 377 3569 que
391 3499 532 3555 sinceram
546 3502 763 3570 praeteritarum
778 3518 873 3555 rerum
888 3501 1106 3571 indagationem
1119 3502 1259 3572 prodesse
1278 3500 1430 3571 plurimum

321 3587 464 3641 catholico
474 3587 583 3641 nomini
598 3588 657 3653 267.
672 3618 707 3627 —
720 3588 898 3657 Scriptorem
912 3589 1083 3643 adhortatur
1095 3598 1125 3642 ut
1147 3605 1199 3658 pro
1217 3588 1339 3644 veritate
1363 3605 1428 3643 con·

322 3673 439 3730 tendere
463 3685 574 3744 pergat,
598 3675 743 3746 adjunctis
776 3675 830 3732 sibi
857 3676 1000 3747 aliquibus
1032 3676 1163 3731 laborum
1195 3692 1310 3731 suorum
1337 3676 1430 3730 sociis

322 3762 472 3817 Benedicit
487 3763 613 3829 267-268.

356 3888 407 3939 66.
431 3888 662 3941 ESPISTOLA
674 3891 718 3941 ad
731 3890 826 3942 card.
841 3890 1113 3969 Perraud,Eplsc.
1127 3892 1343 3954 Augustodu-

322 3988 467 4038 nensem.
492 3979 532 4028 de
552 3983 718 4030 conventu
733 3978 877 4030 Euchar.
894 3979 1102 4029 Paralslenst.
1117 4005 1152 4013 -
1169 3978 1212 4028 29
1227 3979 1342 4028 uartll

322 4064 412 4116 1897.
1334 4100 1342 4114 .

358 4156 472 4211 Gaudet
488 4156 620 4211 Pontifex
640 4158 772 4212 Paraium
788 4157 978 4211 Monachium
991 4159 1114 4212 electum
1128 4174 1194 4212 esse
1205 4061 1430 4211 εοηνίῑιῗυείῗ

322 4241 579 4311 charisticisedem,
593 4244 743 4314 ipsumque
756 4246 851 4299 locum
861 4243 970 4300 extollit
984 4244 1012 4300 S.
1020 4245 1124 4300 Cordis
1136 4246 1276 4315 religione
1289 4243 1430 4315 insignem

323 4327 385 4395 269.
