3117 4859
328 288 401 373 264
589 302 771 354 uprsrom
800 290 821 320 ‘⁴
840 302 959 353 rursu
986 303 1143 355 anavus.
1162 278 1183 307 ”

325 461 405 517 ante
420 451 581 534 populum
599 472 705 528 suum,
714 462 752 513 ut
765 452 950 514 custodiant
964 452 1177 515 illuminaria
1193 453 1245 535 (¹),
1254 472 1293 517 ac
1306 450 1439 514 medios

326 575 384 639 per
410 555 524 619 hostes
551 554 761 619 introducant
786 554 821 616 in
845 555 948 617 locurrr
972 576 1068 637 quem
1090 556 1239 639 paravit,
1262 556 1436 619 civitatem

326 668 477 723 sanctam
496 658 717 737 Hierusalem,
725 669 886 741 paratam
902 660 1044 723 revelari
1067 662 1103 723 in
1128 661 1218 725 nobis
1243 660 1278 723 in
1298 670 1439 741 ternpore

327 762 502 827 nouissimo
532 762 584 847 (2).
613 762 709 827 Haec
739 782 843 845 quum
876 764 923 827 ita
954 764 1032 841 sint,
1057 765 1187 842 videtis,
1214 762 1438 829 venerabiles

327 866 469 947 Fratres,
484 878 612 951 quanta
627 866 723 930 vobis
739 868 905 931 industria
921 868 965 931 sit
980 888 1066 951 opus
1084 869 1118 931 in
1144 868 1336 932 curionibus
1350 866 1438 931 deli-

326 972 454 1055 gendis,
469 980 598 1055 quanta
613 990 783 1053 quamque
809 971 944 1035 assidua
971 972 1147 1054 vigilantia
1171 972 1214 1035 ad
1239 972 1375 1035 eosdem
1401 972 1437 1033 in

204 1086 305 1161 iisque]-
327 1075 437 1141 officio
452 1076 681 1140 continendos.
700 1074 867 1138 Homines
883 1094 955 1138 esse
971 1074 1056 1138 tales
1073 1094 1208 1137 necesse
1234 1082 1295 1149 est,
1312 1072 1438 1154 quibus

153 1150 306 1265 φ’ζζζρζίζῖ
328 1199 366 1243 ea
384 1178 522 1242 Domini
549 1187 757 1259 congruant:
784 1176 846 1243 Vos
871 1179 950 1241 estis
974 1180 1034 1242 lux
1059 1177 1258 1255 mundium
1283 1177 1361 1239 estis
1383 1175 1446 1239 sal

154 1282 223 1341 duni,
326 1296 432 1349 terrac
447 1282 490 1365 (³)
506 1304 514 1361 ;
529 1282 668 1345 caritate
683 1282 786 1363 igitur
801 1292 835 1346 et
857 1284 1046 1347 animarum
1070 1282 1184 1346 studio
1198 1282 1362 1358 incensos,
1376 1281 1439 1363 qui

174 1348 302 1460 mliii
327 1407 394 1451 non
410 1396 574 1469 quaerant
589 1406 675 1469 quae
691 1406 751 1450 sua
766 1388 923 1463 sunt‚sed
939 1408 1027 1470 quae
1044 1388 1133 1451 IEsU
1145 1386 1315 1465 CHRISTI,
1327 1386 1441 1468 parati

153 1478 303 1592 mnfssfe
327 1490 456 1554 labores
472 1492 600 1573 perpeti
617 1511 656 1553 ac
672 1510 772 1573 porro
795 1491 944 1555 animam
969 1513 1029 1575 pro
1052 1492 1171 1555 ovibus
1194 1510 1327 1575 ponere.
1343 1490 1439 1554 Nam

153 1560 275 1657 studiari.
325 1594 383 1677 qui
409 1594 516 1674 turpis
539 1591 621 1656 lucri
648 1594 757 1675 gratia
781 1592 834 1656 vel
861 1594 1017 1657 humanis
1042 1594 1136 1658 ducti
1158 1593 1344 1657 rationibus
1364 1601 1441 1656 tarn

327 1698 467 1763 arduum
480 1699 729 1781 verendumque
745 1717 867 1761 munus
879 1698 1047 1779 suscipere
1059 1698 1276 1775 contendant,
1285 1697 1342 1780 qui
1359 1715 1440 1758 con-

329 1800 475 1866 venienti
491 1788 585 1864 vitae
605 1801 830 1865 sanctimonia
854 1802 1076 1884 doctrinaque
1102 1810 1247 1878 careant,
1263 1800 1286 1864 ii
1301 1801 1440 1883 penitus

331 1905 465 1971 arcendi
476 1913 569 1985 sunt;
586 1904 780 1969 mercenarii
792 1914 871 1968 sunt
885 1906 975 1968 enim
987 1924 1047 1967 nec
1060 1904 1223 1968 intrantes
1235 1923 1295 1984 per
1302 1903 1441 1981 ostium,

331 2031 370 2075 ac
386 2010 435 2074 sal
450 2010 651 2073 infatuatum
669 2009 758 2091 quod
774 2008 824 2070 ad
835 2007 977 2071 nihilum
993 2009 1081 2072 valet
1094 2009 1193 2085 ultra,
1207 2007 1277 2071 nisi
1299 2017 1337 2069 ut
1363 2006 1441 2068 mit-

332 2124 425 2178 tatur
429 2114 530 2194 forus
543 2122 576 2176 et
588 2114 787 2177 conculcetur
797 2112 838 2175 ab
853 2112 1038 2177 hominibus
1053 2110 1106 2196 (4).

211 2228 305 2305 φεμ·
377 2218 423 2281 Et
446 2217 528 2280 haec
543 2216 681 2300 quidem
707 2216 740 2279 in
770 2235 885 2281 eorum
912 2218 1091 2281 utilitatem
1114 2225 1278 2299 spectant,
1294 2215 1349 2297 qui
1370 2215 1441 2277 iarn

163 2295 307 2423 ’ᾗῇ-ἐξὲξ
332 2324 437 2405 septis
451 2322 612 2386 dominici
628 2324 739 2405 gregis
763 2322 903 2386 feliciter
925 2324 1148 2387 continentur.
1167 2323 1217 2387 At
1243 2342 1322 2385 vero
1347 2321 1443 2401 apud

158 2425 305 2537 chrima·
332 2447 393 2490 vos
408 2426 540 2503 adsunt,
555 2425 774 2490 Venerabiles
791 2426 934 2503 Fratres,
949 2428 1016 2509 qui,
1031 2430 1182 2491 nondum
1198 2425 1305 2489 vocati
1326 2425 1360 2487 in
1381 2424 1443 2486 ad·

156 2506 308 2619 zizimi}
333 2529 484 2593 mirabile
505 2531 613 2593 lumen
633 2530 760 2596 coristi
784 2531 836 2613 (⁵),
851 2531 962 2593 sedent
986 2529 1097 2595 adhuc
1124 2531 1159 2593 in
1184 2530 1322 2594 tenebris
1346 2539 1379 2592 ct
1403 2528 1444 2591 in

156 2620 306 2735 “xm
333 2633 450 2698 umbra
475 2636 590 2698 mortis
616 2636 674 2719 (⁶);
701 2654 780 2699 oves
804 2654 892 2718 quae
917 2636 1095 2717 perierunt,
1112 2654 1195 2719 quas
1220 2645 1353 2718 oportet
1381 2652 1444 2697 vos

157 2751 247 2801 nebus.
334 2740 500 2804 adducere
516 2740 559 2803 ad
575 2748 744 2822 pastorem
766 2759 936 2805 summum
961 2742 1149 2804 animarum
1167 2741 1297 2804 IESUM.
1314 2738 1445 2801 Civitas

335 2842 459 2907 etenim
477 2843 542 2906 Dei
567 2842 719 2920 viventis,
735 2842 888 2907 Ecclesia
904 2842 1039 2920 Christi,
1064 2842 1163 2905 nullis
1190 2839 1445 2920 circumscripta

337 2945 507 3025 limitibus,
519 2948 561 3011 ad
578 2946 721 3011 salutem
737 2948 895 3011 omnibus
911 2956 1024 3028 patet:
1040 2947 1089 3009 vis
1105 2966 1226 3027 nempe
1242 2947 1312 3009 eius
1328 2954 1389 3020 est,
1397 2944 1446 3007 ab

335 3051 410 3135 ipso
434 3053 550 3115 divino
565 3052 716 3115 Auctore
743 3050 878 3129 tributa,
894 3062 931 3115 ut
957 3050 1103 3131 attingat
1119 3070 1139 3112 a
1156 3051 1241 3113 mari
1267 3068 1373 3132 usque
1397 3048 1444 3111 ad

335 3174 426 3218 mare
452 3164 485 3219 et
512 3154 610 3218 latius
637 3154 670 3217 in
698 3154 770 3216 dies
794 3153 941 3236 proferat
963 3154 1068 3216 locum
1089 3152 1224 3217 tentorii
1235 3154 1292 3216 sui
1304 3164 1336 3215 et
1345 3151 1447 3234 pelles

334 3258 614 3322 tabernaculorum
629 3277 763 3320 suorum
779 3257 832 3341 (7),
847 3260 937 3321 unde
952 3268 986 3322 et
1001 3257 1167 3322 catholica
1182 3259 1253 3320 iure
1267 3278 1306 3321 ac
1324 3259 1446 3321 merito

196 3366 309 3442 'Statuit
335 3365 535 3427 nominatur.
548 3362 680 3429 Scimus
696 3362 852 3443 equidem
869 3361 1039 3445 probedue
1056 3363 1219 3440 novimus,
1231 3363 1319 3425 hanc
1334 3381 1443 3444 popu·

157 3432 308 3544 ‘misam
335 3467 440 3531 lorum
458 3468 663 3529 accessionem
679 3465 727 3527 od
740 3466 823 3531 Sion
840 3477 980 3529 montem
995 3488 1015 3531 a
1031 3468 1144 3531 divina
1165 3469 1272 3548 gratia
1288 3477 1443 3547 repeten-

151 3634 156 3643 ,
184 3576 309 3689 Ἢζζζ
335 3571 424 3649 dam,
452 3571 584 3653 Deique
610 3590 682 3634 esse
706 3570 888 3635 christiano
916 3572 1043 3635 nomini
1072 3572 1315 3633 incrementum
1343 3572 1441 3648 dare;

156 3692 308 3767 suaeoqim‘s-
336 3696 427 3738 nemo
440 3676 528 3738 euim
543 3675 633 3738 vonit
646 3674 694 3738 ad
705 3674 832 3738 Filium
849 3674 917 3737 nisi
932 3677 1035 3739 Pater
1060 3676 1202 3739 traxerit
1213 3697 1288 3739 cum
1304 3675 1361 3759 (⁸):
1376 3676 1443 3739 hoc

157 3763 309 3871 lssssjnmajfi]
336 3789 448 3843 tamen
466 3790 618 3843 tenemus
632 3778 696 3843 Dei
714 3779 902 3843 miserentis
918 3800 992 3844 esse
1007 3779 1193 3857 consilium,
1204 3779 1443 3869 Redemptoris

157 3903 268 3936 orarum·
336 3885 439 3947 nostrl
466 3883 556 3947 lacto
586 3903 625 3946 ac
655 3882 817 3947 doctrinis
847 3893 1017 3961 testatum,
1042 3894 1080 3948 ut
1104 3884 1264 3949 mortales
1290 3884 1442 3946 homines

335 3988 439 4073 ipsius
457 3987 522 4051 Dei
537 3987 629 4069 operi
654 3989 687 4051 in
711 3988 853 4053 salutem
878 3990 1067 4053 animarum
1089 3989 1328 4054 obsecundent.
1344 3988 1444 4051 Fides

335 4115 490 4178 namque,
507 4104 666 4159 monente
682 4096 860 4179 Apostolo,
875 4119 916 4160 cx
937 4099 1056 4160 arrclim
1082 4108 1149 4172 est,·
1170 4098 1308 4162 auditus
1332 4106 1442 4159 autem

365 4264 384 4295 r.
398 4248 484 4300 ΕΜ,
498 4256 576 4299 xxrn,
590 4260 625 4292 20.
639 4272 668 4282 -
684 4261 704 4293 2.
719 4248 819 4301 roeo„
834 4259 850 4301 r,
864 4263 884 4308 5.
898 4275 928 4283 -
942 4265 964 4308 (a
978 4251 1079 4305 anatra,
1090 4262 1114 4303 v,
1130 4266 1163 4308 ¹4
1178 4276 1207 4285 —
1222 4267 1243 4307 4
1257 4252 1356 4301 rimula..
1367 4260 1389 4301 v.
1405 4264 1438 4308 ra

333 4342 363 4353 -
378 4330 399 4375 5.
413 4316 428 4361 Ι
437 4317 513 4371 Petu,
526 4326 554 4366 rr.
567 4329 588 4373 9.
601 4339 631 4348 -
646 4317 665 4360 6.
681 4314 749 4369 Luc..
763 4326 780 4367 1.
793 4330 829 4374 79.
840 4342 870 4351 -
884 4333 905 4373 7.
920 4319 961 4371 Is..
975 4328 1027 4371 mv,
1041 4334 1062 4364 2.
1075 4344 1104 4353 -
1120 4322 1141 4365 8.
1152 4320 1224 4371 loon,
1237 4331 1273 4370 vr,
1286 4335 1320 4375 44.
