<?xml version="1.0" encoding="UTF-8"?>
<!DOCTYPE html PUBLIC "-//W3C//DTD XHTML 1.0 Transitional//EN"
    "http://www.w3.org/TR/xhtml1/DTD/xhtml1-transitional.dtd">
<html xmlns="http://www.w3.org/1999/xhtml" xml:lang="en" lang="en">
 <head>
  <title>
</title>
<meta http-equiv="Content-Type" content="text/html;charset=utf-8" />
  <meta name='ocr-system' content='tesseract 3.04.00' />
  <meta name='ocr-capabilities' content='ocr_page ocr_carea ocr_par ocr_line ocrx_word'/>
</head>
<body>
  <div class='ocr_page' id='page_1' title='image "./sanctissimidomi04xiiigoog_0574.png"; bbox 0 0 3117 4859; ppageno 0'>
   <div class='ocr_carea' id='block_1_1' title="bbox 337 339 1422 413">
    <p class='ocr_par' dir='ltr' id='par_1_1' title="bbox 337 339 1422 413">
     <span class='ocr_line' id='line_1_1' title="bbox 337 339 1422 413; baseline 0.006 -7"><span class='ocrx_word' id='word_1_1' title='bbox 337 341 411 410; x_wconf 90' lang='lat'>206</span> <span class='ocrx_word' id='word_1_2' title='bbox 438 357 630 409; x_wconf 76' lang='lat' dir='ltr'>errrannrs</span> <span class='ocrx_word' id='word_1_3' title='bbox 647 351 907 411; x_wconf 76' lang='lat' dir='ltr'>nrosrourcna</span> <span class='ocrx_word' id='word_1_4' title='bbox 927 347 949 376; x_wconf 88' lang='lat'>“</span> <span class='ocrx_word' id='word_1_5' title='bbox 971 360 1229 412; x_wconf 77' lang='lat' dir='ltr'>nrosronrcnrs</span> <span class='ocrx_word' id='word_1_6' title='bbox 1246 361 1385 413; x_wconf 78' lang='lat' dir='ltr'>cunas.</span> <span class='ocrx_word' id='word_1_7' title='bbox 1404 339 1422 367; x_wconf 89' lang='lat'>&#39;’</span> 
     </span>
    </p>
   </div>
   <div class='ocr_carea' id='block_1_2' title="bbox 158 502 1447 636">
    <p class='ocr_par' dir='ltr' id='par_1_2' title="bbox 158 502 1447 636">
     <span class='ocr_line' id='line_1_2' title="bbox 158 502 1447 636; baseline 0.006 -75"><span class='ocrx_word' id='word_1_8' title='bbox 158 517 311 636; x_wconf 48' lang='lat' dir='ltr'>affluo</span> <span class='ocrx_word' id='word_1_9' title='bbox 339 502 387 567; x_wconf 86' lang='lat' dir='ltr'>At</span> <span class='ocrx_word' id='word_1_10' title='bbox 403 503 475 585; x_wconf 88' lang='lat' dir='ltr'>ipse</span> <span class='ocrx_word' id='word_1_11' title='bbox 492 503 607 586; x_wconf 88' lang='lat' dir='ltr'>procul</span> <span class='ocrx_word' id='word_1_12' title='bbox 623 504 736 579; x_wconf 93' lang='lat' dir='ltr'>dubio,</span> <span class='ocrx_word' id='word_1_13' title='bbox 751 523 797 566; x_wconf 85' lang='lat' dir='ltr'>ex</span> <span class='ocrx_word' id='word_1_14' title='bbox 814 503 1027 568; x_wconf 90' lang='lat' dir='ltr'>institutione</span> <span class='ocrx_word' id='word_1_15' title='bbox 1044 502 1179 580; x_wconf 86' lang='lat' dir='ltr'>Christi,</span> <span class='ocrx_word' id='word_1_16' title='bbox 1194 505 1238 568; x_wconf 93' lang='lat' dir='ltr'>ad</span> <span class='ocrx_word' id='word_1_17' title='bbox 1255 525 1447 569; x_wconf 86' lang='lat' dir='ltr'>sacramen·</span> 
     </span>
    </p>
   </div>
   <div class='ocr_carea' id='block_1_3' title="bbox 183 583 1449 691">
    <p class='ocr_par' dir='ltr' id='par_1_3' title="bbox 183 583 1449 691">
     <span class='ocr_line' id='line_1_3' title="bbox 183 583 1449 691; baseline 0.001 -22"><span class='ocrx_word' id='word_1_18' title='bbox 183 583 311 682; x_wconf 50' lang='lat' dir='ltr'>mig</span> <span class='ocrx_word' id='word_1_19' title='bbox 336 616 409 669; x_wconf 88' lang='lat' dir='ltr'>tum</span> <span class='ocrx_word' id='word_1_20' title='bbox 426 606 565 672; x_wconf 83' lang='lat' dir='ltr'>Ordinis</span> <span class='ocrx_word' id='word_1_21' title='bbox 581 605 752 670; x_wconf 88' lang='lat' dir='ltr'>verissime</span> <span class='ocrx_word' id='word_1_22' title='bbox 768 605 927 688; x_wconf 81' lang='lat' dir='ltr'>pertinet,</span> <span class='ocrx_word' id='word_1_23' title='bbox 943 617 1044 690; x_wconf 91' lang='lat' dir='ltr'>atque</span> <span class='ocrx_word' id='word_1_24' title='bbox 1060 619 1112 671; x_wconf 89' lang='lat' dir='ltr'>est</span> <span class='ocrx_word' id='word_1_25' title='bbox 1135 607 1351 691; x_wconf 84' lang='lat' dir='ltr'>praecellenti</span> <span class='ocrx_word' id='word_1_26' title='bbox 1371 627 1449 690; x_wconf 81' lang='lat' dir='ltr'>gra-</span> 
     </span>
    </p>
   </div>
   <div class='ocr_carea' id='block_1_4' title="bbox 171 697 1448 814">
    <p class='ocr_par' dir='ltr' id='par_1_4' title="bbox 171 697 1448 814">
     <span class='ocr_line' id='line_1_4' title="bbox 171 697 1448 814; baseline -0.002 -37"><span class='ocrx_word' id='word_1_27' title='bbox 171 697 311 814; x_wconf 58' lang='lat' dir='ltr'>Jffiffl}</span> <span class='ocrx_word' id='word_1_28' title='bbox 337 711 383 773; x_wconf 91' lang='lat' dir='ltr'>du</span> <span class='ocrx_word' id='word_1_29' title='bbox 398 711 624 774; x_wconf 84' lang='lat' dir='ltr'>sacerdotium</span> <span class='ocrx_word' id='word_1_30' title='bbox 638 731 646 789; x_wconf 91' lang='grc'><strong>;</strong></span> <span class='ocrx_word' id='word_1_31' title='bbox 658 711 750 793; x_wconf 91' lang='lat' dir='ltr'>quod</span> <span class='ocrx_word' id='word_1_32' title='bbox 766 710 925 774; x_wconf 89' lang='lat' dir='ltr'>nimirum</span> <span class='ocrx_word' id='word_1_33' title='bbox 942 720 976 775; x_wconf 91' lang='lat' dir='ltr'>et</span> <span class='ocrx_word' id='word_1_34' title='bbox 992 731 1074 775; x_wconf 88' lang='lat' dir='ltr'>voce</span> <span class='ocrx_word' id='word_1_35' title='bbox 1095 721 1289 775; x_wconf 86' lang='lat' dir='ltr'>sanctorum</span> <span class='ocrx_word' id='word_1_36' title='bbox 1307 712 1448 775; x_wconf 90' lang='lat' dir='ltr'>Patrum</span> 
     </span>
    </p>
   </div>
   <div class='ocr_carea' id='block_1_5' title="bbox 187 813 1452 919">
    <p class='ocr_par' dir='ltr' id='par_1_5' title="bbox 187 813 1452 919">
     <span class='ocr_line' id='line_1_5' title="bbox 187 813 1452 919; baseline 0 -41"><span class='ocrx_word' id='word_1_37' title='bbox 187 819 311 919; x_wconf 46' lang='grc' dir='ltr'>ῑῇἱῗέἑε</span> <span class='ocrx_word' id='word_1_38' title='bbox 337 825 372 878; x_wconf 93' lang='lat' dir='ltr'>et</span> <span class='ocrx_word' id='word_1_39' title='bbox 387 814 497 878; x_wconf 86' lang='lat' dir='ltr'>rituali</span> <span class='ocrx_word' id='word_1_40' title='bbox 523 825 638 879; x_wconf 89' lang='lat' dir='ltr'>nostra</span> <span class='ocrx_word' id='word_1_41' title='bbox 653 814 897 878; x_wconf 89' lang='lat' dir='ltr'>consuetudine</span> <span class='ocrx_word' id='word_1_42' title='bbox 912 835 1081 878; x_wconf 85' lang='lat' dir='ltr'>summum</span> <span class='ocrx_word' id='word_1_43' title='bbox 1107 813 1335 892; x_wconf 82' lang='lat' dir='ltr'>sacerdotium,</span> <span class='ocrx_word' id='word_1_44' title='bbox 1359 817 1452 879; x_wconf 82' lang='lat' dir='ltr'>sacri</span> 
     </span>
    </p>
   </div>
   <div class='ocr_carea' id='block_1_6' title="bbox 172 917 1449 1037">
    <p class='ocr_par' dir='ltr' id='par_1_6' title="bbox 172 917 1449 1037">
     <span class='ocr_line' id='line_1_6' title="bbox 172 917 1449 1037; baseline 0.004 -59"><span class='ocrx_word' id='word_1_45' title='bbox 172 933 311 1037; x_wconf 49' lang='lat' dir='ltr'>‹prffoparu</span> <span class='ocrx_word' id='word_1_46' title='bbox 337 918 519 982; x_wconf 80' lang='lat' dir='ltr'>ministerii</span> <span class='ocrx_word' id='word_1_47' title='bbox 531 939 662 981; x_wconf 84' lang='lat' dir='ltr'>summa</span> <span class='ocrx_word' id='word_1_48' title='bbox 677 927 899 999; x_wconf 89' lang='lat' dir='ltr'>nuncupatur.</span> <span class='ocrx_word' id='word_1_49' title='bbox 925 919 1010 981; x_wconf 90' lang='lat' dir='ltr'>lnde</span> <span class='ocrx_word' id='word_1_50' title='bbox 1033 917 1132 996; x_wconf 85' lang='lat' dir='ltr'>litut,</span> <span class='ocrx_word' id='word_1_51' title='bbox 1148 921 1308 1000; x_wconf 89' lang='lat' dir='ltr'>quoniam</span> <span class='ocrx_word' id='word_1_52' title='bbox 1336 939 1449 983; x_wconf 85' lang='lat' dir='ltr'>saera·</span> 
     </span>
     <span class='ocr_line' id='line_1_7' title="bbox 187 1007 310 1037; baseline -0.016 0"><span class='ocrx_word' id='word_1_53' title='bbox 187 1008 203 1037; x_wconf 79' lang='lat' dir='ltr'>tl</span> <span class='ocrx_word' id='word_1_54' title='bbox 230 1007 310 1037; x_wconf 70' lang='lat' dir='ltr'><em>sacm-</em></span> 
     </span>
    </p>
   </div>
   <div class='ocr_carea' id='block_1_7' title="bbox 158 1021 1449 1946">
    <p class='ocr_par' dir='ltr' id='par_1_7' title="bbox 158 1021 1449 1628">
     <span class='ocr_line' id='line_1_8' title="bbox 203 1021 1447 1120; baseline -0.01 -22"><span class='ocrx_word' id='word_1_55' title='bbox 203 1057 310 1120; x_wconf 54' lang='lat' dir='ltr'>menumf</span> <span class='ocrx_word' id='word_1_56' title='bbox 338 1032 489 1086; x_wconf 88' lang='lat' dir='ltr'>mentum</span> <span class='ocrx_word' id='word_1_57' title='bbox 506 1021 645 1086; x_wconf 89' lang='lat' dir='ltr'>Ordinis</span> <span class='ocrx_word' id='word_1_58' title='bbox 656 1041 839 1104; x_wconf 88' lang='lat' dir='ltr'>verumque</span> <span class='ocrx_word' id='word_1_59' title='bbox 852 1021 976 1087; x_wconf 89' lang='lat' dir='ltr'>Christi</span> <span class='ocrx_word' id='word_1_60' title='bbox 989 1023 1214 1087; x_wconf 88' lang='lat' dir='ltr'>sacerdotium</span> <span class='ocrx_word' id='word_1_61' title='bbox 1226 1043 1246 1087; x_wconf 92' lang='lat' dir='ltr'>a</span> <span class='ocrx_word' id='word_1_62' title='bbox 1261 1025 1326 1088; x_wconf 91' lang='lat' dir='ltr'>ritu</span> <span class='ocrx_word' id='word_1_63' title='bbox 1339 1025 1447 1106; x_wconf 87' lang='lat' dir='ltr'>angli·</span> 
     </span>
     <span class='ocr_line' id='line_1_9' title="bbox 158 1112 1449 1217; baseline 0.002 -20"><span class='ocrx_word' id='word_1_64' title='bbox 158 1112 311 1217; x_wconf 52' lang='lat' dir='ltr'>„pm”</span> <span class='ocrx_word' id='word_1_65' title='bbox 336 1155 422 1198; x_wconf 89' lang='lat' dir='ltr'>cano</span> <span class='ocrx_word' id='word_1_66' title='bbox 447 1135 581 1217; x_wconf 90' lang='lat' dir='ltr'>penitus</span> <span class='ocrx_word' id='word_1_67' title='bbox 597 1143 774 1197; x_wconf 87' lang='lat' dir='ltr'>extrusum</span> <span class='ocrx_word' id='word_1_68' title='bbox 801 1143 861 1209; x_wconf 90' lang='lat' dir='ltr'>est,</span> <span class='ocrx_word' id='word_1_69' title='bbox 887 1143 990 1216; x_wconf 89' lang='lat' dir='ltr'>atque</span> <span class='ocrx_word' id='word_1_70' title='bbox 1017 1135 1104 1198; x_wconf 88' lang='lat' dir='ltr'>adeo</span> <span class='ocrx_word' id='word_1_71' title='bbox 1129 1135 1162 1198; x_wconf 92' lang='lat' dir='ltr'>in</span> <span class='ocrx_word' id='word_1_72' title='bbox 1189 1137 1449 1200; x_wconf 86' lang='lat' dir='ltr'>consecratione</span> 
     </span>
     <span class='ocr_line' id='line_1_10' title="bbox 336 1237 1448 1322; baseline 0.001 -20"><span class='ocrx_word' id='word_1_73' title='bbox 336 1238 521 1322; x_wconf 89' lang='lat' dir='ltr'>episcopali</span> <span class='ocrx_word' id='word_1_74' title='bbox 536 1239 687 1301; x_wconf 87' lang='lat' dir='ltr'>eiusdem</span> <span class='ocrx_word' id='word_1_75' title='bbox 705 1239 788 1302; x_wconf 88' lang='lat' dir='ltr'>ritus</span> <span class='ocrx_word' id='word_1_76' title='bbox 804 1237 898 1302; x_wconf 89' lang='lat' dir='ltr'>nullo</span> <span class='ocrx_word' id='word_1_77' title='bbox 915 1239 1017 1302; x_wconf 91' lang='lat' dir='ltr'>modo</span> <span class='ocrx_word' id='word_1_78' title='bbox 1028 1241 1253 1304; x_wconf 86' lang='lat' dir='ltr'>sacerdotium</span> <span class='ocrx_word' id='word_1_79' title='bbox 1264 1241 1448 1318; x_wconf 78' lang='lat' dir='ltr'>confertur,</span> 
     </span>
     <span class='ocr_line' id='line_1_11' title="bbox 337 1341 1448 1425; baseline 0.005 -19"><span class='ocrx_word' id='word_1_80' title='bbox 337 1342 431 1406; x_wconf 90' lang='lat' dir='ltr'>nullo</span> <span class='ocrx_word' id='word_1_81' title='bbox 446 1341 527 1405; x_wconf 89' lang='lat' dir='ltr'>item</span> <span class='ocrx_word' id='word_1_82' title='bbox 553 1342 656 1406; x_wconf 91' lang='lat' dir='ltr'>modo</span> <span class='ocrx_word' id='word_1_83' title='bbox 671 1343 887 1423; x_wconf 86' lang='lat' dir='ltr'>episcopatus</span> <span class='ocrx_word' id='word_1_84' title='bbox 912 1363 988 1407; x_wconf 91' lang='lat' dir='ltr'>vere</span> <span class='ocrx_word' id='word_1_85' title='bbox 1004 1363 1044 1406; x_wconf 90' lang='lat' dir='ltr'>ac</span> <span class='ocrx_word' id='word_1_86' title='bbox 1059 1343 1130 1407; x_wconf 89' lang='lat' dir='ltr'>iure</span> <span class='ocrx_word' id='word_1_87' title='bbox 1155 1345 1262 1425; x_wconf 88' lang='lat' dir='ltr'>possit</span> <span class='ocrx_word' id='word_1_88' title='bbox 1278 1345 1448 1411; x_wconf 80' lang='lat' dir='ltr'>conferri:</span> 
     </span>
     <span class='ocr_line' id='line_1_12' title="bbox 337 1446 1447 1529; baseline 0.003 -20"><span class='ocrx_word' id='word_1_89' title='bbox 337 1466 446 1528; x_wconf 85' lang='lat' dir='ltr'>eoque</span> <span class='ocrx_word' id='word_1_90' title='bbox 473 1446 508 1510; x_wconf 93' lang='lat' dir='ltr'>id</span> <span class='ocrx_word' id='word_1_91' title='bbox 535 1448 645 1528; x_wconf 81' lang='lat' dir='ltr'>magis</span> <span class='ocrx_word' id='word_1_92' title='bbox 669 1446 748 1528; x_wconf 92' lang='lat' dir='ltr'>quia</span> <span class='ocrx_word' id='word_1_93' title='bbox 775 1446 947 1528; x_wconf 88' lang='lat' dir='ltr'>inprimis</span> <span class='ocrx_word' id='word_1_94' title='bbox 973 1447 1190 1529; x_wconf 88' lang='lat' dir='ltr'>episcopatus</span> <span class='ocrx_word' id='word_1_95' title='bbox 1214 1448 1338 1511; x_wconf 89' lang='lat' dir='ltr'>muniis</span> <span class='ocrx_word' id='word_1_96' title='bbox 1363 1449 1447 1514; x_wconf 94' lang='lat' dir='ltr'>illud</span> 
     </span>
     <span class='ocr_line' id='line_1_13' title="bbox 336 1551 1447 1628; baseline 0.003 -14"><span class='ocrx_word' id='word_1_97' title='bbox 336 1551 464 1614; x_wconf 90' lang='lat' dir='ltr'>scilicet</span> <span class='ocrx_word' id='word_1_98' title='bbox 487 1559 548 1628; x_wconf 90' lang='lat' dir='ltr'>est,</span> <span class='ocrx_word' id='word_1_99' title='bbox 567 1551 738 1614; x_wconf 92' lang='lat' dir='ltr'>ministros</span> <span class='ocrx_word' id='word_1_100' title='bbox 762 1551 942 1614; x_wconf 90' lang='lat' dir='ltr'>ordinandi</span> <span class='ocrx_word' id='word_1_101' title='bbox 960 1552 993 1614; x_wconf 91' lang='lat' dir='ltr'>in</span> <span class='ocrx_word' id='word_1_102' title='bbox 1011 1561 1163 1615; x_wconf 87' lang='lat' dir='ltr'>sanctam</span> <span class='ocrx_word' id='word_1_103' title='bbox 1195 1551 1447 1617; x_wconf 88' lang='lat' dir='ltr'>Eucharistiam</span> 
     </span>
    </p>

    <p class='ocr_par' dir='ltr' id='par_1_8' title="bbox 196 1654 1446 1946">
     <span class='ocr_line' id='line_1_14' title="bbox 335 1654 595 1720; baseline 0 -2"><span class='ocrx_word' id='word_1_104' title='bbox 335 1664 369 1720; x_wconf 89' lang='lat' dir='ltr'>et</span> <span class='ocrx_word' id='word_1_105' title='bbox 385 1654 595 1718; x_wconf 87' lang='lat' dir='ltr'>sacrificium.</span> 
     </span>
     <span class='ocr_line' id='line_1_15' title="bbox 200 1758 1446 1858; baseline 0.002 -36"><span class='ocrx_word' id='word_1_106' title='bbox 200 1799 311 1858; x_wconf 57' lang='lat' dir='ltr'>mm,</span> <span class='ocrx_word' id='word_1_107' title='bbox 383 1759 439 1822; x_wconf 86' lang='lat' dir='ltr'>Ad</span> <span class='ocrx_word' id='word_1_108' title='bbox 457 1767 582 1823; x_wconf 91' lang='lat' dir='ltr'>rectam</span> <span class='ocrx_word' id='word_1_109' title='bbox 598 1778 677 1822; x_wconf 85' lang='lat' dir='ltr'>vero</span> <span class='ocrx_word' id='word_1_110' title='bbox 693 1758 897 1842; x_wconf 87' lang='lat' dir='ltr'>plenamque</span> <span class='ocrx_word' id='word_1_111' title='bbox 914 1758 1087 1826; x_wconf 87' lang='lat' dir='ltr'>Ordinalis</span> <span class='ocrx_word' id='word_1_112' title='bbox 1103 1759 1272 1842; x_wconf 84' lang='lat' dir='ltr'>anglicani</span> <span class='ocrx_word' id='word_1_113' title='bbox 1288 1761 1446 1826; x_wconf 88' lang='lat' dir='ltr'>aestima-</span> 
     </span>
     <span class='ocr_line' id='line_1_16' title="bbox 196 1859 1446 1946; baseline 0.006 -26"><span class='ocrx_word' id='word_1_114' title='bbox 196 1859 310 1920; x_wconf 58' lang='lat' dir='ltr'>Ptttt&#39;stx</span> <span class='ocrx_word' id='word_1_115' title='bbox 337 1863 475 1940; x_wconf 89' lang='lat' dir='ltr'>tionem,</span> <span class='ocrx_word' id='word_1_116' title='bbox 490 1871 626 1945; x_wconf 86' lang='lat' dir='ltr'>praeter</span> <span class='ocrx_word' id='word_1_117' title='bbox 651 1863 717 1927; x_wconf 89' lang='lat' dir='ltr'>ista</span> <span class='ocrx_word' id='word_1_118' title='bbox 738 1884 799 1945; x_wconf 91' lang='lat' dir='ltr'>per</span> <span class='ocrx_word' id='word_1_119' title='bbox 823 1863 952 1946; x_wconf 87' lang='lat' dir='ltr'>aliquas</span> <span class='ocrx_word' id='word_1_120' title='bbox 974 1863 1044 1926; x_wconf 90' lang='lat' dir='ltr'>eius</span> <span class='ocrx_word' id='word_1_121' title='bbox 1070 1875 1183 1946; x_wconf 87' lang='lat' dir='ltr'>partes</span> <span class='ocrx_word' id='word_1_122' title='bbox 1211 1873 1340 1942; x_wconf 89' lang='lat' dir='ltr'>notata,</span> <span class='ocrx_word' id='word_1_123' title='bbox 1364 1865 1446 1928; x_wconf 91' lang='lat' dir='ltr'>nihil</span> 
     </span>
    </p>
   </div>
   <div class='ocr_carea' id='block_1_8' title="bbox 190 1919 310 1963">
    <p class='ocr_par' dir='ltr' id='par_1_9' title="bbox 190 1919 310 1963">
     <span class='ocr_line' id='line_1_17' title="bbox 190 1919 310 1963; baseline -0.008 0"><span class='ocrx_word' id='word_1_124' title='bbox 190 1919 310 1963; x_wconf 80' lang='lat' dir='ltr'>Ordinale</span> 
     </span>
    </p>
   </div>
   <div class='ocr_carea' id='block_1_9' title="bbox 159 1966 1445 2260">
    <p class='ocr_par' dir='ltr' id='par_1_10' title="bbox 159 1966 1445 2260">
     <span class='ocr_line' id='line_1_18' title="bbox 190 1966 1445 2052; baseline -0.003 -17"><span class='ocrx_word' id='word_1_125' title='bbox 190 1978 309 2046; x_wconf 57' lang='lat' dir='ltr'>Auatico-</span> <span class='ocrx_word' id='word_1_126' title='bbox 337 1967 487 2050; x_wconf 89' lang='lat' dir='ltr'>proiecto</span> <span class='ocrx_word' id='word_1_127' title='bbox 498 1978 569 2032; x_wconf 90' lang='lat' dir='ltr'>tam</span> <span class='ocrx_word' id='word_1_128' title='bbox 582 1966 673 2031; x_wconf 88' lang='lat' dir='ltr'>valet</span> <span class='ocrx_word' id='word_1_129' title='bbox 684 1988 787 2050; x_wconf 92' lang='lat' dir='ltr'>quam</span> <span class='ocrx_word' id='word_1_130' title='bbox 805 1968 832 2030; x_wconf 90' lang='lat' dir='ltr'>si</span> <span class='ocrx_word' id='word_1_131' title='bbox 845 1969 950 2050; x_wconf 87' lang='lat' dir='ltr'>probe</span> <span class='ocrx_word' id='word_1_132' title='bbox 962 1968 1159 2033; x_wconf 89' lang='lat' dir='ltr'>aestimetur</span> <span class='ocrx_word' id='word_1_133' title='bbox 1174 1969 1296 2052; x_wconf 91' lang='lat' dir='ltr'>quibus</span> <span class='ocrx_word' id='word_1_134' title='bbox 1308 1969 1445 2032; x_wconf 90' lang='lat' dir='ltr'>adiunc-</span> 
     </span>
     <span class='ocr_line' id='line_1_19' title="bbox 159 2051 1445 2154; baseline -0.003 -13"><span class='ocrx_word' id='word_1_135' title='bbox 159 2051 310 2140; x_wconf 51' lang='lat' dir='ltr'>”mim</span> <span class='ocrx_word' id='word_1_136' title='bbox 337 2073 381 2136; x_wconf 92' lang='lat' dir='ltr'>tis</span> <span class='ocrx_word' id='word_1_137' title='bbox 397 2091 505 2135; x_wconf 89' lang='lat' dir='ltr'>rerum</span> <span class='ocrx_word' id='word_1_138' title='bbox 522 2072 697 2136; x_wconf 89' lang='lat' dir='ltr'>conditum</span> <span class='ocrx_word' id='word_1_139' title='bbox 714 2071 758 2135; x_wconf 91' lang='lat' dir='ltr'>sit</span> <span class='ocrx_word' id='word_1_140' title='bbox 773 2082 806 2135; x_wconf 89' lang='lat' dir='ltr'>et</span> <span class='ocrx_word' id='word_1_141' title='bbox 823 2072 958 2153; x_wconf 86' lang='lat' dir='ltr'>publice</span> <span class='ocrx_word' id='word_1_142' title='bbox 974 2073 1208 2138; x_wconf 89' lang='lat' dir='ltr'>constitutum.</span> <span class='ocrx_word' id='word_1_143' title='bbox 1225 2073 1383 2154; x_wconf 82' lang='lat' dir='ltr'>Longum</span> <span class='ocrx_word' id='word_1_144' title='bbox 1395 2083 1445 2138; x_wconf 89' lang='lat' dir='ltr'>est</span> 
     </span>
     <span class='ocr_line' id='line_1_20' title="bbox 191 2156 1442 2260; baseline -0.002 -19"><span class='ocrx_word' id='word_1_145' title='bbox 191 2156 313 2260; x_wconf 57' lang='lat' dir='ltr'>f“,¹{&#39;,‘,{²,ff</span> <span class='ocrx_word' id='word_1_146' title='bbox 336 2176 473 2257; x_wconf 88' lang='lat' dir='ltr'>singula</span> <span class='ocrx_word' id='word_1_147' title='bbox 497 2177 663 2258; x_wconf 91' lang='lat' dir='ltr'>persequi,</span> <span class='ocrx_word' id='word_1_148' title='bbox 694 2194 804 2258; x_wconf 89' lang='lat' dir='ltr'>neque</span> <span class='ocrx_word' id='word_1_149' title='bbox 830 2185 881 2240; x_wconf 90' lang='lat' dir='ltr'>est</span> <span class='ocrx_word' id='word_1_150' title='bbox 908 2178 1157 2240; x_wconf 73' lang='lat' dir='ltr'>necessariumz</span> <span class='ocrx_word' id='word_1_151' title='bbox 1194 2177 1265 2239; x_wconf 90' lang='lat' dir='ltr'>eius</span> <span class='ocrx_word' id='word_1_152' title='bbox 1297 2195 1442 2259; x_wconf 89' lang='lat' dir='ltr'>namque</span> 
     </span>
    </p>
   </div>
   <div class='ocr_carea' id='block_1_10' title="bbox 153 2273 1441 3822">
    <p class='ocr_par' dir='ltr' id='par_1_11' title="bbox 153 2273 1441 3822">
     <span class='ocr_line' id='line_1_21' title="bbox 157 2273 1441 2379; baseline 0.002 -36"><span class='ocrx_word' id='word_1_153' title='bbox 157 2273 309 2379; x_wconf 49' lang='lat' dir='ltr'>mm</span> <span class='ocrx_word' id='word_1_154' title='bbox 337 2281 460 2344; x_wconf 90' lang='lat' dir='ltr'>aetatis</span> <span class='ocrx_word' id='word_1_155' title='bbox 476 2281 637 2343; x_wconf 88' lang='lat' dir='ltr'>memoria</span> <span class='ocrx_word' id='word_1_156' title='bbox 661 2281 743 2342; x_wconf 89' lang='lat' dir='ltr'>satis</span> <span class='ocrx_word' id='word_1_157' title='bbox 759 2280 884 2344; x_wconf 87' lang='lat' dir='ltr'>diserte</span> <span class='ocrx_word' id='word_1_158' title='bbox 909 2279 1067 2362; x_wconf 92' lang='lat' dir='ltr'>loquitur,</span> <span class='ocrx_word' id='word_1_159' title='bbox 1083 2281 1177 2344; x_wconf 92' lang='lat' dir='ltr'>cuius</span> <span class='ocrx_word' id='word_1_160' title='bbox 1202 2281 1307 2344; x_wconf 89' lang='lat' dir='ltr'>animi</span> <span class='ocrx_word' id='word_1_161' title='bbox 1331 2291 1441 2345; x_wconf 89' lang='lat' dir='ltr'>essent</span> 
     </span>
     <span class='ocr_line' id='line_1_22' title="bbox 157 2383 1438 2468; baseline -0.001 -19"><span class='ocrx_word' id='word_1_162' title='bbox 157 2393 288 2446; x_wconf 70' lang='lat' dir='ltr'>morarum,</span> <span class='ocrx_word' id='word_1_163' title='bbox 334 2387 368 2449; x_wconf 91' lang='lat' dir='ltr'>in</span> <span class='ocrx_word' id='word_1_164' title='bbox 387 2383 574 2448; x_wconf 90' lang='lat' dir='ltr'>Ecclesiam</span> <span class='ocrx_word' id='word_1_165' title='bbox 590 2383 793 2449; x_wconf 84' lang='lat' dir='ltr'>catholicam</span> <span class='ocrx_word' id='word_1_166' title='bbox 810 2393 963 2448; x_wconf 89' lang='lat' dir='ltr'>auctores</span> <span class='ocrx_word' id='word_1_167' title='bbox 988 2383 1169 2462; x_wconf 89' lang='lat' dir='ltr'>Ordinalis,</span> <span class='ocrx_word' id='word_1_168' title='bbox 1184 2403 1269 2468; x_wconf 92' lang='lat' dir='ltr'>quos</span> <span class='ocrx_word' id='word_1_169' title='bbox 1292 2385 1438 2448; x_wconf 86' lang='lat' dir='ltr'>adscive-</span> 
     </span>
     <span class='ocr_line' id='line_1_23' title="bbox 335 2487 1436 2570; baseline -0.004 -16"><span class='ocrx_word' id='word_1_170' title='bbox 335 2491 401 2554; x_wconf 89' lang='lat' dir='ltr'>rint</span> <span class='ocrx_word' id='word_1_171' title='bbox 417 2489 564 2552; x_wconf 88' lang='lat' dir='ltr'>sautores</span> <span class='ocrx_word' id='word_1_172' title='bbox 580 2489 624 2552; x_wconf 93' lang='lat' dir='ltr'>ab</span> <span class='ocrx_word' id='word_1_173' title='bbox 636 2488 856 2552; x_wconf 85' lang='lat' dir='ltr'>heterodoxis</span> <span class='ocrx_word' id='word_1_174' title='bbox 866 2489 975 2566; x_wconf 87' lang='lat' dir='ltr'>sectis,</span> <span class='ocrx_word' id='word_1_175' title='bbox 990 2508 1059 2570; x_wconf 93' lang='lat' dir='ltr'>quo</span> <span class='ocrx_word' id='word_1_176' title='bbox 1070 2488 1208 2552; x_wconf 86' lang='lat' dir='ltr'>demum</span> <span class='ocrx_word' id='word_1_177' title='bbox 1225 2487 1368 2551; x_wconf 91' lang='lat' dir='ltr'>consilia</span> <span class='ocrx_word' id='word_1_178' title='bbox 1379 2507 1436 2550; x_wconf 87' lang='lat' dir='ltr'>sua</span> 
     </span>
     <span class='ocr_line' id='line_1_24' title="bbox 334 2593 1439 2676; baseline -0.005 -16"><span class='ocrx_word' id='word_1_179' title='bbox 334 2596 503 2662; x_wconf 83' lang='lat' dir='ltr'>referrent.</span> <span class='ocrx_word' id='word_1_180' title='bbox 526 2595 637 2658; x_wconf 91' lang='lat' dir='ltr'>Nimis</span> <span class='ocrx_word' id='word_1_181' title='bbox 663 2596 836 2658; x_wconf 87' lang='lat' dir='ltr'>enimvero</span> <span class='ocrx_word' id='word_1_182' title='bbox 852 2596 995 2658; x_wconf 89' lang='lat' dir='ltr'>scientes</span> <span class='ocrx_word' id='word_1_183' title='bbox 1023 2614 1110 2676; x_wconf 88' lang='lat' dir='ltr'>quae</span> <span class='ocrx_word' id='word_1_184' title='bbox 1125 2593 1340 2657; x_wconf 89' lang='lat' dir='ltr'>necessitudo</span> <span class='ocrx_word' id='word_1_185' title='bbox 1357 2594 1439 2657; x_wconf 92' lang='lat' dir='ltr'>inter</span> 
     </span>
     <span class='ocr_line' id='line_1_25' title="bbox 333 2695 1440 2780; baseline -0.005 -16"><span class='ocrx_word' id='word_1_186' title='bbox 333 2699 434 2764; x_wconf 89' lang='lat' dir='ltr'>fidem</span> <span class='ocrx_word' id='word_1_187' title='bbox 451 2711 487 2764; x_wconf 95' lang='lat' dir='ltr'>et</span> <span class='ocrx_word' id='word_1_188' title='bbox 501 2699 641 2776; x_wconf 91' lang='lat' dir='ltr'>cultum,</span> <span class='ocrx_word' id='word_1_189' title='bbox 664 2699 751 2762; x_wconf 91' lang='lat' dir='ltr'>inter</span> <span class='ocrx_word' id='word_1_190' title='bbox 766 2698 867 2780; x_wconf 82' lang='lat' dir='ltr'>legem</span> <span class='ocrx_word' id='word_1_191' title='bbox 891 2697 1045 2762; x_wconf 80' lang='lat' dir='ltr'>credendi</span> <span class='ocrx_word' id='word_1_192' title='bbox 1067 2707 1100 2760; x_wconf 82' lang='lat' dir='ltr'>et</span> <span class='ocrx_word' id='word_1_193' title='bbox 1113 2697 1213 2779; x_wconf 80' lang='lat' dir='ltr'>legem</span> <span class='ocrx_word' id='word_1_194' title='bbox 1237 2695 1440 2780; x_wconf 67' lang='lat' dir='ltr'>supplicandi</span> 
     </span>
     <span class='ocr_line' id='line_1_26' title="bbox 333 2801 1438 2884; baseline -0.005 -17"><span class='ocrx_word' id='word_1_195' title='bbox 333 2804 528 2882; x_wconf 88' lang='lat' dir='ltr'>intercedat,</span> <span class='ocrx_word' id='word_1_196' title='bbox 545 2801 700 2884; x_wconf 88' lang='lat' dir='ltr'>liturgiae</span> <span class='ocrx_word' id='word_1_197' title='bbox 711 2803 876 2879; x_wconf 87' lang='lat' dir='ltr'>ordinem,</span> <span class='ocrx_word' id='word_1_198' title='bbox 889 2802 1000 2883; x_wconf 90' lang='lat' dir='ltr'>specie</span> <span class='ocrx_word' id='word_1_199' title='bbox 1010 2801 1147 2884; x_wconf 91' lang='lat' dir='ltr'>quidem</span> <span class='ocrx_word' id='word_1_200' title='bbox 1160 2801 1438 2883; x_wconf 83' lang='lat' dir='ltr'>redintegrandae</span> 
     </span>
     <span class='ocr_line' id='line_1_27' title="bbox 332 2906 1437 2988; baseline -0.004 -16"><span class='ocrx_word' id='word_1_201' title='bbox 332 2910 404 2972; x_wconf 89' lang='lat' dir='ltr'>eius</span> <span class='ocrx_word' id='word_1_202' title='bbox 419 2907 547 2972; x_wconf 81' lang='lat' dir='ltr'>formae</span> <span class='ocrx_word' id='word_1_203' title='bbox 559 2908 761 2988; x_wconf 88' lang='lat' dir='ltr'>primaevae,</span> <span class='ocrx_word' id='word_1_204' title='bbox 776 2906 820 2970; x_wconf 91' lang='lat' dir='ltr'>ad</span> <span class='ocrx_word' id='word_1_205' title='bbox 831 2927 960 2970; x_wconf 89' lang='lat' dir='ltr'>errores</span> <span class='ocrx_word' id='word_1_206' title='bbox 973 2907 1185 2972; x_wconf 86' lang='lat' dir='ltr'>Novatorum</span> <span class='ocrx_word' id='word_1_207' title='bbox 1204 2908 1319 2971; x_wconf 89' lang='lat' dir='ltr'>multis</span> <span class='ocrx_word' id='word_1_208' title='bbox 1332 2907 1437 2970; x_wconf 90' lang='lat' dir='ltr'>modis</span> 
     </span>
     <span class='ocr_line' id='line_1_28' title="bbox 331 3008 1438 3093; baseline -0.005 -15"><span class='ocrx_word' id='word_1_209' title='bbox 331 3013 573 3078; x_wconf 80' lang='lat' dir='ltr'>deformarunt.</span> <span class='ocrx_word' id='word_1_210' title='bbox 597 3010 828 3093; x_wconf 86' lang='lat' dir='ltr'>Quamobrem</span> <span class='ocrx_word' id='word_1_211' title='bbox 853 3021 927 3076; x_wconf 93' lang='lat' dir='ltr'>toto</span> <span class='ocrx_word' id='word_1_212' title='bbox 953 3010 1108 3078; x_wconf 90' lang='lat' dir='ltr'>Ordinali</span> <span class='ocrx_word' id='word_1_213' title='bbox 1134 3032 1202 3075; x_wconf 90' lang='lat' dir='ltr'>non</span> <span class='ocrx_word' id='word_1_214' title='bbox 1220 3012 1324 3076; x_wconf 91' lang='lat' dir='ltr'>modo</span> <span class='ocrx_word' id='word_1_215' title='bbox 1351 3008 1438 3075; x_wconf 83' lang='lat' dir='ltr'>nulla</span> 
     </span>
     <span class='ocr_line' id='line_1_29' title="bbox 337 3114 1437 3198; baseline -0.005 -16"><span class='ocrx_word' id='word_1_216' title='bbox 337 3126 389 3182; x_wconf 88' lang='lat' dir='ltr'>est</span> <span class='ocrx_word' id='word_1_217' title='bbox 404 3124 520 3198; x_wconf 89' lang='lat' dir='ltr'>aperta</span> <span class='ocrx_word' id='word_1_218' title='bbox 537 3114 665 3178; x_wconf 89' lang='lat' dir='ltr'>mentio</span> <span class='ocrx_word' id='word_1_219' title='bbox 680 3115 843 3194; x_wconf 87' lang='lat' dir='ltr'>sacrificii,</span> <span class='ocrx_word' id='word_1_220' title='bbox 859 3115 1131 3194; x_wconf 89' lang='lat' dir='ltr'>consecrationis,</span> <span class='ocrx_word' id='word_1_221' title='bbox 1146 3114 1336 3193; x_wconf 87' lang='lat' dir='ltr'>sacerdotii,</span> <span class='ocrx_word' id='word_1_222' title='bbox 1348 3122 1437 3196; x_wconf 91' lang='lat' dir='ltr'>pote-</span> 
     </span>
     <span class='ocr_line' id='line_1_30' title="bbox 335 3217 1436 3303; baseline -0.005 -16"><span class='ocrx_word' id='word_1_223' title='bbox 335 3220 501 3303; x_wconf 89' lang='lat' dir='ltr'>statisque</span> <span class='ocrx_word' id='word_1_224' title='bbox 530 3219 748 3282; x_wconf 89' lang='lat' dir='ltr'>consecrandi</span> <span class='ocrx_word' id='word_1_225' title='bbox 777 3229 813 3284; x_wconf 91' lang='lat' dir='ltr'>et</span> <span class='ocrx_word' id='word_1_226' title='bbox 839 3219 991 3284; x_wconf 88' lang='lat' dir='ltr'>sacrificii</span> <span class='ocrx_word' id='word_1_227' title='bbox 1022 3217 1213 3298; x_wconf 85' lang='lat' dir='ltr'>offerendi;</span> <span class='ocrx_word' id='word_1_228' title='bbox 1245 3220 1304 3284; x_wconf 89' lang='lat' dir='ltr'>sed</span> <span class='ocrx_word' id='word_1_229' title='bbox 1335 3219 1436 3282; x_wconf 86' lang='lat' dir='ltr'>immo</span> 
     </span>
     <span class='ocr_line' id='line_1_31' title="bbox 335 3323 1435 3406; baseline -0.005 -16"><span class='ocrx_word' id='word_1_230' title='bbox 335 3325 450 3390; x_wconf 90' lang='lat' dir='ltr'>omnia</span> <span class='ocrx_word' id='word_1_231' title='bbox 488 3324 680 3387; x_wconf 89' lang='lat' dir='ltr'>huiusmodi</span> <span class='ocrx_word' id='word_1_232' title='bbox 715 3344 826 3387; x_wconf 92' lang='lat' dir='ltr'>rerum</span> <span class='ocrx_word' id='word_1_233' title='bbox 857 3323 1009 3406; x_wconf 84' lang='lat' dir='ltr'>vestigia,</span> <span class='ocrx_word' id='word_1_234' title='bbox 1035 3343 1124 3406; x_wconf 90' lang='lat' dir='ltr'>quae</span> <span class='ocrx_word' id='word_1_235' title='bbox 1161 3332 1375 3405; x_wconf 89' lang='lat' dir='ltr'>superessent</span> <span class='ocrx_word' id='word_1_236' title='bbox 1405 3323 1435 3384; x_wconf 92' lang='lat' dir='ltr'>in</span> 
     </span>
     <span class='ocr_line' id='line_1_32' title="bbox 335 3427 1437 3512; baseline -0.005 -18"><span class='ocrx_word' id='word_1_237' title='bbox 335 3427 584 3512; x_wconf 88' lang='lat' dir='ltr'>precationibus</span> <span class='ocrx_word' id='word_1_238' title='bbox 611 3428 694 3491; x_wconf 91' lang='lat' dir='ltr'>ritus</span> <span class='ocrx_word' id='word_1_239' title='bbox 716 3427 874 3492; x_wconf 88' lang='lat' dir='ltr'>catholici</span> <span class='ocrx_word' id='word_1_240' title='bbox 898 3447 965 3491; x_wconf 92' lang='lat' dir='ltr'>non</span> <span class='ocrx_word' id='word_1_241' title='bbox 987 3427 1087 3511; x_wconf 88' lang='lat' dir='ltr'>plane</span> <span class='ocrx_word' id='word_1_242' title='bbox 1101 3427 1242 3504; x_wconf 89' lang='lat' dir='ltr'>reiectis,</span> <span class='ocrx_word' id='word_1_243' title='bbox 1258 3427 1391 3490; x_wconf 88' lang='lat' dir='ltr'>sublata</span> <span class='ocrx_word' id='word_1_244' title='bbox 1405 3433 1437 3489; x_wconf 88' lang='lat' dir='ltr'>et</span> 
     </span>
     <span class='ocr_line' id='line_1_33' title="bbox 334 3531 1436 3615; baseline -0.004 -19"><span class='ocrx_word' id='word_1_245' title='bbox 334 3533 446 3597; x_wconf 87' lang='lat' dir='ltr'>deleta</span> <span class='ocrx_word' id='word_1_246' title='bbox 461 3542 540 3596; x_wconf 92' lang='lat' dir='ltr'>sunt</span> <span class='ocrx_word' id='word_1_247' title='bbox 554 3533 598 3596; x_wconf 90' lang='lat' dir='ltr'>de</span> <span class='ocrx_word' id='word_1_248' title='bbox 613 3532 788 3610; x_wconf 90' lang='lat' dir='ltr'>industria,</span> <span class='ocrx_word' id='word_1_249' title='bbox 813 3533 905 3615; x_wconf 91' lang='lat' dir='ltr'>quod</span> <span class='ocrx_word' id='word_1_250' title='bbox 930 3551 1032 3612; x_wconf 90' lang='lat' dir='ltr'>supra</span> <span class='ocrx_word' id='word_1_251' title='bbox 1055 3531 1239 3612; x_wconf 88' lang='lat' dir='ltr'>attigimus.</span> <span class='ocrx_word' id='word_1_252' title='bbox 1264 3531 1319 3594; x_wconf 89' lang='lat' dir='ltr'>Ita</span> <span class='ocrx_word' id='word_1_253' title='bbox 1331 3551 1390 3612; x_wconf 90' lang='lat' dir='ltr'>per</span> <span class='ocrx_word' id='word_1_254' title='bbox 1403 3549 1436 3593; x_wconf 90' lang='lat' dir='ltr'>se</span> 
     </span>
     <span class='ocr_line' id='line_1_34' title="bbox 153 3633 1436 3719; baseline -0.002 -18"><span class='ocrx_word' id='word_1_255' title='bbox 153 3663 303 3710; x_wconf 59' lang='lat' dir='ltr'>ararum„</span> <span class='ocrx_word' id='word_1_256' title='bbox 334 3644 476 3719; x_wconf 89' lang='lat' dir='ltr'>apparet</span> <span class='ocrx_word' id='word_1_257' title='bbox 490 3636 604 3699; x_wconf 90' lang='lat' dir='ltr'>nativa</span> <span class='ocrx_word' id='word_1_258' title='bbox 623 3635 795 3702; x_wconf 89' lang='lat' dir='ltr'>Ordinalis</span> <span class='ocrx_word' id='word_1_259' title='bbox 817 3635 949 3698; x_wconf 89' lang='lat' dir='ltr'>indoles</span> <span class='ocrx_word' id='word_1_260' title='bbox 964 3655 1003 3698; x_wconf 88' lang='lat' dir='ltr'>ac</span> <span class='ocrx_word' id='word_1_261' title='bbox 1023 3635 1168 3717; x_wconf 91' lang='lat' dir='ltr'>spiritus,</span> <span class='ocrx_word' id='word_1_262' title='bbox 1180 3635 1228 3698; x_wconf 91' lang='lat' dir='ltr'>uti</span> <span class='ocrx_word' id='word_1_263' title='bbox 1249 3633 1436 3716; x_wconf 91' lang='lat' dir='ltr'>loquuntur.</span> 
     </span>
     <span class='ocr_line' id='line_1_35' title="bbox 170 3723 1436 3822; baseline -0.004 -17"><span class='ocrx_word' id='word_1_264' title='bbox 170 3723 302 3770; x_wconf 56' lang='lat' dir='ltr'>‘&#39;&#39;di&#39;fflm&#39;</span> <span class='ocrx_word' id='word_1_265' title='bbox 334 3741 425 3804; x_wconf 91' lang='lat' dir='ltr'>Hinc</span> <span class='ocrx_word' id='word_1_266' title='bbox 441 3758 521 3804; x_wconf 91' lang='lat' dir='ltr'>vero</span> <span class='ocrx_word' id='word_1_267' title='bbox 531 3742 574 3804; x_wconf 89' lang='lat' dir='ltr'>ab</span> <span class='ocrx_word' id='word_1_268' title='bbox 583 3739 828 3822; x_wconf 85' lang='lat' dir='ltr'>origineducto</span> <span class='ocrx_word' id='word_1_269' title='bbox 838 3739 962 3816; x_wconf 92' lang='lat' dir='ltr'>viti0,si</span> <span class='ocrx_word' id='word_1_270' title='bbox 973 3738 1082 3804; x_wconf 92' lang='lat' dir='ltr'>valere</span> <span class='ocrx_word' id='word_1_271' title='bbox 1094 3738 1137 3803; x_wconf 91' lang='lat' dir='ltr'>ad</span> <span class='ocrx_word' id='word_1_272' title='bbox 1148 3757 1245 3802; x_wconf 91' lang='lat' dir='ltr'>usum</span> <span class='ocrx_word' id='word_1_273' title='bbox 1256 3739 1436 3803; x_wconf 88' lang='lat' dir='ltr'>ordinatio·</span> 
     </span>
    </p>
   </div>
   <div class='ocr_carea' id='block_1_11' title="bbox 184 3785 303 3842">
    <p class='ocr_par' dir='ltr' id='par_1_12' title="bbox 184 3785 303 3842">
     <span class='ocr_line' id='line_1_36' title="bbox 184 3785 303 3842; baseline 0.042 -17"><span class='ocrx_word' id='word_1_274' title='bbox 184 3785 303 3842; x_wconf 79' lang='lat' dir='ltr'>numjom</span> 
     </span>
    </p>
   </div>
   <div class='ocr_carea' id='block_1_12' title="bbox 150 3840 1435 4032">
    <p class='ocr_par' dir='ltr' id='par_1_13' title="bbox 150 3840 1435 4032">
     <span class='ocr_line' id='line_1_37' title="bbox 150 3840 1435 3961; baseline -0.005 -52"><span class='ocrx_word' id='word_1_275' title='bbox 150 3844 305 3961; x_wconf 46' lang='lat' dir='ltr'>”hemi</span> <span class='ocrx_word' id='word_1_276' title='bbox 331 3844 912 3926; x_wconf 84' lang='lat' dir='ltr'>numminimepotuit,nequaquam</span> <span class='ocrx_word' id='word_1_277' title='bbox 925 3845 1067 3908; x_wconf 89' lang='lat' dir='ltr'>decursu</span> <span class='ocrx_word' id='word_1_278' title='bbox 1084 3851 1243 3920; x_wconf 90' lang='lat' dir='ltr'>aetatum,</span> <span class='ocrx_word' id='word_1_279' title='bbox 1255 3862 1360 3925; x_wconf 90' lang='lat' dir='ltr'>quum</span> <span class='ocrx_word' id='word_1_280' title='bbox 1372 3840 1435 3905; x_wconf 89' lang='lat' dir='ltr'>tale</span> 
     </span>
     <span class='ocr_line' id='line_1_38' title="bbox 151 3947 1433 4032; baseline 0.004 -31"><span class='ocrx_word' id='word_1_281' title='bbox 151 3964 253 4012; x_wconf 74' lang='lat' dir='ltr'>marum.</span> <span class='ocrx_word' id='word_1_282' title='bbox 330 3951 440 4032; x_wconf 86' lang='lat' dir='ltr'>ipsum</span> <span class='ocrx_word' id='word_1_283' title='bbox 452 3949 681 4031; x_wconf 90' lang='lat' dir='ltr'>permanserit,</span> <span class='ocrx_word' id='word_1_284' title='bbox 697 3949 847 4012; x_wconf 78' lang='lat' dir='ltr'>futurum</span> <span class='ocrx_word' id='word_1_285' title='bbox 865 3947 927 4010; x_wconf 86' lang='lat' dir='ltr'>init</span> <span class='ocrx_word' id='word_1_286' title='bbox 939 3957 976 4011; x_wconf 91' lang='lat' dir='ltr'>ut</span> <span class='ocrx_word' id='word_1_287' title='bbox 986 3947 1122 4012; x_wconf 89' lang='lat' dir='ltr'>valeret.</span> <span class='ocrx_word' id='word_1_288' title='bbox 1138 3948 1255 4030; x_wconf 92' lang='lat' dir='ltr'>Atque</span> <span class='ocrx_word' id='word_1_289' title='bbox 1265 3948 1289 4010; x_wconf 93' lang='lat' dir='ltr'>ii</span> <span class='ocrx_word' id='word_1_290' title='bbox 1299 3953 1433 4030; x_wconf 82' lang='lat' dir='ltr'>egerunt</span> 
     </span>
    </p>
   </div>
   <div class='ocr_carea' id='block_1_13' title="bbox 147 4022 1433 4135">
    <p class='ocr_par' dir='ltr' id='par_1_14' title="bbox 147 4022 1433 4135">
     <span class='ocr_line' id='line_1_39' title="bbox 147 4022 1433 4135; baseline -0.006 -15"><span class='ocrx_word' id='word_1_291' title='bbox 147 4022 304 4133; x_wconf 49' lang='grc' dir='ltr'><em>ἷῖἷέῗέῗϋ</em></span> <span class='ocrx_word' id='word_1_292' title='bbox 331 4054 455 4117; x_wconf 78' lang='lat' dir='ltr'>frustra</span> <span class='ocrx_word' id='word_1_293' title='bbox 477 4053 534 4135; x_wconf 91' lang='lat' dir='ltr'>qui</span> <span class='ocrx_word' id='word_1_294' title='bbox 550 4052 630 4115; x_wconf 88' lang='lat' dir='ltr'>iude</span> <span class='ocrx_word' id='word_1_295' title='bbox 645 4073 665 4114; x_wconf 92' lang='lat' dir='ltr'>a</span> <span class='ocrx_word' id='word_1_296' title='bbox 680 4052 891 4134; x_wconf 89' lang='lat' dir='ltr'>temporibus</span> <span class='ocrx_word' id='word_1_297' title='bbox 907 4051 1021 4116; x_wconf 91' lang='lat' dir='ltr'>Caroli</span> <span class='ocrx_word' id='word_1_298' title='bbox 1050 4051 1063 4114; x_wconf 96' lang='lat' dir='ltr'>I</span> <span class='ocrx_word' id='word_1_299' title='bbox 1081 4052 1195 4115; x_wconf 90' lang='lat' dir='ltr'>conati</span> <span class='ocrx_word' id='word_1_300' title='bbox 1212 4060 1292 4115; x_wconf 88' lang='lat' dir='ltr'>sunt</span> <span class='ocrx_word' id='word_1_301' title='bbox 1317 4051 1433 4116; x_wconf 88' lang='lat' dir='ltr'>admit-</span> 
     </span>
    </p>
   </div>
   <div class='ocr_carea' id='block_1_14' title="bbox 149 4135 1433 4446">
    <p class='ocr_par' dir='ltr' id='par_1_15' title="bbox 149 4135 1433 4446">
     <span class='ocr_line' id='line_1_40' title="bbox 149 4135 1433 4241; baseline -0.002 -23"><span class='ocrx_word' id='word_1_302' title='bbox 149 4135 278 4241; x_wconf 51' lang='grc' dir='ltr'>ζ’,ζῇἷζξζζ</span> <span class='ocrx_word' id='word_1_303' title='bbox 329 4166 400 4219; x_wconf 90' lang='lat' dir='ltr'>tere</span> <span class='ocrx_word' id='word_1_304' title='bbox 416 4156 543 4238; x_wconf 89' lang='lat' dir='ltr'>aliquid</span> <span class='ocrx_word' id='word_1_305' title='bbox 561 4154 712 4219; x_wconf 88' lang='lat' dir='ltr'>sacrificii</span> <span class='ocrx_word' id='word_1_306' title='bbox 733 4167 767 4220; x_wconf 88' lang='lat' dir='ltr'>et</span> <span class='ocrx_word' id='word_1_307' title='bbox 794 4156 983 4232; x_wconf 88' lang='lat' dir='ltr'>sacerdotii,</span> <span class='ocrx_word' id='word_1_308' title='bbox 1000 4155 1162 4219; x_wconf 80' lang='lat' dir='ltr'>nonnulla</span> <span class='ocrx_word' id='word_1_309' title='bbox 1187 4155 1265 4238; x_wconf 81' lang='lat' dir='ltr'>dein</span> <span class='ocrx_word' id='word_1_310' title='bbox 1298 4156 1342 4219; x_wconf 92' lang='lat' dir='ltr'>ad</span> <span class='ocrx_word' id='word_1_311' title='bbox 1374 4153 1433 4218; x_wconf 92' lang='lat' dir='ltr'>Or·</span> 
     </span>
     <span class='ocr_line' id='line_1_41' title="bbox 149 4252 1431 4362; baseline 0 -42"><span class='ocrx_word' id='word_1_312' title='bbox 149 4252 198 4362; x_wconf 53' lang='lat' dir='ltr'>2]ss</span> <span class='ocrx_word' id='word_1_313' title='bbox 209 4260 301 4313; x_wconf 70' lang='lat' dir='ltr'>purga·</span> <span class='ocrx_word' id='word_1_314' title='bbox 329 4259 442 4321; x_wconf 94' lang='lat' dir='ltr'>dinale</span> <span class='ocrx_word' id='word_1_315' title='bbox 458 4259 547 4322; x_wconf 83' lang='lat' dir='ltr'>lacta</span> <span class='ocrx_word' id='word_1_316' title='bbox 562 4262 772 4325; x_wconf 89' lang='lat' dir='ltr'>accessione:</span> <span class='ocrx_word' id='word_1_317' title='bbox 797 4260 986 4342; x_wconf 83' lang='lat' dir='ltr'>frustraque</span> <span class='ocrx_word' id='word_1_318' title='bbox 1003 4260 1158 4324; x_wconf 89' lang='lat' dir='ltr'>similiter</span> <span class='ocrx_word' id='word_1_319' title='bbox 1169 4260 1346 4324; x_wconf 91' lang='lat' dir='ltr'>contendit</span> <span class='ocrx_word' id='word_1_320' title='bbox 1360 4275 1431 4342; x_wconf 87' lang='lat' dir='ltr'>pars</span> 
     </span>
     <span class='ocr_line' id='line_1_42' title="bbox 327 4361 1430 4446; baseline 0.005 -25"><span class='ocrx_word' id='word_1_321' title='bbox 327 4379 367 4422; x_wconf 91' lang='lat' dir='ltr'>ea</span> <span class='ocrx_word' id='word_1_322' title='bbox 393 4361 660 4442; x_wconf 85' lang='lat' dir='ltr'>Anglicanorum</span> <span class='ocrx_word' id='word_1_323' title='bbox 677 4365 808 4427; x_wconf 87' lang='lat' dir='ltr'>nonita</span> <span class='ocrx_word' id='word_1_324' title='bbox 836 4383 969 4446; x_wconf 87' lang='lat' dir='ltr'>magna,</span> <span class='ocrx_word' id='word_1_325' title='bbox 986 4365 1170 4428; x_wconf 88' lang='lat' dir='ltr'>recentiore</span> <span class='ocrx_word' id='word_1_326' title='bbox 1185 4375 1338 4446; x_wconf 89' lang='lat' dir='ltr'>tempore</span> <span class='ocrx_word' id='word_1_327' title='bbox 1359 4383 1430 4426; x_wconf 90' lang='lat' dir='ltr'>coa·</span> 
     </span>
    </p>
   </div>
   <div class='ocr_carea' id='block_1_15' title="bbox 0 0 1564 4859">
    <p class='ocr_par' dir='ltr' id='par_1_16' title="bbox 0 0 1564 4859">
     <span class='ocr_line' id='line_1_43' title="bbox 0 0 1564 4859; baseline 0 5"><span class='ocrx_word' id='word_1_328' title='bbox 0 0 1564 4859; x_wconf 95' lang='lat' dir='ltr'> </span> 
     </span>
    </p>
   </div>
  </div>
 </body>
</html>
