<?xml version="1.0" encoding="UTF-8"?>
<!DOCTYPE html PUBLIC "-//W3C//DTD XHTML 1.0 Transitional//EN"
    "http://www.w3.org/TR/xhtml1/DTD/xhtml1-transitional.dtd">
<html xmlns="http://www.w3.org/1999/xhtml" xml:lang="en" lang="en">
 <head>
  <title>
</title>
<meta http-equiv="Content-Type" content="text/html;charset=utf-8" />
  <meta name='ocr-system' content='tesseract 3.04.00' />
  <meta name='ocr-capabilities' content='ocr_page ocr_carea ocr_par ocr_line ocrx_word'/>
</head>
<body>
  <div class='ocr_page' id='page_1' title='image "./sanctissimidomi04xiiigoog_0619.png"; bbox 0 0 3117 4859; ppageno 0'>
   <div class='ocr_carea' id='block_1_1' title="bbox 210 354 1214 428">
    <p class='ocr_par' dir='ltr' id='par_1_1' title="bbox 210 354 1214 428">
     <span class='ocr_line' id='line_1_1' title="bbox 210 354 1214 428; baseline 0.004 -23"><span class='ocrx_word' id='word_1_1' title='bbox 210 355 262 405; x_wconf 87' lang='lat' dir='ltr'>DE</span> <span class='ocrx_word' id='word_1_2' title='bbox 289 354 567 408; x_wconf 85' lang='lat' dir='ltr'><strong>PROHIBITIONE</strong></span> <span class='ocrx_word' id='word_1_3' title='bbox 594 358 643 408; x_wconf 85' lang='lat' dir='ltr'>ET</span> <span class='ocrx_word' id='word_1_4' title='bbox 669 358 847 410; x_wconf 82' lang='lat' dir='ltr'><strong>CENSURA</strong></span> <span class='ocrx_word' id='word_1_5' title='bbox 874 359 1085 412; x_wconf 87' lang='lat' dir='ltr'>LIBRORUM.</span> <span class='ocrx_word' id='word_1_6' title='bbox 1147 356 1214 428; x_wconf 73' lang='lat'>251</span> 
     </span>
    </p>
   </div>
   <div class='ocr_carea' id='block_1_2' title="bbox 89 499 1358 1632">
    <p class='ocr_par' dir='ltr' id='par_1_2' title="bbox 89 499 1358 900">
     <span class='ocr_line' id='line_1_2' title="bbox 89 499 1336 586; baseline 0.003 -22"><span class='ocrx_word' id='word_1_7' title='bbox 89 571 91 575; x_wconf 22' lang='lat'><strong><em>¹</em></strong></span> <span class='ocrx_word' id='word_1_8' title='bbox 154 513 205 582; x_wconf 78' lang='lat'>35.</span> <span class='ocrx_word' id='word_1_9' title='bbox 226 499 442 582; x_wconf 90' lang='lat' dir='ltr'>Approbatio</span> <span class='ocrx_word' id='word_1_10' title='bbox 469 500 639 581; x_wconf 90' lang='lat' dir='ltr'>librorum,</span> <span class='ocrx_word' id='word_1_11' title='bbox 655 523 797 585; x_wconf 91' lang='lat' dir='ltr'>quorum</span> <span class='ocrx_word' id='word_1_12' title='bbox 821 523 962 569; x_wconf 87' lang='lat' dir='ltr'>censura</span> <span class='ocrx_word' id='word_1_13' title='bbox 991 503 1218 586; x_wconf 87' lang='lat' dir='ltr'>praesentium</span> <span class='ocrx_word' id='word_1_14' title='bbox 1251 551 1254 555; x_wconf 84' lang='grc'><strong>-</strong></span> <span class='ocrx_word' id='word_1_15' title='bbox 1304 535 1336 584; x_wconf 78' lang='lat'>25</span> 
     </span>
     <span class='ocr_line' id='line_1_3' title="bbox 109 586 1358 702; baseline 0 -33"><span class='ocrx_word' id='word_1_16' title='bbox 109 605 331 669; x_wconf 91' lang='lat' dir='ltr'>Decretorum</span> <span class='ocrx_word' id='word_1_17' title='bbox 348 605 380 669; x_wconf 91' lang='lat' dir='ltr'>vi</span> <span class='ocrx_word' id='word_1_18' title='bbox 396 604 709 688; x_wconf 86' lang='lat' dir='ltr'>ApostolicaeSedi</span> <span class='ocrx_word' id='word_1_19' title='bbox 726 606 778 671; x_wconf 92' lang='lat' dir='ltr'>vel</span> <span class='ocrx_word' id='word_1_20' title='bbox 790 607 956 672; x_wconf 87' lang='lat' dir='ltr'>Romanis</span> <span class='ocrx_word' id='word_1_21' title='bbox 974 605 1219 688; x_wconf 88' lang='lat' dir='ltr'>Congregatio-</span> <span class='ocrx_word' id='word_1_22' title='bbox 1285 586 1358 702; x_wconf 55' lang='grc' dir='ltr'>ζξὲφζ</span> 
     </span>
     <span class='ocr_line' id='line_1_4' title="bbox 108 709 1219 794; baseline 0.003 -20"><span class='ocrx_word' id='word_1_23' title='bbox 108 711 208 776; x_wconf 89' lang='lat' dir='ltr'>nibus</span> <span class='ocrx_word' id='word_1_24' title='bbox 232 728 300 773; x_wconf 93' lang='lat' dir='ltr'>non</span> <span class='ocrx_word' id='word_1_25' title='bbox 328 718 524 788; x_wconf 88' lang='lat' dir='ltr'>reservatur,</span> <span class='ocrx_word' id='word_1_26' title='bbox 539 711 685 793; x_wconf 88' lang='lat' dir='ltr'><strong>pertinet</strong></span> <span class='ocrx_word' id='word_1_27' title='bbox 711 711 754 776; x_wconf 92' lang='lat' dir='ltr'>ad</span> <span class='ocrx_word' id='word_1_28' title='bbox 783 710 1001 778; x_wconf 90' lang='lat' dir='ltr'>Ordinarium</span> <span class='ocrx_word' id='word_1_29' title='bbox 1019 709 1082 774; x_wconf 90' lang='lat' dir='ltr'>loci</span> <span class='ocrx_word' id='word_1_30' title='bbox 1100 709 1133 773; x_wconf 94' lang='lat' dir='ltr'>in</span> <span class='ocrx_word' id='word_1_31' title='bbox 1151 730 1219 794; x_wconf 90' lang='lat' dir='ltr'>quo</span> 
     </span>
     <span class='ocr_line' id='line_1_5' title="bbox 108 812 440 900; baseline -0.003 -20"><span class='ocrx_word' id='word_1_32' title='bbox 108 814 235 900; x_wconf 82' lang='lat' dir='ltr'>publici</span> <span class='ocrx_word' id='word_1_33' title='bbox 250 813 330 877; x_wconf 87' lang='lat' dir='ltr'>iuris</span> <span class='ocrx_word' id='word_1_34' title='bbox 346 812 440 879; x_wconf 86' lang='lat' dir='ltr'>fiunt.</span> 
     </span>
    </p>

    <p class='ocr_par' dir='ltr' id='par_1_3' title="bbox 109 917 1222 1318">
     <span class='ocr_line' id='line_1_6' title="bbox 154 917 1222 1004; baseline -0.001 -19"><span class='ocrx_word' id='word_1_35' title='bbox 154 921 203 1002; x_wconf 82' lang='lat'>36.</span> <span class='ocrx_word' id='word_1_36' title='bbox 228 917 425 1002; x_wconf 88' lang='lat' dir='ltr'>Regulares,</span> <span class='ocrx_word' id='word_1_37' title='bbox 449 930 581 1003; x_wconf 92' lang='lat' dir='ltr'>praeter</span> <span class='ocrx_word' id='word_1_38' title='bbox 606 921 767 1004; x_wconf 88' lang='lat' dir='ltr'><strong>Episcopi</strong></span> <span class='ocrx_word' id='word_1_39' title='bbox 800 921 982 998; x_wconf 81' lang='lat' dir='ltr'>licentiam,</span> <span class='ocrx_word' id='word_1_40' title='bbox 1006 919 1222 984; x_wconf 85' lang='lat' dir='ltr'>meminerint</span> 
     </span>
     <span class='ocr_line' id='line_1_7' title="bbox 109 1021 1222 1107; baseline -0.003 -16"><span class='ocrx_word' id='word_1_41' title='bbox 109 1036 223 1091; x_wconf 87' lang='lat' dir='ltr'>tenere</span> <span class='ocrx_word' id='word_1_42' title='bbox 238 1045 283 1102; x_wconf 87' lang='lat' dir='ltr'>se,</span> <span class='ocrx_word' id='word_1_43' title='bbox 295 1023 379 1087; x_wconf 90' lang='lat' dir='ltr'>sacri</span> <span class='ocrx_word' id='word_1_44' title='bbox 396 1022 538 1089; x_wconf 88' lang='lat' dir='ltr'>Concilii</span> <span class='ocrx_word' id='word_1_45' title='bbox 554 1025 744 1090; x_wconf 85' lang='lat' dir='ltr'>Tridentini</span> <span class='ocrx_word' id='word_1_46' title='bbox 767 1025 914 1104; x_wconf 89' lang='lat' dir='ltr'>decreto,</span> <span class='ocrx_word' id='word_1_47' title='bbox 928 1024 1038 1107; x_wconf 91' lang='lat' dir='ltr'>operis</span> <span class='ocrx_word' id='word_1_48' title='bbox 1054 1023 1088 1086; x_wconf 92' lang='lat' dir='ltr'>in</span> <span class='ocrx_word' id='word_1_49' title='bbox 1112 1021 1222 1088; x_wconf 89' lang='lat' dir='ltr'>lucem</span> 
     </span>
     <span class='ocr_line' id='line_1_8' title="bbox 109 1128 1222 1211; baseline -0.003 -15"><span class='ocrx_word' id='word_1_50' title='bbox 109 1130 233 1196; x_wconf 91' lang='lat' dir='ltr'>edendi</span> <span class='ocrx_word' id='word_1_51' title='bbox 243 1129 439 1195; x_wconf 81' lang='lat' dir='ltr'>facultatem</span> <span class='ocrx_word' id='word_1_52' title='bbox 452 1149 472 1193; x_wconf 93' lang='lat' dir='ltr'>a</span> <span class='ocrx_word' id='word_1_53' title='bbox 483 1128 701 1208; x_wconf 89' lang='lat' dir='ltr'>Praelato,cui</span> <span class='ocrx_word' id='word_1_54' title='bbox 713 1128 1222 1211; x_wconf 89' lang='lat' dir='ltr'>subiacent,obtinere.Utraque</span> 
     </span>
     <span class='ocr_line' id='line_1_9' title="bbox 109 1233 1221 1318; baseline 0 -18"><span class='ocrx_word' id='word_1_55' title='bbox 109 1244 222 1300; x_wconf 90' lang='lat' dir='ltr'>autem</span> <span class='ocrx_word' id='word_1_56' title='bbox 239 1234 413 1298; x_wconf 85' lang='lat' dir='ltr'>concessio</span> <span class='ocrx_word' id='word_1_57' title='bbox 428 1234 462 1296; x_wconf 90' lang='lat' dir='ltr'>in</span> <span class='ocrx_word' id='word_1_58' title='bbox 480 1234 646 1318; x_wconf 90' lang='lat' dir='ltr'>principio</span> <span class='ocrx_word' id='word_1_59' title='bbox 661 1234 714 1299; x_wconf 89' lang='lat' dir='ltr'>vel</span> <span class='ocrx_word' id='word_1_60' title='bbox 738 1237 770 1298; x_wconf 93' lang='lat' dir='ltr'>in</span> <span class='ocrx_word' id='word_1_61' title='bbox 790 1234 856 1298; x_wconf 88' lang='lat' dir='ltr'>tine</span> <span class='ocrx_word' id='word_1_62' title='bbox 871 1235 982 1316; x_wconf 92' lang='lat' dir='ltr'>operis</span> <span class='ocrx_word' id='word_1_63' title='bbox 999 1233 1221 1314; x_wconf 84' lang='lat' dir='ltr'>imprimatur.</span> 
     </span>
    </p>

    <p class='ocr_par' dir='ltr' id='par_1_4' title="bbox 108 1336 1222 1632">
     <span class='ocr_line' id='line_1_10' title="bbox 154 1336 1222 1422; baseline -0.004 -18"><span class='ocrx_word' id='word_1_64' title='bbox 154 1357 204 1422; x_wconf 81' lang='lat'>37.</span> <span class='ocrx_word' id='word_1_65' title='bbox 229 1339 265 1404; x_wconf 92' lang='lat' dir='ltr'>Si</span> <span class='ocrx_word' id='word_1_66' title='bbox 293 1339 424 1403; x_wconf 87' lang='lat' dir='ltr'>Auctor</span> <span class='ocrx_word' id='word_1_67' title='bbox 452 1339 583 1402; x_wconf 88' lang='lat' dir='ltr'>Romae</span> <span class='ocrx_word' id='word_1_68' title='bbox 610 1341 737 1422; x_wconf 88' lang='lat' dir='ltr'>degens</span> <span class='ocrx_word' id='word_1_69' title='bbox 765 1338 886 1404; x_wconf 91' lang='lat' dir='ltr'>librum</span> <span class='ocrx_word' id='word_1_70' title='bbox 904 1358 971 1403; x_wconf 91' lang='lat' dir='ltr'>non</span> <span class='ocrx_word' id='word_1_71' title='bbox 988 1338 1021 1402; x_wconf 90' lang='lat' dir='ltr'>in</span> <span class='ocrx_word' id='word_1_72' title='bbox 1041 1338 1146 1418; x_wconf 90' lang='lat' dir='ltr'>Urbe,</span> <span class='ocrx_word' id='word_1_73' title='bbox 1161 1336 1222 1402; x_wconf 92' lang='lat' dir='ltr'>sed</span> 
     </span>
     <span class='ocr_line' id='line_1_11' title="bbox 108 1441 1222 1528; baseline -0.006 -16"><span class='ocrx_word' id='word_1_74' title='bbox 108 1446 189 1512; x_wconf 92' lang='lat' dir='ltr'>alibi</span> <span class='ocrx_word' id='word_1_75' title='bbox 217 1442 410 1527; x_wconf 89' lang='lat' dir='ltr'>imprimere</span> <span class='ocrx_word' id='word_1_76' title='bbox 436 1444 525 1522; x_wconf 91' lang='lat' dir='ltr'>velit,</span> <span class='ocrx_word' id='word_1_77' title='bbox 551 1452 684 1527; x_wconf 90' lang='lat' dir='ltr'>praeter</span> <span class='ocrx_word' id='word_1_78' title='bbox 718 1444 999 1528; x_wconf 88' lang='lat' dir='ltr'>approbationem</span> <span class='ocrx_word' id='word_1_79' title='bbox 1031 1441 1222 1509; x_wconf 84' lang='lat' dir='ltr'>Cardinalis</span> 
     </span>
     <span class='ocr_line' id='line_1_12' title="bbox 110 1537 1220 1632; baseline -0.007 -14"><span class='ocrx_word' id='word_1_80' title='bbox 110 1551 216 1618; x_wconf 90' lang='lat' dir='ltr'>Urbis</span> <span class='ocrx_word' id='word_1_81' title='bbox 230 1537 357 1614; x_wconf 83' lang='lat' dir='ltr'>Vicarii</span> <span class='ocrx_word' id='word_1_82' title='bbox 374 1557 407 1612; x_wconf 88' lang='lat' dir='ltr'>et</span> <span class='ocrx_word' id='word_1_83' title='bbox 423 1548 580 1632; x_wconf 84' lang='lat' dir='ltr'>Magistri</span> <span class='ocrx_word' id='word_1_84' title='bbox 598 1549 692 1614; x_wconf 89' lang='lat' dir='ltr'>Sacri</span> <span class='ocrx_word' id='word_1_85' title='bbox 710 1549 830 1615; x_wconf 88' lang='lat' dir='ltr'>Palatii</span> <span class='ocrx_word' id='word_1_86' title='bbox 847 1548 1049 1632; x_wconf 89' lang='lat' dir='ltr'>Apostolici,</span> <span class='ocrx_word' id='word_1_87' title='bbox 1071 1547 1137 1612; x_wconf 90' lang='lat' dir='ltr'>alia</span> <span class='ocrx_word' id='word_1_88' title='bbox 1154 1566 1220 1610; x_wconf 92' lang='lat' dir='ltr'>non</span> 
     </span>
    </p>
   </div>
   <div class='ocr_carea' id='block_1_3' title="bbox 110 1653 771 1808">
    <p class='ocr_par' dir='ltr' id='par_1_5' title="bbox 110 1653 771 1808">
     <span class='ocr_line' id='line_1_13' title="bbox 110 1653 296 1740; baseline -0.005 -21"><span class='ocrx_word' id='word_1_89' title='bbox 110 1653 296 1740; x_wconf 89' lang='lat' dir='ltr'>requiritur.</span> 
     </span>
     <span class='ocr_line' id='line_1_14' title="bbox 572 1741 771 1808; baseline -0.01 0"><span class='ocrx_word' id='word_1_90' title='bbox 572 1742 702 1808; x_wconf 74' lang='lat' dir='ltr'>Carus</span> <span class='ocrx_word' id='word_1_91' title='bbox 726 1741 771 1806; x_wconf 85' lang='grc' dir='ltr'>ΙΙ,</span> 
     </span>
    </p>
   </div>
   <div class='ocr_carea' id='block_1_4' title="bbox 217 1887 1110 1971">
    <p class='ocr_par' dir='ltr' id='par_1_6' title="bbox 217 1887 1110 1971">
     <span class='ocr_line' id='line_1_15' title="bbox 217 1887 1110 1971; baseline 0.001 -19"><span class='ocrx_word' id='word_1_92' title='bbox 217 1889 271 1953; x_wconf 84' lang='lat' dir='ltr'>De</span> <span class='ocrx_word' id='word_1_93' title='bbox 285 1909 451 1952; x_wconf 84' lang='lat' dir='ltr'>censorum</span> <span class='ocrx_word' id='word_1_94' title='bbox 464 1887 565 1971; x_wconf 85' lang='lat' dir='ltr'>afficio</span> <span class='ocrx_word' id='word_1_95' title='bbox 581 1889 615 1952; x_wconf 81' lang='lat' dir='ltr'>in</span> <span class='ocrx_word' id='word_1_96' title='bbox 624 1888 763 1970; x_wconf 79' lang='lat' dir='ltr'>praevio</span> <span class='ocrx_word' id='word_1_97' title='bbox 777 1887 939 1952; x_wconf 83' lang='lat' dir='ltr'>librorum</span> <span class='ocrx_word' id='word_1_98' title='bbox 954 1889 1110 1953; x_wconf 77' lang='lat' dir='ltr'>examine.</span> 
     </span>
    </p>
   </div>
   <div class='ocr_carea' id='block_1_5' title="bbox 105 2065 1221 3919">
    <p class='ocr_par' dir='ltr' id='par_1_7' title="bbox 107 2065 1221 2674">
     <span class='ocr_line' id='line_1_16' title="bbox 155 2065 1221 2151; baseline -0.001 -17"><span class='ocrx_word' id='word_1_99' title='bbox 155 2070 204 2149; x_wconf 82' lang='lat'>38.</span> <span class='ocrx_word' id='word_1_100' title='bbox 228 2068 354 2134; x_wconf 88' lang='lat' dir='ltr'>Curent</span> <span class='ocrx_word' id='word_1_101' title='bbox 388 2068 559 2150; x_wconf 85' lang='lat' dir='ltr'>Episcopi,</span> <span class='ocrx_word' id='word_1_102' title='bbox 585 2087 728 2151; x_wconf 90' lang='lat' dir='ltr'>quorum</span> <span class='ocrx_word' id='word_1_103' title='bbox 764 2068 911 2131; x_wconf 89' lang='lat' dir='ltr'>muneris</span> <span class='ocrx_word' id='word_1_104' title='bbox 938 2077 990 2132; x_wconf 86' lang='lat' dir='ltr'>est</span> <span class='ocrx_word' id='word_1_105' title='bbox 1025 2065 1221 2133; x_wconf 77' lang='lat' dir='ltr'>facultatem</span> 
     </span>
     <span class='ocr_line' id='line_1_17' title="bbox 108 2171 1221 2256; baseline 0.001 -21"><span class='ocrx_word' id='word_1_106' title='bbox 108 2172 212 2237; x_wconf 89' lang='lat' dir='ltr'>libros</span> <span class='ocrx_word' id='word_1_107' title='bbox 227 2171 443 2256; x_wconf 90' lang='lat' dir='ltr'>imprimendi</span> <span class='ocrx_word' id='word_1_108' title='bbox 459 2172 653 2250; x_wconf 89' lang='lat' dir='ltr'>concedere,</span> <span class='ocrx_word' id='word_1_109' title='bbox 669 2180 706 2235; x_wconf 93' lang='lat' dir='ltr'>ut</span> <span class='ocrx_word' id='word_1_110' title='bbox 728 2173 776 2236; x_wconf 91' lang='lat' dir='ltr'>eis</span> <span class='ocrx_word' id='word_1_111' title='bbox 791 2171 1031 2236; x_wconf 86' lang='lat' dir='ltr'>examinandis</span> <span class='ocrx_word' id='word_1_112' title='bbox 1047 2181 1221 2254; x_wconf 88' lang='lat' dir='ltr'>spectatae</span> 
     </span>
     <span class='ocr_line' id='line_1_18' title="bbox 109 2275 1221 2359; baseline -0.002 -19"><span class='ocrx_word' id='word_1_113' title='bbox 109 2278 244 2359; x_wconf 84' lang='lat' dir='ltr'>pietatis</span> <span class='ocrx_word' id='word_1_114' title='bbox 268 2286 303 2341; x_wconf 92' lang='lat' dir='ltr'>et</span> <span class='ocrx_word' id='word_1_115' title='bbox 326 2276 500 2341; x_wconf 90' lang='lat' dir='ltr'>doetrinae</span> <span class='ocrx_word' id='word_1_116' title='bbox 528 2275 614 2340; x_wconf 90' lang='lat' dir='ltr'>viros</span> <span class='ocrx_word' id='word_1_117' title='bbox 641 2275 838 2355; x_wconf 88' lang='lat' dir='ltr'>adhibeant,</span> <span class='ocrx_word' id='word_1_118' title='bbox 853 2276 896 2340; x_wconf 92' lang='lat' dir='ltr'>de</span> <span class='ocrx_word' id='word_1_119' title='bbox 921 2296 1064 2359; x_wconf 91' lang='lat' dir='ltr'>quorum</span> <span class='ocrx_word' id='word_1_120' title='bbox 1092 2275 1159 2340; x_wconf 87' lang='lat' dir='ltr'>lide</span> <span class='ocrx_word' id='word_1_121' title='bbox 1188 2286 1221 2339; x_wconf 91' lang='lat' dir='ltr'>et</span> 
     </span>
     <span class='ocr_line' id='line_1_19' title="bbox 108 2380 1220 2465; baseline -0.002 -21"><span class='ocrx_word' id='word_1_122' title='bbox 108 2382 303 2465; x_wconf 90' lang='lat' dir='ltr'>integritate</span> <span class='ocrx_word' id='word_1_123' title='bbox 318 2380 382 2445; x_wconf 92' lang='lat' dir='ltr'>sibi</span> <span class='ocrx_word' id='word_1_124' title='bbox 407 2382 556 2463; x_wconf 92' lang='lat' dir='ltr'>polliceri</span> <span class='ocrx_word' id='word_1_125' title='bbox 580 2390 717 2463; x_wconf 88' lang='lat' dir='ltr'>queant,</span> <span class='ocrx_word' id='word_1_126' title='bbox 733 2380 815 2444; x_wconf 91' lang='lat' dir='ltr'>nihil</span> <span class='ocrx_word' id='word_1_127' title='bbox 841 2401 899 2446; x_wconf 89' lang='lat' dir='ltr'>eos</span> <span class='ocrx_word' id='word_1_128' title='bbox 925 2382 1055 2464; x_wconf 88' lang='lat' dir='ltr'>gratiae</span> <span class='ocrx_word' id='word_1_129' title='bbox 1070 2383 1220 2458; x_wconf 89' lang='lat' dir='ltr'>daturos,</span> 
     </span>
     <span class='ocr_line' id='line_1_20' title="bbox 108 2484 1219 2568; baseline 0 -20"><span class='ocrx_word' id='word_1_130' title='bbox 108 2484 192 2550; x_wconf 90' lang='lat' dir='ltr'>nihil</span> <span class='ocrx_word' id='word_1_131' title='bbox 208 2485 297 2565; x_wconf 91' lang='lat' dir='ltr'>odio,</span> <span class='ocrx_word' id='word_1_132' title='bbox 312 2487 371 2550; x_wconf 92' lang='lat' dir='ltr'>sed</span> <span class='ocrx_word' id='word_1_133' title='bbox 388 2486 481 2550; x_wconf 91' lang='lat' dir='ltr'>omui</span> <span class='ocrx_word' id='word_1_134' title='bbox 503 2486 653 2550; x_wconf 91' lang='lat' dir='ltr'>humano</span> <span class='ocrx_word' id='word_1_135' title='bbox 680 2484 802 2565; x_wconf 84' lang='lat' dir='ltr'>affectu</span> <span class='ocrx_word' id='word_1_136' title='bbox 820 2486 1024 2568; x_wconf 89' lang='lat' dir='ltr'>posthabito,</span> <span class='ocrx_word' id='word_1_137' title='bbox 1041 2485 1106 2549; x_wconf 90' lang='lat' dir='ltr'>Dei</span> <span class='ocrx_word' id='word_1_138' title='bbox 1122 2485 1219 2548; x_wconf 89' lang='lat' dir='ltr'>dum·</span> 
     </span>
     <span class='ocr_line' id='line_1_21' title="bbox 107 2587 1113 2674; baseline -0.001 -19"><span class='ocrx_word' id='word_1_139' title='bbox 107 2598 207 2655; x_wconf 85' lang='lat' dir='ltr'>taxat</span> <span class='ocrx_word' id='word_1_140' title='bbox 221 2587 363 2672; x_wconf 87' lang='lat' dir='ltr'>gloriam</span> <span class='ocrx_word' id='word_1_141' title='bbox 380 2599 591 2672; x_wconf 88' lang='lat' dir='ltr'>spectaturos</span> <span class='ocrx_word' id='word_1_142' title='bbox 607 2600 641 2654; x_wconf 92' lang='lat' dir='ltr'>et</span> <span class='ocrx_word' id='word_1_143' title='bbox 657 2589 765 2654; x_wconf 85' lang='lat' dir='ltr'>fidelis</span> <span class='ocrx_word' id='word_1_144' title='bbox 781 2590 898 2674; x_wconf 84' lang='lat' dir='ltr'>populi</span> <span class='ocrx_word' id='word_1_145' title='bbox 915 2589 1113 2656; x_wconf 85' lang='lat' dir='ltr'>utilitatem.</span> 
     </span>
    </p>

    <p class='ocr_par' dir='ltr' id='par_1_8' title="bbox 105 2679 1221 3509">
     <span class='ocr_line' id='line_1_22' title="bbox 152 2679 1220 2778; baseline 0.001 -21"><span class='ocrx_word' id='word_1_146' title='bbox 152 2711 202 2775; x_wconf 76' lang='lat'>39,</span> <span class='ocrx_word' id='word_1_147' title='bbox 227 2695 280 2758; x_wconf 89' lang='lat' dir='ltr'>De</span> <span class='ocrx_word' id='word_1_148' title='bbox 296 2695 395 2758; x_wconf 89' lang='lat' dir='ltr'>variis</span> <span class='ocrx_word' id='word_1_149' title='bbox 411 2694 627 2777; x_wconf 87' lang='lat' dir='ltr'>opinionibus</span> <span class='ocrx_word' id='word_1_150' title='bbox 654 2705 757 2778; x_wconf 91' lang='lat' dir='ltr'>atque</span> <span class='ocrx_word' id='word_1_151' title='bbox 781 2679 958 2760; x_wconf 71' lang='lat' dir='ltr'>se&#39;ntentiis</span> <span class='ocrx_word' id='word_1_152' title='bbox 982 2695 1095 2778; x_wconf 85' lang='lat' dir='ltr'>(iuxta</span> <span class='ocrx_word' id='word_1_153' title='bbox 1111 2695 1220 2758; x_wconf 89' lang='lat' dir='ltr'>Bene·</span> 
     </span>
     <span class='ocr_line' id='line_1_23' title="bbox 107 2798 1221 2883; baseline -0.002 -20"><span class='ocrx_word' id='word_1_154' title='bbox 107 2799 188 2863; x_wconf 91' lang='lat' dir='ltr'>dicti</span> <span class='ocrx_word' id='word_1_155' title='bbox 199 2798 289 2862; x_wconf 91' lang='lat' dir='ltr'>XIV</span> <span class='ocrx_word' id='word_1_156' title='bbox 301 2800 534 2883; x_wconf 90' lang='lat' dir='ltr'>pracceptum)</span> <span class='ocrx_word' id='word_1_157' title='bbox 544 2800 659 2864; x_wconf 89' lang='lat' dir='ltr'>animo</span> <span class='ocrx_word' id='word_1_158' title='bbox 671 2821 692 2864; x_wconf 88' lang='lat' dir='ltr'>a</span> <span class='ocrx_word' id='word_1_159' title='bbox 703 2799 917 2882; x_wconf 89' lang='lat' dir='ltr'>praeiudiciis</span> <span class='ocrx_word' id='word_1_160' title='bbox 930 2801 1089 2864; x_wconf 92' lang='lat' dir='ltr'>omnibus</span> <span class='ocrx_word' id='word_1_161' title='bbox 1103 2819 1221 2876; x_wconf 88' lang='lat' dir='ltr'>vacuo,</span> 
     </span>
     <span class='ocr_line' id='line_1_24' title="bbox 107 2889 1219 2987; baseline 0 -21"><span class='ocrx_word' id='word_1_162' title='bbox 107 2902 335 2979; x_wconf 90' lang='lat' dir='ltr'>iudicandum,</span> <span class='ocrx_word' id='word_1_163' title='bbox 350 2904 413 2967; x_wconf 91' lang='lat' dir='ltr'>sibi</span> <span class='ocrx_word' id='word_1_164' title='bbox 439 2923 512 2967; x_wconf 88' lang='lat' dir='ltr'>esse</span> <span class='ocrx_word' id='word_1_165' title='bbox 538 2924 693 2968; x_wconf 90' lang='lat' dir='ltr'>censores</span> <span class='ocrx_word' id='word_1_166' title='bbox 716 2906 834 2968; x_wconf 78' lang='lat' dir='ltr'>sciant¹</span> <span class='ocrx_word' id='word_1_167' title='bbox 862 2889 982 2987; x_wconf 75' lang='lat' dir='ltr'>ltaque</span> <span class='ocrx_word' id='word_1_168' title='bbox 999 2905 1154 2982; x_wconf 90' lang='lat' dir='ltr'>nationis,</span> <span class='ocrx_word' id='word_1_169' title='bbox 1170 2902 1219 2967; x_wconf 91' lang='lat' dir='ltr'>fa·</span> 
     </span>
     <span class='ocr_line' id='line_1_25' title="bbox 108 3006 1218 3087; baseline 0 -15"><span class='ocrx_word' id='word_1_170' title='bbox 108 3007 230 3084; x_wconf 89' lang='lat' dir='ltr'>miliae,</span> <span class='ocrx_word' id='word_1_171' title='bbox 244 3006 389 3084; x_wconf 91' lang='lat' dir='ltr'>scholae,</span> <span class='ocrx_word' id='word_1_172' title='bbox 404 3008 550 3072; x_wconf 88' lang='lat' dir='ltr'>instituti</span> <span class='ocrx_word' id='word_1_173' title='bbox 567 3007 724 3071; x_wconf 84' lang='lat' dir='ltr'>affectum</span> <span class='ocrx_word' id='word_1_174' title='bbox 741 3009 930 3083; x_wconf 88' lang='lat' dir='ltr'>excutiant,</span> <span class='ocrx_word' id='word_1_175' title='bbox 942 3008 1055 3071; x_wconf 89' lang='lat' dir='ltr'>studia</span> <span class='ocrx_word' id='word_1_176' title='bbox 1071 3007 1218 3087; x_wconf 87' lang='lat' dir='ltr'>partium</span> 
     </span>
     <span class='ocr_line' id='line_1_26' title="bbox 106 3111 1218 3195; baseline 0.002 -21"><span class='ocrx_word' id='word_1_177' title='bbox 106 3120 282 3193; x_wconf 87' lang='lat' dir='ltr'>seponant.</span> <span class='ocrx_word' id='word_1_178' title='bbox 295 3111 467 3175; x_wconf 87' lang='lat' dir='ltr'>Ecclesiae</span> <span class='ocrx_word' id='word_1_179' title='bbox 483 3123 621 3177; x_wconf 89' lang='lat' dir='ltr'>sanctae</span> <span class='ocrx_word' id='word_1_180' title='bbox 637 3115 809 3195; x_wconf 87' lang='lat' dir='ltr'>dogmata,</span> <span class='ocrx_word' id='word_1_181' title='bbox 822 3121 856 3176; x_wconf 89' lang='lat' dir='ltr'>et</span> <span class='ocrx_word' id='word_1_182' title='bbox 871 3133 1085 3176; x_wconf 90' lang='lat' dir='ltr'>communem</span> <span class='ocrx_word' id='word_1_183' title='bbox 1102 3111 1218 3176; x_wconf 91' lang='lat' dir='ltr'>catho-</span> 
     </span>
     <span class='ocr_line' id='line_1_27' title="bbox 106 3214 1220 3300; baseline 0 -22"><span class='ocrx_word' id='word_1_184' title='bbox 106 3214 244 3279; x_wconf 92' lang='lat' dir='ltr'>licorum</span> <span class='ocrx_word' id='word_1_185' title='bbox 261 3217 459 3295; x_wconf 84' lang='lat' dir='ltr'>doctrinam,</span> <span class='ocrx_word' id='word_1_186' title='bbox 476 3237 563 3300; x_wconf 89' lang='lat' dir='ltr'>quae</span> <span class='ocrx_word' id='word_1_187' title='bbox 590 3216 819 3282; x_wconf 88' lang='lat' dir='ltr'>Conciliorum</span> <span class='ocrx_word' id='word_1_188' title='bbox 836 3218 1043 3300; x_wconf 90' lang='lat' dir='ltr'>generalium</span> <span class='ocrx_word' id='word_1_189' title='bbox 1066 3216 1220 3293; x_wconf 88' lang='lat' dir='ltr'>decretis,</span> 
     </span>
     <span class='ocr_line' id='line_1_28' title="bbox 105 3309 1218 3405; baseline 0.001 -22"><span class='ocrx_word' id='word_1_190' title='bbox 105 3319 340 3386; x_wconf 92' lang='lat' dir='ltr'>Romanorum</span> <span class='ocrx_word' id='word_1_191' title='bbox 356 3320 559 3386; x_wconf 86' lang='lat' dir='ltr'>Pontificum</span> <span class='ocrx_word' id='word_1_192' title='bbox 577 3321 896 3402; x_wconf 88' lang='lat' dir='ltr'>Constitutionibus,</span> <span class='ocrx_word' id='word_1_193' title='bbox 911 3332 1013 3405; x_wconf 88' lang='lat' dir='ltr'>atque</span> <span class='ocrx_word' id='word_1_194' title='bbox 1029 3309 1218 3386; x_wconf 83' lang='lat' dir='ltr'>Doctorum</span> 
     </span>
     <span class='ocr_line' id='line_1_29' title="bbox 105 3425 1019 3509; baseline 0.003 -21"><span class='ocrx_word' id='word_1_195' title='bbox 105 3443 272 3489; x_wconf 89' lang='lat' dir='ltr'>consensu</span> <span class='ocrx_word' id='word_1_196' title='bbox 289 3425 514 3502; x_wconf 90' lang='lat' dir='ltr'>continentur,</span> <span class='ocrx_word' id='word_1_197' title='bbox 530 3425 628 3490; x_wconf 90' lang='lat' dir='ltr'>unice</span> <span class='ocrx_word' id='word_1_198' title='bbox 642 3444 723 3509; x_wconf 89' lang='lat' dir='ltr'>prae</span> <span class='ocrx_word' id='word_1_199' title='bbox 738 3426 845 3490; x_wconf 89' lang='lat' dir='ltr'>oculis</span> <span class='ocrx_word' id='word_1_200' title='bbox 860 3425 1019 3491; x_wconf 89' lang='lat' dir='ltr'>habeant.</span> 
     </span>
    </p>

    <p class='ocr_par' dir='ltr' id='par_1_9' title="bbox 105 3529 1220 3919">
     <span class='ocr_line' id='line_1_30' title="bbox 149 3529 1220 3614; baseline 0.001 -20"><span class='ocrx_word' id='word_1_201' title='bbox 149 3547 202 3609; x_wconf 92' lang='lat'>40.</span> <span class='ocrx_word' id='word_1_202' title='bbox 225 3529 396 3594; x_wconf 88' lang='lat' dir='ltr'>Absoluto</span> <span class='ocrx_word' id='word_1_203' title='bbox 412 3531 579 3608; x_wconf 88' lang='lat' dir='ltr'>examine,</span> <span class='ocrx_word' id='word_1_204' title='bbox 595 3531 622 3593; x_wconf 90' lang='lat' dir='ltr'>si</span> <span class='ocrx_word' id='word_1_205' title='bbox 648 3530 730 3595; x_wconf 92' lang='lat' dir='ltr'>nihil</span> <span class='ocrx_word' id='word_1_206' title='bbox 756 3531 977 3614; x_wconf 90' lang='lat' dir='ltr'>publicationi</span> <span class='ocrx_word' id='word_1_207' title='bbox 993 3530 1068 3595; x_wconf 92' lang='lat' dir='ltr'>libri</span> <span class='ocrx_word' id='word_1_208' title='bbox 1084 3530 1220 3595; x_wconf 88' lang='lat' dir='ltr'>obstare</span> 
     </span>
     <span class='ocr_line' id='line_1_31' title="bbox 105 3631 1219 3718; baseline 0.002 -22"><span class='ocrx_word' id='word_1_209' title='bbox 105 3632 283 3711; x_wconf 87' lang='lat' dir='ltr'>videbitur,</span> <span class='ocrx_word' id='word_1_210' title='bbox 308 3631 517 3713; x_wconf 88' lang='lat' dir='ltr'>Ordinarius,</span> <span class='ocrx_word' id='word_1_211' title='bbox 541 3636 575 3698; x_wconf 89' lang='lat' dir='ltr'>in</span> <span class='ocrx_word' id='word_1_212' title='bbox 600 3635 733 3718; x_wconf 91' lang='lat' dir='ltr'>scriptis</span> <span class='ocrx_word' id='word_1_213' title='bbox 758 3645 792 3698; x_wconf 89' lang='lat' dir='ltr'>et</span> <span class='ocrx_word' id='word_1_214' title='bbox 826 3636 966 3698; x_wconf 91' lang='lat' dir='ltr'>omnino</span> <span class='ocrx_word' id='word_1_215' title='bbox 999 3636 1103 3717; x_wconf 91' lang='lat' dir='ltr'>gratis</span> <span class='ocrx_word' id='word_1_216' title='bbox 1130 3635 1219 3698; x_wconf 91' lang='lat' dir='ltr'>illius</span> 
     </span>
     <span class='ocr_line' id='line_1_32' title="bbox 105 3735 1219 3823; baseline 0.003 -24"><span class='ocrx_word' id='word_1_217' title='bbox 105 3735 301 3818; x_wconf 87' lang='lat' dir='ltr'>publicandi</span> <span class='ocrx_word' id='word_1_218' title='bbox 317 3737 499 3816; x_wconf 90' lang='lat' dir='ltr'>licentiam,</span> <span class='ocrx_word' id='word_1_219' title='bbox 514 3738 548 3802; x_wconf 92' lang='lat' dir='ltr'>in</span> <span class='ocrx_word' id='word_1_220' title='bbox 572 3739 739 3822; x_wconf 91' lang='lat' dir='ltr'>principio</span> <span class='ocrx_word' id='word_1_221' title='bbox 754 3740 806 3803; x_wconf 88' lang='lat' dir='ltr'>vel</span> <span class='ocrx_word' id='word_1_222' title='bbox 824 3740 857 3802; x_wconf 95' lang='lat' dir='ltr'>in</span> <span class='ocrx_word' id='word_1_223' title='bbox 875 3737 941 3802; x_wconf 87' lang='lat' dir='ltr'>fine</span> <span class='ocrx_word' id='word_1_224' title='bbox 965 3739 1078 3823; x_wconf 90' lang='lat' dir='ltr'>operis</span> <span class='ocrx_word' id='word_1_225' title='bbox 1105 3739 1219 3822; x_wconf 88' lang='lat' dir='ltr'>impri-</span> 
     </span>
     <span class='ocr_line' id='line_1_33' title="bbox 107 3835 607 3919; baseline 0.008 -15"><span class='ocrx_word' id='word_1_226' title='bbox 107 3835 275 3919; x_wconf 87' lang='lat' dir='ltr'>mendam,</span> <span class='ocrx_word' id='word_1_227' title='bbox 291 3843 419 3906; x_wconf 90' lang='lat' dir='ltr'>auctori</span> <span class='ocrx_word' id='word_1_228' title='bbox 435 3843 607 3908; x_wconf 91' lang='lat' dir='ltr'>concedat.</span> 
     </span>
    </p>
   </div>
   <div class='ocr_carea' id='block_1_6' title="bbox 555 4007 774 4073">
    <p class='ocr_par' dir='ltr' id='par_1_10' title="bbox 555 4007 774 4073">
     <span class='ocr_line' id='line_1_34' title="bbox 555 4007 774 4073; baseline 0.005 -1"><span class='ocrx_word' id='word_1_229' title='bbox 555 4007 683 4072; x_wconf 74' lang='lat' dir='ltr'>Carus</span> <span class='ocrx_word' id='word_1_230' title='bbox 708 4010 774 4073; x_wconf 89' lang='lat'>111.</span> 
     </span>
    </p>
   </div>
   <div class='ocr_carea' id='block_1_7' title="bbox 296 4168 1031 4252">
    <p class='ocr_par' dir='ltr' id='par_1_11' title="bbox 296 4168 1031 4252">
     <span class='ocr_line' id='line_1_35' title="bbox 296 4168 1031 4252; baseline 0.011 -21"><span class='ocrx_word' id='word_1_231' title='bbox 296 4169 350 4232; x_wconf 82' lang='lat' dir='ltr'>De</span> <span class='ocrx_word' id='word_1_232' title='bbox 363 4168 460 4233; x_wconf 81' lang='lat' dir='ltr'>libris</span> <span class='ocrx_word' id='word_1_233' title='bbox 466 4169 626 4252; x_wconf 79' lang='lat' dir='ltr'>praeviae</span> <span class='ocrx_word' id='word_1_234' title='bbox 645 4193 798 4236; x_wconf 85' lang='lat' dir='ltr'>censurae</span> <span class='ocrx_word' id='word_1_235' title='bbox 814 4173 1031 4240; x_wconf 80' lang='lat' dir='ltr'>subiiciendis.</span> 
     </span>
    </p>
   </div>
   <div class='ocr_carea' id='block_1_8' title="bbox 150 4330 1218 4418">
    <p class='ocr_par' dir='ltr' id='par_1_12' title="bbox 150 4330 1218 4418">
     <span class='ocr_line' id='line_1_36' title="bbox 150 4330 1218 4418; baseline 0.008 -22"><span class='ocrx_word' id='word_1_236' title='bbox 150 4349 203 4413; x_wconf 88' lang='lat'>41.</span> <span class='ocrx_word' id='word_1_237' title='bbox 228 4330 357 4397; x_wconf 90' lang='lat' dir='ltr'>Omnes</span> <span class='ocrx_word' id='word_1_238' title='bbox 382 4330 497 4396; x_wconf 86' lang='lat' dir='ltr'>fideles</span> <span class='ocrx_word' id='word_1_239' title='bbox 524 4342 679 4398; x_wconf 87' lang='lat' dir='ltr'>tenentur</span> <span class='ocrx_word' id='word_1_240' title='bbox 704 4336 859 4418; x_wconf 88' lang='lat' dir='ltr'>praeviae</span> <span class='ocrx_word' id='word_1_241' title='bbox 881 4357 1041 4404; x_wconf 86' lang='lat' dir='ltr'>censurae</span> <span class='ocrx_word' id='word_1_242' title='bbox 1065 4340 1218 4405; x_wconf 89' lang='lat' dir='ltr'>ecclesia-</span> 
     </span>
    </p>
   </div>
   <div class='ocr_carea' id='block_1_9' title="bbox 0 0 1564 4859">
    <p class='ocr_par' dir='ltr' id='par_1_13' title="bbox 0 0 1564 4859">
     <span class='ocr_line' id='line_1_37' title="bbox 0 0 1564 4859; baseline 0 1"><span class='ocrx_word' id='word_1_243' title='bbox 0 0 1564 4859; x_wconf 95' lang='lat' dir='ltr'> </span> 
     </span>
    </p>
   </div>
  </div>
 </body>
</html>
