3117 4859
431 372 482 421 os
509 374 630 426 nauus
658 376 831 425 crumas.
1120 378 1186 449 175

90 525 277 603 animorum,
292 526 349 607 qui
367 526 445 591 lessi
461 528 609 591 dissidiis
625 527 668 591 ad
686 548 805 609 pacem
823 528 994 593 inclinant.
1016 526 1130 610 Quare
1146 548 1189 592 ne

89 628 118 690 id
143 627 271 692 eveniat
298 630 332 691 in
360 650 428 711 quo
455 632 529 713 ipsa
555 630 686 695 Galliae
714 630 805 694 salus
820 631 886 694 sita
909 641 969 708 est,
985 643 1188 716 praeoptant

89 732 218 795 invicem
244 731 387 797 distrahi
420 733 658 796 dissentientes
683 730 769 795 filios
796 732 943 796 familiae
966 735 1126 811 eiusdem,
1148 757 1187 800 ac

88 836 258 900 fraternum
275 846 444 900 certamen
462 838 589 901 diutius
606 837 742 919 perduci
755 857 832 900 cum
849 837 980 920 ingenti
1003 839 1131 919 patriae
1154 849 1188 903 et

88 938 246 1022 religionis
259 940 414 1022 pernicie.

125 1042 287 1125 Equidem
303 1041 386 1124 quid
403 1042 517 1107 animo
532 1043 778 1106 intenderimus
790 1062 896 1125 quum
913 1045 1060 1108 amicum
1076 1054 1186 1126 pater·
1248 1062 1364 1176 {apeme

1142 1152 1184 1215 ad
1211 1142 1235 1175 86
1275 1136 1296 1175 8!
1320 1141 1365 1175 ra?

87 1167 220 1229 numque
236 1147 433 1230 alloquium,
448 1166 544 1211 sacro
560 1166 751 1230 congruens
769 1147 956 1211 ministerio
979 1148 1118 1227 Nostro,
1211 1192 1360 1256 depraesen-

87 1247 227 1329 gallicam
244 1256 381 1333 gentem
407 1252 644 1329 convertimus,
671 1250 796 1313 nemini
822 1250 890 1315 iam
916 1250 1097 1316 obscurum
1114 1273 1186 1319 esse
1211 1259 1235 1305 n·
1247 1258 1346 1334 qaum

87 1362 185 1433 potest
199 1354 252 1418 vel
269 1375 402 1436 anceps.
420 1355 588 1418 Diuturna
604 1353 815 1435 experientia
831 1355 1007 1435 perspicue
1023 1356 1184 1421 docuerat
1210 1339 1365 1437 {if-,iffa

87 1478 199 1536 omnes,
222 1467 350 1523 statum
374 1460 519 1523 civitatis
545 1459 592 1523 ita
620 1458 695 1522 istic
722 1459 951 1536 immutatum,
980 1470 1017 1523 ut
1040 1460 1074 1523 in
1091 1481 1185 1541 prae·
1210 1455 1340 1568 {mm}

86 1560 159 1624 senti
174 1581 283 1625 rerum
294 1562 489 1626 conditione
504 1563 594 1625 haud
605 1571 720 1644 posset
736 1562 809 1625 sine
821 1565 914 1645 gravi
932 1563 1185 1645 perturbatione
1209 1535 1361 1647 13:225}

85 1666 121 1727 ad
136 1666 308 1747 pristinam
326 1666 469 1731 sormam
488 1666 615 1731 reverti.
634 1665 811 1731 Catholica
824 1667 951 1749 religio,
959 1688 1062 1749 quam
1077 1668 1184 1741 multi,
1208 1650 1360 1764 {ffl'ffn'

86 1766 153 1831 licet
175 1770 354 1845 immerito,
381 1771 625 1834 existimabant
652 1770 765 1833 fovere
792 1772 953 1835 intestina
978 1773 1127 1851 dissidia,
1149 1775 1182 1837 in
1209 1780 1278 1857 quor
1287 1782 1333 1830 Ec-

85 1891 239 1937 summum
256 1874 441 1939 vocabatur
456 1875 634 1937 discrimen
649 1895 656 1951 ;
673 1875 911 1939 vexationibus
929 1877 961 1939 in
978 1876 1052 1940 dies
1076 1877 1181 1940 acrio·
1208 1848 1360 1961 {mm

87 1975 163 2038 ribus
178 1978 332 2042 obnoxia
349 1976 451 2043 fiebat
468 1978 630 2043 Ecclesia.
649 1979 746 2042 Haec
773 1978 873 2061 plane
899 1990 994 2043 erant
1017 1981 1181 2046 eiusmodi
1209 1978 1350 2090 mmm·

86 2100 159 2160 quae
174 2086 345 2149 nerninem
372 2084 476 2149 latere
503 2095 649 2165 possent.
679 2085 834 2147 Iamvero
850 2084 884 2147 in
900 2104 940 2148 ea
957 2105 1068 2149 rerum
1084 2106 1181 2169 aspe·
1208 2050 1335 2169 iliram]

87 2184 179 2264 ritate,
194 2188 278 2267 Nos,
294 2209 436 2271 quorum
461 2200 512 2252 est
539 2189 710 2271 religionis
737 2209 888 2253 summas
913 2190 999 2253 tueri
1026 2192 1181 2269 rationes,
1206 2173 1342 2287 ζξζζζξβὺ·

86 2291 137 2351 etsi
151 2292 248 2373 plane
264 2296 423 2357 sciremus
440 2295 565 2358 nemini
590 2295 715 2376 absque
731 2296 921 2357 temeritate
937 2294 986 2357 fas
1003 2314 1075 2358 esse
1091 2315 1182 2359 coer·
1302 2275 1308 2288 ⁶

87 2410 148 2455 cere
161 2393 283 2460 finibus
299 2397 467 2460 actionem
485 2397 716 2479 providentiae
745 2396 810 2460 Dei
833 2398 866 2460 in
885 2395 1012 2460 futuras
1028 2397 1180 2479 gentium

86 2508 261 2576 sortes,nec
279 2500 387 2565 Nobis
403 2502 436 2563 in
463 2511 575 2565 mente
603 2501 700 2564 suerit
728 2502 851 2565 civium
881 2500 1015 2565 laedere
1041 2502 1181 2566 intimos

85 2602 173 2667 animi
188 2625 317 2684 sensus,
332 2608 454 2689 quibus
470 2606 664 2669 adhibenda
681 2608 869 2671 reverentia
888 2615 962 2684 est;
979 2608 1050 2688 pati
1066 2615 1180 2671 tamen

85 2707 293 2788 nequivimus,
320 2719 357 2773 ut
382 2710 531 2792 quidam,
562 2710 707 2791 partium
734 2710 850 2773 studio
876 2710 981 2787 ducti,
1012 2711 1181 2793 religionis

85 2812 182 2889 specie
196 2816 292 2896 quasi
309 2814 428 2895 clypeo
444 2822 627 2890 uterentur,
640 2833 707 2895 quo
724 2813 830 2877 tutius
846 2813 1002 2895 publicae
1019 2813 1180 2895 potestati

85 2912 195 2979 iamdiu
221 2917 428 2981 constitutae
450 2918 653 2981 obsisterent
672 2940 679 2979 :
706 2937 750 2979 ex
767 2936 835 2999 quo
851 2917 1040 2981 obsistendi
1057 2927 1180 2980 conatu

86 3018 182 3084 nullus
197 3022 335 3104 quidem
363 3031 435 3086 erat
460 3022 694 3103 expectandus
717 3022 873 3085 utilitatis
898 3021 1036 3098 fructus,
1062 3022 1181 3103 ingens

85 3120 143 3187 imo
156 3126 324 3209 religionis
339 3126 591 3189 detrimentum.
616 3124 728 3207 Quare
745 3146 787 3189 eo
802 3135 1005 3208 spectantes,
1021 3137 1120 3209 prout
1134 3127 1180 3189 rei
1208 3122 1362 3237 elafii&

84 3224 215 3309 dignitas
231 3230 403 3313 poscebat,
419 3248 461 3291 ne
485 3228 602 3310 religio
626 3237 771 3309 augusta
798 3228 1038 3292 certaminibus
1063 3228 1180 3291 misce·
1208 3253 1347 3302 mam'scel-

85 3338 159 3391 retur
174 3333 398 3396 humanarum
415 3332 640 3412 cupiditatum
654 3331 705 3395 vel
724 3331 816 3394 tricis
832 3330 1007 3394 fallacibus
1024 3330 1181 3413 politicae
1206 3334 1350 3432 22ἶῖιί

84 3434 215 3513 rationis,
230 3436 290 3499 sed
307 3435 406 3499 rebus
421 3434 588 3511 omnibus,
616 3435 665 3497 uti
689 3454 749 3515 par
774 3444 856 3511 erat,
872 3434 991 3498 celsius
1009 3436 1182 3509 emineret,
1350 3420 1357 3433 ’

85 3538 191 3615 probos
220 3540 446 3621 cordatosque
482 3540 571 3602 cives
605 3538 744 3621 gallicos
775 3558 894 3603 omnes
926 3539 1181 3622 appellavimus,

86 3646 260 3724 suadentes,
284 3656 321 3711 ut
344 3646 490 3709 civitatis
531 3654 667 3721 statum,
695 3654 795 3727 prout
827 3647 1033 3710 constitutus
1063 3647 1181 3723 iuerat,
1226 3716 1231 3727 ,
1276 3650 1359 3727 Ετςῐς-

85 3759 289 3827 agnoscerent
304 3770 344 3814 ac
359 3769 421 3832 pro
437 3748 503 3813 fide
527 3768 588 3811 sua
610 3750 801 3826 retinerent,
817 3759 1035 3833 veterumque
1057 3750 1178 3834 iurgio·
1206 3723 1359 3830 ἷζῗῗξξζ’””

86 3866 145 3913 rum
161 3854 254 3917 obliti
271 3853 514 3917 contenderent
542 3862 579 3915 ut
605 3851 732 3915 iustitia
749 3861 781 3916 et
806 3854 960 3935 aequitas
986 3867 1180 3936 praeessent
1208 3847 1333 3959 ‘’Wils‘q

87 3948 208 4032 legibus,
223 3955 339 4018 debita
355 3952 528 4017 Ecclesiae
545 3952 741 4017 redderetur
756 3954 972 4018 observantia
985 3964 1020 4019 et
1035 3955 1181 4033 libertas,
1194 3927 1281 3991 'consu
1292 3928 1342 3963 us.

86 4061 173 4136 atque
202 4058 258 4135 ita,
280 4058 401 4122 studiis
431 4057 571 4134 collatis,
599 4058 814 4139 prosperitati
838 4062 1028 4124 communis
1051 4062 1180 4144 patriae

87 4162 288 4227 consulerent
306 4160 422 4244 Quum
439 4161 523 4226 haec
538 4162 625 4225 ratio
641 4162 770 4225 consilii
794 4163 837 4226 sit
853 4173 886 4228 et
912 4164 1036 4248 incepti
1053 4165 1180 4242 Nostri,
1247 4206 1358 4269 sm„

88 4262 228 4328 miserum
244 4266 342 4329 simul
359 4275 393 4330 et
409 4265 592 4329 absurdum
609 4274 661 4328 est
676 4271 795 4328 extare
811 4265 1035 4347 aliquem,qui
1050 4268 1179 4331 iactans
1245 4271 1310 4321 tiam
1322 4287 1360 4319 eo-

89 4366 232 4432 maiorem
249 4370 311 4433 sibi
327 4389 428 4452 quam
454 4368 562 4433 Nobis
588 4388 702 4433 curam
730 4388 803 4432 esse
830 4369 1012 4448 Ecclesiae,
1039 4372 1090 4434 ius
1113 4371 1178 4434 sibi
1206 4351 1360 4464 {2222st
