3117 4859
418 378 470 429 DE
498 376 661 430 ROSARIO
687 379 860 430 MARlALl.
1151 380 1194 449 13

91 530 181 598 rimis
204 539 237 595 et
253 529 430 594 incolumis
447 526 538 593 fides.
552 527 685 593 Similia
698 528 805 594 multa
814 530 904 613 apud
915 550 1066 615 quasque
1076 538 1195 614 gentes
1260 554 1332 639 53!

93 634 145 701 vel
153 633 291 718 depulsa
299 632 448 716 pericula
463 633 514 697 vel
532 630 696 696 beneficia
712 633 903 716 impetrata,
918 635 1001 698 satis
1012 643 1196 718 pervagata
1259 628 1334 712 1891]

91 747 176 817 sunt,
191 756 277 821 quae
295 746 392 801 vetus
414 756 521 820 aeque
548 756 731 819 recensque
758 736 898 802 historia
922 736 1195 804 luculentissimis

91 842 288 911 testimoniis
297 852 549 907 commemorat.
560 879 604 891 -
617 841 655 905 ld
669 861 805 925 quoque
817 840 947 905 illustre
958 854 1193 925 argumentum
1268 860 1375 910 Rosarii·

92 948 228 1025 accedit,
242 947 540 1031 quemadmodum,
554 948 670 1010 statim
687 948 731 1012 ab
747 947 904 1011 instituta
926 947 1059 1012 Rosarii
1087 968 1195 1032 prece,
1220 927 1375 1053 mom

90 1053 157 1117 eius
182 1050 310 1135 passim
336 1050 427 1132 apud
451 1068 569 1115 omnes
595 1049 719 1114 civium
746 1051 883 1114 ordines
906 1061 1066 1134 usurpata
1096 1052 1140 1115 sit
1160 1065 1193 1116 et
1221 1056 1336 1135 imus

90 1158 298 1240 frequentata
313 1154 530 1219 consuetudo.
547 1152 731 1218 Enimvero
754 1154 889 1220 divinae
906 1155 1019 1233 Matri,
1036 1176 1122 1239 quae
1143 1167 1196 1222 tot
1220 1124 1375 1239 {cmx

89 1260 255 1342 tantisque
286 1256 442 1330 laudibus
472 1275 539 1321 una
569 1257 721 1321 omnium
750 1256 1071 1341 praecellentissima
1099 1262 1195 1338 nitet,
1221 1261 1373 1368 ’443ιέ-

88 1364 200 1448 religio
214 1355 388 1427 christiani
399 1360 515 1444 populi
531 1360 637 1426 titulis
653 1362 791 1446 quidem
808 1362 996 1445 insignibus
1017 1365 1195 1447 modisque
1220 1334 1263 1435 ἴ
1268 1385 1308 1434 M.
1318 1334 1375 1433 Virl

92 1467 200 1532 multis
214 1466 320 1556 habet
334 1465 497 1529 honorem
513 1489 520 1528 :
535 1464 624 1528 hunc
641 1473 756 1530 tamen
773 1465 908 1530 Rosarii
932 1465 1078 1545 titulum,
1105 1469 1193 1534 hunc
1216 1450 1376 1565 ffisffif

92 1572 225 1637 modum
250 1568 381 1647 orandi,
406 1568 439 1631 in
467 1588 536 1651 quo
561 1578 736 1652 tamquam
763 1567 841 1633 fidei
859 1579 985 1635 tessera
1010 1580 1045 1636 et
1060 1592 1194 1637 summa
1220 1587 1273 1632 tur.

89 1677 187 1741 debiti
199 1674 230 1738 ei
245 1671 357 1737 cultus
373 1673 482 1737 inesse
496 1673 636 1750 videtur,
646 1692 778 1755 semper
793 1675 966 1739 adamavit
982 1675 1196 1760 singulariter

92 1798 193 1863 eoque
209 1777 367 1861 privatim
384 1784 418 1839 et
433 1775 574 1858 publice,
587 1777 620 1839 in
637 1777 741 1841 domo
757 1786 792 1840 et
808 1776 944 1855 familia,
958 1781 1195 1847 sodalitatibus

89 1881 285 1957 constitutis,
312 1878 473 1943 altaribus
500 1880 673 1957 dedicatis,
707 1881 945 1945 circumductis
976 1886 1119 1966 pompis,
1136 1907 1196 1951 usa

87 1990 262 2076 praecipue
278 1996 339 2063 est,
349 1995 429 2063 rata,
445 1986 538 2051 nullo
552 2006 588 2050 se
603 2007 703 2069 posse
731 1988 869 2053 meliore
896 2000 997 2071 pacto
1020 1992 1124 2073 ipsius
1142 1993 1195 2057 vel

89 2113 178 2159 sacra
194 2089 372 2157 sollemnia
386 2110 505 2155 ornare
520 2090 572 2154 vel
589 2091 815 2173 patrocinium
832 2100 866 2156 et
881 2093 1007 2175 gratias
1022 2096 1195 2163 demereri.

131 2198 251 2282 Neque
266 2194 349 2259 illud
363 2196 497 2260 silentio
509 2197 859 2277 praetermittendum,
881 2200 972 2282 quod
990 2200 1194 2284 singularem
1232 2220 1382 2296 Siquando.

91 2303 270 2387 quamdam
285 2300 454 2366 Dominae
466 2310 601 2363 nostrae
610 2300 859 2384 providentiam
872 2303 905 2364 in
921 2302 1029 2369 haere
1041 2305 1196 2374 illustrat.
1221 2286 1319 2402 πέριξ)
1337 2287 1377 2403 ᾖξ’

88 2408 229 2489 Nempe,
252 2423 368 2488 quum,
391 2404 612 2468 diuturnitate
632 2406 805 2489 temporis,
831 2407 981 2472 studium
1010 2409 1144 2490 pietatis
1161 2413 1195 2475 in
1222 2418 1339 2468 mam

88 2511 242 2595 quapiam
272 2517 374 2592 genre
400 2506 606 2571 deferbuisse
632 2510 740 2572 visum
769 2517 821 2572 est
848 2518 881 2573 et
899 2511 1050 2575 nonnihil
1074 2515 1195 2579 dehac
1214 2482 1352 2608 wlf„

88 2616 157 2697 ipsa
188 2611 347 2695 precandi
378 2611 621 2675 consuetudine
653 2631 726 2676 esse
761 2613 947 2693 remissum,
978 2636 1080 2697 quam
1114 2620 1197 2683 mire
1216 2620 1326 2690 gryme

87 2725 212 2803 postea,
227 2715 297 2779 sive
313 2735 349 2779 re
364 2714 498 2797 publica
514 2716 546 2777 in
564 2714 820 2780 formidolosum
838 2718 1017 2783 discrimen
1041 2722 1197 2801 adducta,
1220 2679 1358 2804 miq-

88 2822 156 2885 sive
186 2838 252 2902 qua
282 2816 481 2880 necessitate
508 2826 691 2899 premente,
723 2818 857 2884 Rosarii
885 2820 1088 2901 institutum,
1117 2845 1196 2906 prae
1214 2809 1350 2925 {52ss³ss

89 2926 205 2991 ceteris
231 2922 402 3005 religionis
428 2922 573 3000 auxiliis,
610 2924 848 2988 communibus
878 2926 966 2988 votis
1002 2936 1196 2991 revocatum
1222 2948 1368 3017 canumet,

92 3039 192 3113 atque
203 3026 235 3091 io
252 3046 351 3091 suum
366 3026 504 3090 honoris
520 3025 630 3090 locum
648 3028 842 3092 restitutum
866 3038 918 3092 est
933 3027 1069 3111 lateque
1085 3050 1198 3095 rursus
1222 3012 1373 3134 {QZ}

91 3134 194 3217 viguit
221 3131 375 3195 salutare.
402 3130 484 3195 Eius
511 3130 557 3195 rei
584 3131 744 3213 exempla
773 3131 855 3196 nihii
879 3152 965 3215 opus
981 3156 1001 3196 a
1017 3136 1197 3217 praeterita
1222 3137 1360 3196 muereesr,

90 3245 199 3303 aetate
208 3236 340 3319 petisse,
350 3235 557 3315 praeclarum
568 3236 632 3300 hac
645 3247 760 3301 nostra
770 3236 804 3301 in
815 3246 974 3319 promptu
985 3238 1197 3305 habentibus.
1213 3218 1375 3331 J'ld'afflum

93 3340 166 3406 Hac
183 3358 328 3421 namque
344 3348 464 3416 aetate,
479 3359 576 3421 quae,
592 3340 641 3403 uti
657 3339 823 3422 principio
848 3341 1051 3417 monuimus,
1075 3344 1195 3407 acerba
1220 3333 1347 3447 ‘Bima

91 3444 174 3508 adeo
185 3439 357 3505 Ecclesiae
369 3449 428 3517 est,
439 3441 547 3506 Nobis
564 3444 739 3521 autem,ad
750 3442 979 3525 gubernacula
989 3445 1060 3509 eius
1081 3446 1197 3510 divino
1221 3463 1356 3528 triumphi.

92 3544 231 3611 consilio
243 3544 450 3622 sedentibus,
464 3546 688 3622 acerbissima,
705 3556 857 3628 spectare
881 3556 914 3611 et
938 3549 1096 3613 admirari
1120 3551 1197 3616 licet

93 3670 191 3733 quam
214 3650 332 3714 erectis
360 3649 570 3733 incensisque
596 3652 726 3743 studiis,
751 3653 786 3715 in
813 3652 907 3715 omni
935 3652 1009 3717 loco
1034 3663 1068 3718 et
1095 3665 1197 3737 gente

92 3752 244 3819 catholici
260 3755 417 3831 nominis,
433 3754 571 3819 mariale
587 3755 767 3820 Rosarium
785 3756 915 3820 colatur
940 3766 973 3820 et
989 3752 1196 3825 celebretur:

94 3857 181 3941 quod
197 3857 275 3921 iacti
291 3854 398 3939 quum'
410 3858 485 3920 Deo
496 3858 615 3938 verius,
627 3859 816 3925 moderanti
830 3860 1012 3943 agentique
1033 3862 1198 3940 homines,

93 3980 192 4045 quarn
208 3961 266 4026 ulli
280 3962 457 4025 hominurn
474 3962 671 4045 prudentiae
687 3972 721 4029 et
738 3964 880 4029 navitati
892 3974 981 4029 recte
994 3966 1037 4031 sit
1048 3968 1195 4031 tribuen-

94 4065 183 4143 dum,
197 4066 346 4130 animum
363 4065 526 4130 Nostrum
537 4067 721 4132 admodum
738 4068 868 4133 solatur
883 4077 917 4133 ct
933 4068 1047 4146 reficit,
1058 4091 1196 4154 magna·

95 4188 157 4253 quc
171 4168 319 4253 complet
335 4167 456 4234 fiducia
471 4171 513 4235 de
529 4172 730 4237 renovandis
747 4172 920 4237 Ecclesiae
936 4172 1197 4254 amplificandis·

99 4291 170 4356 que,
184 4272 319 4356 auspice
335 4272 453 4351 Maria,
469 4275 656 4359 triumphis.

140 4376 225 4444 Sunt
240 4386 354 4443 autem
378 4380 435 4462 qui
460 4378 543 4444 haec
558 4381 631 4465 ipsa
647 4402 666 4445 a
682 4380 793 4445 Nobis
809 4389 1074 4447 commemorata
1089 4384 1195 4464 probe
