3117 4859
358 301 423 392 138
459 325 650 376 crrrnnne
669 325 926 376 neosronrcne
951 309 973 340 ‘⁸
993 324 1242 376 romanorun
1269 324 1417 379 nonne.
1434 301 1455 330 ''

229 483 262 554 ες,
272 497 326 528 vm
351 487 395 530 ex
411 468 474 531 hac
490 470 558 532 vita
581 479 808 534 excesserunt
827 471 898 534 Illis
914 479 1039 546 autem,
1053 471 1119 554 qui,
1134 469 1230 534 domi
1244 467 1381 545 detenti,
1399 489 1460 551 per

205 544 326 654 ⁹¹22?
351 567 434 634 alios
450 591 518 634 ase
534 572 663 648 missos,
677 571 729 636 vel
745 592 806 655 per
821 572 1062 656 eleemosynas,
1076 573 1129 636 vel
1141 573 1210 636 alio
1226 573 1330 636 modo
1342 569 1459 634 suffra·

171 663 327 781 mm
352 674 421 754 gati
438 673 559 739 suerint
582 673 719 740 cuilibet
734 694 754 738 e
769 676 1095 759 peregrinationibus
1111 677 1317 752 memoratis,
1337 685 1374 739 et
1395 674 1460 737 ntis

176 781 328 900 &2522
351 779 452 842 etiam
469 778 526 861 qui
543 779 661 862 spiritu
684 781 789 846 iuncti
805 801 881 846 cum
899 781 1192 866 peregrinantibus
1219 781 1283 845 sibi
1309 781 1461 844 indicant

188 899 325 970 nentejvn-
351 882 496 965 aliquem
514 881 784 949 mortificationis
807 897 865 951 aut
890 887 1025 972 pietatis
1049 897 1163 951 actum
1187 884 1342 970 quotidie
1364 904 1462 948 exer-

171 960 326 1079 “ldm-
350 986 506 1065 cendum,
521 995 673 1071 tempore
688 1009 757 1071 quo
773 993 960 1074 respectiva
976 991 1203 1076 peregrinatio
1221 987 1463 1072 perduraverit,

173 1075 328 1183 mim,
351 1107 475 1171 nempe
486 1089 727 1155 abstinentiam
739 1091 1026 1176 aliquam,Missae
1035 1092 1461 1170 auditionem,exercitium

172 1256 203 1300 da
227 1199 325 1243 iwan·
351 1193 438 1256 Viae
454 1193 580 1273 Crucis,
595 1195 829 1260 recitationem
857 1197 1000 1275 Rosarii,
1015 1198 1069 1262 vel
1095 1207 1226 1281 septem
1251 1196 1462 1279 psalmorum

206 1271 235 1301 Μ’
352 1299 654 1380 poenitentialium,
684 1311 740 1364 aut
764 1300 906 1366 alicuius
931 1323 949 1367 e
976 1303 1087 1386 parvis
1111 1302 1229 1367 officiis
1255 1299 1463 1384 approbatis,

350 1403 535 1486 plenariam
552 1401 799 1488 indulgentiam
816 1408 1035 1472 concedimus
1051 1408 1247 1472 lucrandam
1259 1407 1302 1470 ad
1327 1404 1462 1469 libitum

350 1526 418 1570 uno
449 1527 467 1570 e
496 1507 613 1571 diebus
647 1508 740 1572 festis
769 1511 915 1574 durante
945 1513 1150 1594 respectivae
1181 1509 1463 1593 peregrinationis

183 1627 325 1698 nonninus
349 1611 461 1692 spatio
487 1613 748 1676 occurrentibus.
772 1613 852 1696 Quo
876 1634 955 1679 vero
979 1615 1170 1679 consultum
1197 1615 1242 1678 sit
1266 1614 1460 1677 earumdem

172 1688 324 1806 212less
351 1715 659 1797 peregrinationum
677 1718 832 1798 tempori,
848 1719 1066 1784 concedimus
1082 1729 1120 1783 ut
1141 1715 1295 1802 quotidie
1317 1717 1351 1780 in
1376 1718 1462 1792 navi,

194 1808 327 1911 Ἕξζξῖζ]
351 1821 490 1883 servatis
506 1820 688 1897 servandis,
712 1842 843 1885 sacrum
869 1820 937 1885 lieri
961 1823 1078 1905 possit,
1100 1832 1135 1886 et
1156 1842 1252 1885 sacra
1267 1819 1460 1904 petentibus

171 1929 328 1994 &struendas
352 1925 547 1986 communio
562 1924 724 1988 distribui.
743 1925 953 1989 Potestatem
969 1927 1095 2008 pariter
1106 1925 1246 1989 iacimus
1256 1924 1459 1988 moderatori

175 1999 257 2030 mm
352 2048 413 2110 pro
437 2037 589 2110 tempore
615 2029 779 2110 cuiusque
804 2029 1084 2112 peregrinationis
1108 2029 1142 2093 in
1167 2037 1339 2111 posterum
1364 2047 1458 2109 pera·

351 2132 483 2214 gendae
499 2141 532 2194 et
548 2131 677 2213 aliquot
696 2133 927 2197 sacerdotibus
950 2134 994 2198 ad
1011 2131 1459 2216 consessiones-approbatis,

351 2237 395 2298 ab
410 2237 530 2298 eodem
556 2235 784 2318 designandis,
807 2238 1000 2319 excipiendi
1018 2237 1305 2320 peregrinantium
1331 2234 1458 2300 contes-

351 2340 471 2404 siones.
498 2339 561 2402 Pro
585 2339 780 2404 mulieribus
805 2352 931 2419 tamen,
950 2353 1098 2424 excepto
1122 2360 1300 2424 aegrarum
1324 2340 1456 2404 decum-

350 2443 501 2506 bentium
516 2465 605 2522 casu,
621 2444 776 2508 volumus
793 2445 957 2522 adhiberi,
973 2455 1010 2509 ut
1026 2447 1060 2509 in
1077 2446 1222 2522 exedris,
1236 2451 1320 2526 apto
1335 2444 1370 2506 in
1385 2443 1456 2506 loco

350 2547 541 2630 ponendam
558 2559 694 2624 cratem,
709 2568 796 2631 quae
811 2549 1021 2613 sacerdotem
1038 2570 1058 2612 a
1081 2550 1279 2632 poenitente
1294 2549 1455 2628 seiungat.

350 2649 395 2714 Et
412 2669 453 2712 ne
470 2653 722 2734 peregrinantes
737 2661 876 2716 careant
891 2651 1055 2717 beneficio
1072 2653 1225 2716 exercitii
1242 2651 1332 2716 Viae
1343 2651 1454 2716 Crucis

349 2765 422 2818 tum
438 2756 471 2818 in
499 2757 586 2831 navi,
602 2766 674 2819 turn
700 2755 757 2819 ubi
784 2755 842 2818 illa
867 2774 933 2819 non
961 2757 1125 2820 habeatur
1148 2756 1315 2820 canonice
1338 2765 1456 2829 erecta,

350 2859 567 2924 concedimus
579 2858 689 2940 utipsi
700 2859 819 2923 lucrari
832 2859 967 2926 valeant
977 2860 1208 2943 indulgentias
1220 2879 1340 2924 omnes
1351 2860 1455 2923 eidem

352 2963 514 3027 exercitio
530 2965 692 3040 adnexas,
708 2963 735 3026 si
761 2962 844 3027 illud
860 2963 986 3028 obeant
1007 2985 1120 3028 coram
1142 2964 1294 3046 praelata
1315 2961 1457 3027 vectibill

235 3077 275 3122 vn
287 3076 329 3122 un·
354 3067 469 3132 Cruce.
486 3066 600 3149 Quum
617 3086 697 3130 vero
712 3067 755 3130 ad
781 3068 856 3130 loca
876 3077 993 3131 sancta
1008 3067 1230 3150 pervenerint,
1246 3067 1458 3150 indulgemus

177 3137 315 3254 ῗοῗῖῗῖξῖ
354 3173 651 3255 utperegrinantes
662 3171 752 3252 apud
764 3171 1270 3254 unumquodquesanctuarium
1282 3172 1375 3254 quod
1387 3171 1459 3233 visi-

178 3257 267 3302 ''mm'
353 3278 508 3355 taverint,
523 3297 580 3340 eas
596 3295 714 3340 omnes
737 3276 965 3359 indulgentias
992 3277 1124 3360 assequi
1145 3276 1291 3354 valeant,
1306 3295 1392 3358 quas
1414 3274 1458 3338 lu·

354 3385 475 3448 craturi
492 3383 600 3448 forent
620 3381 648 3446 si
673 3383 856 3464 praecipuo
878 3383 1030 3447 eiusdem
1052 3383 1232 3446 sanctuarii
1259 3382 1348 3449 festo
1363 3383 1460 3445 inter-

355 3497 477 3554 essent.
507 3487 655 3570 Quodsi
676 3484 817 3551 alicuius
841 3507 885 3549 ex
912 3487 953 3550 iis
979 3486 1178 3552 sanctuariis
1201 3487 1380 3568 angustiae
1402 3502 1461 3548 nec

354 3593 527 3657 universos
551 3589 693 3654 fortasse
720 3589 904 3653 admittant
925 3591 1129 3673 peregrinos,
1143 3610 1205 3653 nec
1228 3590 1343 3654 sinant
1357 3607 1461 3653 sacer·

354 3699 451 3761 dotes
474 3715 592 3759 omnes
616 3695 868 3776 peregrinantes
892 3694 937 3756 ibi
964 3715 1096 3758 sacrum
1121 3694 1238 3771 iacere,
1252 3694 1462 3758 decernimus

355 3813 391 3865 ut
422 3801 628 3883 respectivae
657 3797 938 3880 peregrinationis
962 3799 1155 3861 moderator
1180 3817 1250 3861 rem
1275 3809 1358 3879 agat
1387 3814 1461 3860 cum

356 3903 550 3968 Patriarcha
569 3901 893 3984 Hierosolymitano,
904 3900 968 3978 cui,
980 3903 1166 3965 dummodo
1182 3903 1333 3964 locorum
1347 3919 1463 3974 mores,

354 4016 388 4067 et
404 4005 590 4068 incolarum
605 4006 776 4086 ingenium
790 4006 893 4068 istaec
905 4007 989 4068 citra
1002 4004 1104 4068 ullam
1117 4002 1337 4070 offensionem
1350 3999 1462 4087 perfici

357 4109 539 4190 patiantur,
560 4108 764 4190 Apostolica
788 4109 914 4172 Nostra
936 4109 1146 4186 auctoritate,
1170 4109 1396 4190 praesentium
1419 4107 1462 4181 vi,

355 4211 550 4275 facultatem
564 4213 820 4287 committimus,
830 4213 1043 4296 impertiendi
1055 4213 1189 4276 veniam
1201 4235 1246 4277 ex
1259 4232 1325 4296 qua
1337 4211 1463 4276 llfissae

358 4315 420 4378 sub
436 4326 555 4396 aperto
571 4315 665 4377 caelo
683 4314 727 4376 ibi
745 4312 825 4392 fieri,
841 4318 980 4379 servatis
991 4314 1174 4393 servandis,
1182 4326 1317 4399 queant,
1326 4325 1362 4379 et
1369 4333 1463 4378 sacra
