3117 4859
290 366 341 415 DE
368 366 521 417 STUDIIS
549 364 785 417 SCRIPTURAE
812 364 965 415 SACRAE.
1112 355 1183 428 215

80 519 160 599 quis,
189 519 334 599 egregiis
361 519 531 600 operibus,
556 540 643 601 quae
671 519 775 582 nostri
806 517 942 581 abunde
973 514 1187 597 reliquerunt,
1252 507 1327 608 ,4¹08st

82 622 237 703 ignoratis
254 634 313 686 aut
329 623 508 705 despectis,
524 623 811 687 heterodoxorum
828 623 930 686 libros
947 627 1133 703 praeoptet,
1143 620 1187 683 ab
1256 618 1330 681 1893·
1362 628 1366 641 '

83 726 190 807 eisque
214 746 290 789 cum
317 728 486 809 praesenti
503 748 605 794 sanae
621 728 797 791 doctrinae
812 727 961 810 periculo
976 736 1011 789 et
1028 744 1093 787 non
1113 744 1187 786 raro
1213 732 1366 811 mitrata-

82 849 150 891 cum
168 829 375 893 detrimento
400 828 487 907 fidei,
512 831 775 913 explicationem
804 831 954 896 locorum
980 837 1128 911 quaerat,
1151 828 1185 890 in
1213 799 1323 928 {⁰25}ssssss

82 932 196 1014 quibus
212 933 369 997 catholici
387 934 520 1016 ingenia
538 946 571 998 et
582 934 713 997 labores
730 952 808 997 suos
826 934 1025 997 iamdudum
1042 930 1186 1012 optime·
1213 930 1316 1007 quoiast
1334 997 1339 1006 ,

83 1057 141 1118 que
156 1037 362 1102 collocarint.
380 1038 475 1102 Licet
490 1039 579 1101 enim
596 1038 881 1101 heterodoxorum
900 1036 1028 1111 studiis,
1043 1036 1187 1116 pruden·
1213 996 1366 1109 mnda-

84 1151 126 1202 ter
151 1142 322 1217 adhibitis,
346 1142 451 1204 iuvari
478 1141 646 1205 interdum
673 1144 777 1224 possit
801 1143 968 1222 interpres
995 1138 1188 1214 catholicus,
1212 1127 1366 1242 {Zfflfz

86 1240 269 1309 memirierit
280 1257 403 1323 tamen,
414 1266 457 1308 ex
470 1246 593 1308 crebris
603 1265 737 1326 quoquc
748 1253 900 1308 veterum
910 1241 1122 1307 documentis
1134 1240 1189 1321 (¹),
1214 1264 1323 1320 terpus:
1340 1266 1369 1307 ar

85 1351 306 1431 incorruptum
324 1370 491 1413 sacrarum
510 1349 713 1414 Litterarum
731 1369 865 1411 sensum
883 1356 983 1410 extra
999 1344 1187 1409 Ecclesiam
1214 1338 1364 1451 Ἄφνω

86 1455 273 1535 neutiquam
291 1454 435 1535 reperiri,
452 1474 561 1536 neque
578 1454 622 1517 ab
637 1456 685 1516 eis
698 1454 785 1517 tradi
796 1472 904 1535 posse,
918 1452 984 1534 qui,
1000 1470 1097 1514 verae
1110 1447 1188 1511 fidei
1214 1470 1351 1502 semum-

86 1569 245 1640 expertes,
257 1558 458 1641 Scripturae,
475 1579 540 1621 non
559 1558 740 1622 medullam
757 1555 929 1638 attingunt
953 1555 1011 1618 sed
1028 1554 1186 1618 corticem
1214 1519 1350 1633 {ffiss

87 1662 233 1745 rodunt(
252 1663 273 1745 ).
1215 1651 1348 1715 '‘WW·

126 1764 210 1828 Illud
229 1776 342 1827 autem
358 1744 507 1829 maxime
522 1766 670 1850 optabile
684 1777 735 1830 est
750 1776 785 1829 et
796 1765 1031 1841 necessarium,
1047 1774 1084 1826 ut
1101 1760 1187 1825 eius·
1215 1759 1258 1833 s'p
1272 1786 1357 1850 ssu-p.

87 1870 155 1931 dem
172 1871 308 1933 divinae
324 1868 605 1953 Scripturaeusus
619 1872 651 1933 in
664 1872 851 1933 universam
868 1867 1059 1948 theologiae
1070 1863 1187 1927 influat
1214 1852 1368 1966 ijc'o

87 1972 294 2053 disciplinam
320 1974 458 2054 eiusque
483 1994 588 2057 prope
614 1976 657 2038 sit
685 1975 820 2037 anima:
836 1973 885 2036 ita
910 1973 1066 2035 nimirum
1094 1970 1188 2032 omni
1216 1984 1368 2060 logiam-

87 2084 189 2140 aetate
219 2076 334 2139 Patres
351 2088 452 2159 atque
468 2078 724 2159 praeclarissimi
740 2077 866 2159 quique
882 2074 1031 2157 theologi
1048 2072 1187 2155 professi
1215 2062 1370 2163 icimur

89 2191 209 2245 suntet
226 2200 260 2243 re
277 2181 522 2262 praestiterunt.
540 2182 629 2245 Nam
647 2202 733 2264 quae
747 2182 918 2247 obiectum
935 2188 1013 2241 sunt
1037 2175 1114 2239 fidei
1135 2175 1187 2240 vel
1216 2180 1326 2228 Parrum

90 2285 181 2347 abeo
197 2294 460 2367 consequuntur,
476 2308 521 2349 ex
554 2286 676 2350 divinis
704 2284 880 2367 potissime
898 2280 1036 2345 Litteris
1052 2280 1188 2344 studue-
1214 2260 1325 2375 ’,ᾜῇ

91 2398 160 2450 runt
175 2409 322 2451 asserere
347 2399 381 2453 et
404 2390 552 2453 stabilire
568 2412 575 2468 ;
592 2401 692 2472 atque
717 2411 762 2453 ex
789 2389 878 2470 ipsis,
893 2386 981 2449 sicut
997 2384 1121 2468 pariter
1144 2404 1189 2447 ex
1216 2376 1368 2491 &iiiia

89 2491 193 2556 divina
215 2494 403 2569 traditione,
428 2514 513 2557 nova
541 2496 784 2558 haereticorum
811 2502 1005 2556 commenta
1037 2487 1189 2566 refutare,
1215 2508 1367 2571 etexempla.

89 2596 321 2661 catholicorum
349 2598 547 2680 dogmatum
573 2600 747 2673 rationem,
773 2596 1041 2678 intelligentiam,
1056 2592 1190 2660 vincula
1237 2640 1369 2703 uraugia

89 2702 265 2782 exquirere.
282 2702 401 2783 Neque
416 2702 450 2764 id
463 2702 618 2783 cuiquam
637 2702 733 2766 luerit
751 2702 871 2765 mirum
887 2701 944 2783 qui
962 2708 1101 2781 reputet,
1117 2708 1188 2761 tarn
1216 2708 1305 2770 nequit
1320 2707 1370 2754 rite
1406 2760 1409 2763 ,

89 2802 245 2885 insignem
268 2804 380 2869 locum
409 2808 496 2869 inter
512 2806 724 2870 revelationis
741 2804 851 2869 lontes
867 2806 989 2869 divinis
1006 2804 1116 2867 Libris
1131 2802 1189 2865 de·
1214 2778 1371 2886 {swu'f

90 2906 163 2984 beri,
173 2919 218 2987 ut,
229 2908 292 2971 nisi
306 2930 420 2972 eorum
434 2911 546 2973 studio
563 2930 691 2992 usuque
707 2911 852 2987 assiduo,
864 2919 1009 2992 nequeat
1019 2907 1190 2988 theologia
1216 2902 1364 3015 {fferre

90 3011 147 3072 rite
175 3020 207 3074 et
236 3033 297 3092 pro
322 3013 494 3094 dignitate
524 3014 668 3077 tractari.
685 3013 837 3077 Tametsi
863 3016 952 3076 enirn
985 3021 1112 3073 rectum
1139 2984 1228 3072 ests
1276 2982 1369 3094 ⁸203...

90 3112 218 3176 iuveues
243 3116 277 3177 in
304 3114 500 3180 Academiis
528 3128 561 3179 et
585 3117 708 3179 scholis
725 3118 772 3180 ita
788 3118 967 3199 praecipue
983 3113 1131 3177 exerceri
1155 3121 1192 3175 ut
1217 3098 1359 3227 mm

91 3216 290 3281 intellectum
308 3232 342 3283 et
369 3222 543 3284 scientiam
570 3223 769 3304 dogmatum
797 3230 1029 3304 assequantur,
1045 3219 1087 3281 ab
1113 3219 1192 3281 arti·
1217 3227 1351 3278 scholisad

92 3318 168 3381 culis
183 3319 259 3384 fidei
284 3326 577 3403 argumentatione
594 3326 748 3389 instituta
765 3328 807 3389 ad
837 3326 903 3388 alia
919 3345 964 3386 ex
986 3323 1059 3399 illis,
1076 3341 1191 3385 secun·
1217 3295 1359 3409 &magr

92 3422 167 3486 dum
194 3446 328 3489 normas
357 3429 519 3508 probatae
551 3428 747 3510 solidaeque
782 3426 1026 3511 philosophiae,
1059 3424 1192 3488 conclu·
1218 3425 1371 3539 mim

94 3526 197 3591 denda
210 3550 217 3606 ;
228 3531 322 3609 gravi
332 3541 445 3593 tamen
458 3534 656 3615 eruditoque
668 3534 830 3616 theologo
841 3534 978 3597 minime
992 3529 1194 3613 negligenda
1215 3555 1304 3622 panda

95 3639 141 3691 est
163 3631 232 3713 ipsa
247 3636 492 3700 demonstratio
508 3638 706 3727 dogmatum
724 3660 768 3701 ex
786 3637 970 3701 Bibliorum
989 3634 1194 3697 auctoritati·
1215 3622 1359 3736 mam

95 3731 153 3795 bus
174 3738 273 3800 ducta
288 3762 295 3801 :
313 3752 331 3807 <t
349 3740 427 3803 Non
445 3742 533 3803 enim
551 3742 672 3824 accipit
688 3741 889 3823 (theologia)
905 3760 965 3802 sua
979 3738 1141 3820 principia
1152 3736 1195 3800 ab
1221 3762 1305 3801 ranan
1322 3766 1363 3798 m-

96 3837 166 3899 aliis
181 3842 336 3919 scientiis,
352 3846 410 3906 sed
427 3844 622 3909 immediate
651 3866 670 3908 a
698 3846 774 3940 Deq
799 3866 858 3926 per
882 3843 1132 3939 revelationem.
1149 3843 1196 3906 Et
1217 3817 1372 3932 {mim

97 3939 168 4004 ideo
185 3965 248 4009 non
265 3949 388 4030 accipit
414 3951 456 4011 ab
473 3949 545 4011 aliis
563 3950 719 4025 scientiis,
735 3961 909 4031 tamquam
926 3968 945 4010 a
961 3947 1196 4028 superioribus,
1221 3953 1256 3998 tio
1267 3948 1355 3995 chi·

97 4045 152 4106 sed
174 4050 274 4111 utitur
309 4052 356 4113 eis
382 4063 556 4133 tamquam
588 4051 799 4115 inferioribus
830 4064 864 4115 et
895 4053 1068 4119 ancillis.)
1099 4052 1196 4134 Quae
1220 4014 1374 4073 blmdusra,

127 4217 145 4250 1.
160 4206 204 4255 cn.
218 4212 292 4259 erem.
306 4215 373 4259 arez.
387 4215 486 4267 strom,
500 4224 547 4265 vn.
562 4216 590 4259 1⁶
598 4230 604 4268 ;
616 4214 694 4273 0rig..
715 4215 848 4273 Βερνίκη
862 4225 898 4266 ιν,
909 4183 933 4259 a
943 4230 949 4270 ;
961 4216 990 4261 sn
1000 4215 1078 4261 aare.
1097 4218 1159 4263 rone
1172 4230 1195 4274 4.

98 4275 126 4327 ³:
137 4272 241 4331 Tenui.
253 4281 289 4325 De
295 4288 409 4339 praescr..
425 4296 459 4340 15.
472 4296 539 4341 seqq.
553 4283 593 4335 ιδ.
609 4282 684 4329 Hilar.
700 4283 768 4337 Pict,
782 4284 811 4329 in
825 4284 918 4330 Martia.
933 4297 968 4342 13,
983 4297 1002 4331 1.

128 4358 149 4392 a.
164 4344 186 4391 S
199 4346 267 4406 Greg.
282 4349 328 4403 M,
342 4350 431 4395 Moral.
446 4358 492 4403 xx,
506 4349 572 4409 9lal.
587 4348 632 4410 ιι).
