3117 4859
108 1324 113 1335 .
205 1290 243 1336 tia
254 1288 330 1336 etiam

356 370 428 439 214
482 370 578 422 mm.
602 370 760 423 aucucc.
781 360 802 389 ‘⁸
821 372 1197 425 ruovmuurrssrnus
1218 373 1326 425 osus.
1349 352 1365 375 ''

356 520 504 597 Patrum,
520 522 642 602 quibus
661 536 679 589 t
695 534 772 603 post
789 522 986 605 Apostolos,
998 534 1115 585 sancta
1127 523 1278 587 Ecclesia
1294 523 1449 603 plantato·

356 624 456 701 ribus,
473 624 684 707 rigatoribus,
709 624 990 701 aedificatoribus,
1016 628 1217 707 pastoribus,
1241 626 1451 689 nutritoribus

356 727 458 790 crevit
470 726 523 809 (¹),
535 748 666 791 summa
677 728 859 792 auctoritas
871 739 931 805 est,
941 729 1221 812 quotiescumque
1232 728 1452 793 testimonium

355 832 492 914 aliquod
507 832 678 910 biblicum,
688 844 724 895 ut
735 834 777 896 ad
790 831 866 896 fidei
883 833 1056 915 pertinens
1073 852 1248 896 morumve
1262 830 1454 906 doctrinam,

356 956 423 997 uno
439 938 627 1019 eodemque
644 938 746 1001 modo
762 936 937 1018 explicant
946 956 1065 1001 omnes
1080 962 1088 1002 r
1103 956 1182 999 nam
1199 956 1244 999 ex
1259 936 1333 1017 ipsa
1346 954 1455 997 eorum

355 1042 584 1117 consensione,
602 1042 648 1103 ita
664 1042 709 1105 ab
734 1042 911 1123 Apostolis
938 1041 1124 1104 secundum
1140 1038 1342 1102 catholicam
1359 1038 1453 1101 fidem

208 1158 329 1221 ipsorum-
355 1146 517 1208 traditum
535 1166 609 1207 esse
625 1146 731 1209 nitide
759 1146 894 1209 eminet.
913 1144 1119 1209 Eorumdem
1136 1163 1216 1207 vcro
1232 1143 1367 1205 Patrum
1382 1162 1457 1203 sen·

177 1229 329 1287 ⁹“‘⁵‘'¹“”'
356 1249 462 1312 tentia
490 1260 570 1313 tunc
595 1250 698 1313 etiam
725 1250 839 1330 magni
865 1250 1078 1312 aestimanda
1104 1259 1165 1324 est,
1181 1265 1284 1329 quum
1310 1245 1455 1308 hiscede

214 1354 330 1417 privata,
358 1354 454 1417 rebus
479 1374 615 1417 munere
631 1354 808 1419 doctorum
826 1354 921 1435 quasi
939 1352 1096 1435 privatim
1115 1350 1319 1431 funguntur;
1334 1350 1458 1431 quippe

193 1434 330 1533 ww,
357 1478 451 1538 quos,
472 1477 537 1520 non
566 1460 667 1521 modo
694 1456 835 1521 scientia
851 1458 1018 1520 revelatae
1033 1456 1206 1521 doctrinae
1222 1466 1257 1517 et
1282 1451 1458 1516 multarum

178 1556 224 1611 est,
358 1562 478 1626 notitia
494 1584 613 1639 rerum,
628 1565 671 1626 ad
688 1562 894 1645 apostolicos
920 1563 1022 1625 libros
1046 1562 1302 1645 cognoscendos
1318 1559 1461 1632 utilium,

358 1664 455 1729 valde
486 1666 710 1745 commendet,
740 1686 857 1730 verum
885 1666 981 1729 Deus
1011 1666 1093 1747 ipse,
1119 1668 1209 1730 viros
1240 1664 1461 1729 sanctimonia

358 1772 447 1833 vitae
472 1780 506 1833 et
531 1771 681 1833 veritatis
706 1770 820 1835 studio
843 1770 1002 1852 insignes,
1017 1770 1237 1851 amplioribus
1254 1768 1386 1832 luminis
1410 1767 1460 1829 sui

360 1875 536 1955 praesidiis
567 1875 741 1937 adiuverit.
759 1873 873 1957 Quare
905 1874 1069 1957 interpres
1098 1894 1198 1938 suum
1227 1893 1300 1937 esse
1324 1870 1463 1943 noverit,

180 1962 332 2077 Ἥζέΐ
360 1998 474 2040 eorum
492 1990 526 2041 et
542 1979 684 2060 vestigia
700 1988 890 2041 reverenter
907 1981 1059 2061 persequi
1076 1988 1111 2043 et
1138 1978 1309 2043 laboribus
1323 1976 1386 2039 frui
1413 1976 1461 2037 in-

195 2110 251 2144 sam
263 2096 333 2143 ultra
359 2080 523 2163 telligenti
551 2082 695 2147 delectu.
710 2114 754 2127 —·
771 2082 891 2165 Neque
918 2083 996 2146 ideo
1021 2094 1137 2147 tamen
1164 2084 1254 2146 viam
1279 2080 1461 2161 sibiputet

202 2168 334 2287 Ρθῇζᾌζῖ,
359 2186 576 2261 obstructam,
587 2206 655 2269 quo
666 2186 785 2263 minus,
795 2187 852 2250 ubi
869 2186 956 2249 iusta
972 2206 1091 2250 caussa
1106 2185 1259 2261 adfuerit,
1268 2184 1462 2267 inquirendo

126 2322 128 2327 v
195 2291 334 2405 frma
361 2300 394 2352 et
406 2291 611 2370 exponendo
628 2290 678 2353 vel
695 2290 784 2353 ultra
801 2292 973 2371 procedat,
989 2292 1092 2354 modo
1109 2292 1339 2375 praeceptioni
1352 2290 1408 2365 illi,
1419 2289 1459 2350 ab

181 2420 283 2487 quidam
304 2422 330 2469 S.
362 2392 555 2475 Augustino
571 2393 740 2473 sapienter
756 2395 958 2475 propositae,
973 2395 1128 2477 religiose
1144 2397 1359 2477 obsequatur,
1375 2394 1457 2456 vide·

184 2490 334 2600 2¹25ss
362 2497 438 2561 licet
453 2518 472 2560 a
489 2497 623 2560 litterali
651 2508 684 2561 et
711 2496 814 2560 veluti
830 2498 931 2560 obvio
946 2517 1046 2561 sensu
1063 2498 1201 2562 minime
1215 2496 1460 2569 discedendum,

182 2618 292 2665 literali
302 2624 337 2694 tf·¹
362 2602 424 2664 nisi
439 2621 507 2684 qua
523 2622 599 2663 eum
617 2600 668 2663 vel
685 2602 770 2664 ratio
784 2612 897 2663 tenere
908 2602 1085 2683 prohibeat
1099 2600 1151 2663 vel
1169 2600 1352 2665 necessitas
1368 2607 1459 2679 cogat

183 2683 336 2796 {mm
361 2706 530 2769 dimittere
546 2704 589 2787 (²)
605 2729 611 2768 :
628 2724 714 2787 quae
730 2706 923 2787 praeceptio
948 2727 989 2769 eo
1013 2707 1162 2770 tenenda
1177 2715 1227 2767 est
1245 2702 1381 2779 firmius,
1396 2722 1458 2784 quo

182 2820 231 2891 “3“
257 2829 334 2861 neces·
362 2810 478 2891 magis,
495 2810 527 2871 in
545 2820 639 2872 tanta
661 2809 848 2873 novitatum
877 2810 1033 2890 cupidine
1048 2821 1082 2872 et
1098 2807 1296 2891 opinionum
1325 2806 1462 2877 licentia,

182 2886 263 2993 Ἥ
286 2944 334 2993 Pa·
363 2912 543 2995 periculum
562 2914 715 2976 imminet
732 2913 918 2976 aberrandi.
935 2913 1062 2978 Caveat
1078 2912 1168 2975 idem
1187 2930 1229 2973 ne
1245 2910 1301 2973 illa
1317 2909 1460 2991 negligat

192 3010 335 3139 “2222ng
362 3036 447 3100 quae
462 3018 506 3080 ab
523 3018 648 3081 eisdem
668 3018 823 3081 Patribus
839 3018 882 3079 ad
899 3018 1115 3099 allegoricam
1131 3016 1319 3079 similemve
1334 3026 1460 3079 senten·

191 3142 332 3204 allegorica,
362 3122 444 3184 tiam
461 3120 623 3183 translata
639 3132 727 3196 sunt,
745 3122 896 3183 maxime
912 3140 1016 3203 quum
1038 3141 1084 3184 ex
1106 3120 1242 3183 litterali
1257 3120 1459 3182 descendant

222 3223 334 3321 κζξξζῗ
361 3237 394 3289 et
419 3225 599 3289 multorum
617 3226 818 3288 auctoritate
842 3226 1030 3290 fulciantur.
1047 3224 1167 3289 Talem
1192 3224 1282 3286 enim
1308 3224 1462 3304 interpre·
1532 3245 1536 3253 ·

178 3288 307 3403 gfgenda.
361 3331 455 3393 tandi
472 3332 636 3392 rationem
664 3330 707 3392 ab
732 3330 910 3411 Apostolis
928 3328 1080 3392 Ecclesia
1096 3328 1237 3408 accepit,
1252 3346 1382 3409 suoque
1397 3326 1463 3406 ipsa

361 3433 529 3515 exemPlQ
547 3443 583 3495 ut
608 3452 626 3495 e
648 3453 683 3517 re
707 3443 804 3515 patet
831 3433 994 3514 liturgica,
1010 3431 1266 3514 comprobavit;
1284 3449 1351 3493 non
1379 3426 1463 3511 quod

362 3537 476 3599 Patres
493 3556 537 3599 ex
553 3556 593 3599 ea
603 3536 845 3599 contenderent
855 3537 1016 3617 dogmata
1029 3534 1105 3599 fidei
1118 3554 1176 3616 per
1185 3552 1221 3597 se
1232 3535 1466 3603 demonstrare,

362 3640 420 3701 sed
436 3639 516 3720 quia
532 3640 617 3700 bene
634 3638 826 3721 frugiferam
842 3640 958 3703 virtuti
974 3648 1008 3701 et
1034 3638 1153 3721 pietati
1169 3636 1312 3700 alendae
1334 3642 1465 3698 nossent

253 3786 339 3836 Cum·
363 3744 503 3823 experti.
519 3775 562 3785 —
578 3742 774 3806 Ceterorum
792 3744 1017 3826 interpretum
1034 3742 1275 3806 catholicorum
1293 3751 1346 3803 est
1363 3740 1465 3803 minor

198 3851 338 3931 ⁸catholici
363 3846 499 3927 quidem
534 3846 725 3924 auctoritas,
755 3857 917 3924 attamen,
946 3847 1107 3929 quonlam
1140 3845 1327 3909 Bibliorum
1360 3841 1467 3907 studia

184 3924 337 4046 ‚m'ff
363 3950 559 4012 continuum
591 3951 772 4031 quemdam
800 3970 1015 4033 progressum
1039 3950 1072 4014 in
1102 3949 1254 4013 Ecclesia
1270 3948 1465 4017 habuerunt,

184 4064 281 4163 ‘'iulg'‘
293 4049 337 4097 Μ·
363 4052 502 4116 istorum
520 4053 643 4135 pariter
659 4056 908 4119 commentariis
924 4076 1003 4118 suus
1026 4054 1222 4118 tribuendus
1239 4053 1464 4128 esthonor,ex

259 4150 266 4173 ’
363 4156 484 4238 quibus
502 4155 607 4219 multa
622 4168 812 4239 opportune
828 4160 896 4240 peti
913 4158 1012 4222 liceat
1033 4159 1076 4222 ad
1094 4157 1277 4222 refellenda
1291 4153 1462 4227 contraria,

185 4302 335 4361 mm„
363 4261 405 4322 ad
422 4258 607 4323 difficiliora
632 4262 818 4325 enodanda.
844 4261 893 4325 At
919 4262 1054 4326 veroid
1081 4260 1221 4322 nimium
1247 4256 1398 4326 dedecet,
1431 4261 1465 4311 ut

393 4388 413 4422 1·
426 4376 452 4423 S.
464 4376 537 4433 Aussu
552 4374 577 4420 C·
592 4376 699 4429 lutiam,
713 4385 741 4429 ¹¹.
756 4389 841 4434 ¹00³7·
852 4400 882 4411 -
897 4391 918 4423 a
932 4378 970 4422 De
986 4378 1043 4424 Gen.
1057 4376 1161 4427 αάιίιι..
1179 4372 1263 4423 tvm,
1275 4383 1297 4415 c
1310 4383 1332 4425 7.
1343 4382 1377 4427 ῃ
