3117 4859
444 348 496 397 DE
523 347 682 399 senous
703 348 905 401 AUSTRIAE.
1145 300 1216 416 2⁶69

109 530 181 586 tute
196 520 302 604 probe
318 518 525 583 instituenda
539 514 592 579 vel
609 516 760 579 maxime
779 516 850 594 ;ita
873 525 910 581 ut
928 516 1105 581 saecularis
1122 523 1216 597 pote·
1282 520 1362 606 Mfm

108 635 186 703 stas,
209 625 291 689 dum
315 622 462 688 scientiis
484 620 716 684 adolescentes
738 621 943 703 optimisque
966 619 1128 684 doctrinis
1155 618 1216 680 im·
1279 618 1355 680 1894·

107 728 262 795 bucndos
275 736 381 806 curat,
395 745 481 809 quae
496 724 539 787 ad
556 744 736 789 commune
746 724 874 788 bonum
888 725 1065 807 pertinent,
1079 724 1216 787 eosdem
1244 735 1374 811 qoryjungi,

105 846 199 896 recta
215 850 345 895 morum
362 829 542 911 disciplina
557 850 597 892 ac
620 828 783 911 religione
799 829 994 893 formandos
1010 828 1100 905 velit,
1115 828 1217 909 idque
1245 806 1361 912 {212¹

106 957 167 1020 per
184 935 355 999 Ecclesiae
366 934 607 1016 magisterium,
620 932 859 1015 Ecclesiaeque
869 934 973 997 ductu
986 953 1024 996 ac
1034 930 1218 1014 vigilantia.
1238 930 1394 1025 praesertim·

105 1041 212 1125 Spem
230 1042 354 1105 bonam
372 1038 532 1115 fovemus,
558 1038 622 1102 hoc
648 1058 706 1121 per
732 1058 894 1104 novuma
924 1039 1044 1103 studiis
1074 1035 1217 1119 publicis
1237 1002 1392 1125 {imita

106 1144 269 1227 regundis
283 1144 520 1208 administrum
537 1141 722 1224 perlectum
742 1142 792 1219 iri,
808 1153 843 1205 ut
869 1161 991 1224 nempe
1007 1144 1040 1205 in
1057 1140 1217 1205 Austriae
1235 1126 1394 1253 ljffzssrfffl·

103 1246 292 1330 gymnasiis
315 1256 349 1311 et
379 1267 459 1309 suns
489 1245 682 1309 hominibus
712 1246 796 1309 sacri
828 1246 954 1310 ordinis
986 1246 1085 1309 detur
1113 1244 1218 1321 locus,
1235 1256 1385 1332 erctumiqi

104 1350 257 1432 nihilque
268 1358 388 1432 agatur
404 1369 472 1432 quo
488 1357 618 1412 mentes
634 1348 898 1414 adolescentium
916 1351 1076 1413 adversus
1102 1347 1217 1411 catho-
1245 1323 1391 1370 annuum.

103 1456 207 1518 licum
224 1474 347 1517 nomen
375 1454 565 1535 concipiant
591 1454 791 1519 inimicitias.
809 1454 946 1519 Certum
978 1462 1091 1519 autem
1109 1452 1217 1515 Nobis

102 1567 166 1637 est,
192 1557 314 1621 dilecte
341 1556 386 1621 fili
417 1558 551 1634 Noster,
578 1567 704 1622 vestras
732 1559 833 1622 etiam
859 1558 1009 1622 omnium
1035 1556 1216 1621 industrias

103 1662 137 1724 in
150 1661 242 1724 hanc
258 1672 388 1744 partem
407 1662 546 1725 minime
557 1661 738 1726 defuturas.

148 1767 337 1848 Auspicem
354 1766 488 1831 interim
516 1767 710 1831 caelestium
740 1787 915 1831 munerum
941 1786 980 1829 ac
1007 1764 1152 1828 Nostrae
1168 1764 1218 1827 di·

102 1870 261 1934 lectionis
277 1881 407 1950 testem,
422 1872 494 1949 tibi,
520 1871 642 1934 dilecte
658 1870 704 1935 fili
721 1871 854 1949 Noster,
870 1872 1054 1954 ceterisque
1071 1890 1130 1953 per
1145 1870 1216 1933 Au·
1276 1892 1383 1942 Benedi-

104 1976 225 2040 striam
245 1975 431 2059 Episcopis,
446 1975 536 2039 clero
551 1985 584 2039 et
601 1974 754 2041 fidelibus
770 1976 965 2057 vigilantiae
980 1984 1111 2039 vestrae
1126 1993 1217 2037 com·
1244 1957 1285 2007 αἳ·

106 2081 231 2155 missis,
244 2080 479 2163 Apostolicam
493 2079 763 2144 benedictionem
774 2091 988 2163 peramanter
998 2080 1218 2163 impertimus.

152 2184 285 2247 Datum
303 2184 434 2247 Romae
450 2186 541 2264 apud
560 2183 593 2249 S.
605 2184 740 2248 Petrum
759 2186 815 2249 die
840 2198 854 2248 1
881 2184 964 2249 Maii
996 2196 1219 2261 Mocccxclv,

109 2286 332 2353 Pontificatus
349 2288 466 2351 Nostri
483 2308 573 2352 anno
588 2289 721 2352 decimo
737 2289 891 2371 septimo.

768 2442 864 2509 LEO
899 2444 961 2507 PP.
982 2442 1085 2506 Xlll.
1193 2504 1196 2510 .
