3117 4859
287 399 339 449 DE
365 397 415 448 RE
441 395 659 448 CATHOLICA
685 395 728 446 IN
755 394 937 446 AMERICA.
1122 391 1164 441 21

63 550 79 576 ¹¹
95 541 307 626 prosperitati
321 541 523 605 familiarum
536 561 576 604 ac
588 539 764 604 civitatum
783 539 934 602 maxime
946 535 1083 600 inimica
1096 550 1169 598 esse
1237 549 1302 650 ΜόΝ

64 647 236 710 “divortia
253 646 306 730 (¹).
321 645 338 673 ’³
1235 661 1309 726 1895·

104 750 157 814 De
173 769 281 815 rerum
299 768 421 832 genere
431 748 529 827 civili,
540 758 750 831 compertum
764 758 815 811 est
828 757 931 830 atque
941 745 1168 828 exploratum,
1285 777 1346 826 Van

64 855 93 916 in
120 875 154 917 re
185 853 320 936 publica
346 855 540 936 praesertim
568 854 732 938 populari,
759 852 947 916 cuiusmodi
970 860 1083 914 vestra
1108 854 1169 922 est,
1188 842 1325 973 {wlf-

62 960 176 1040 quanti
194 957 315 1023 reserat
331 959 454 1041 probos
470 981 542 1023 esse
558 980 598 1025 ac
613 961 700 1024 bene
716 967 866 1023 moratos
881 959 980 1022 cives.
1003 957 1044 1020 In
1064 953 1168 1016 libera
1194 989 1273 1038 nequa
1284 989 1332 1022 mo-

63 1065 202 1140 civitate,
217 1063 281 1126 nisi
298 1063 425 1128 iustitia
435 1064 537 1147 vulgo
549 1065 688 1140 colatur,
704 1065 767 1128 nisi
783 1065 917 1144 saepius
933 1082 972 1127 ac
988 1061 1169 1142 diligenter
1192 1046 1342 1166 ζζῗὲζζζὲ

63 1169 101 1230 ad
126 1167 396 1252 evangelicarum
425 1179 607 1253 praecepta
633 1171 746 1252 legum
775 1169 959 1232 multitudo
985 1171 1169 1238 revocetur,
1192 1171 1276 1246 eatque

62 1281 169 1354 potest
185 1272 259 1356 ipsa
275 1291 348 1336 esse
360 1274 546 1354 perniciosa
564 1274 710 1340 libertas.
727 1274 907 1358 Quotquot
930 1272 1031 1354 igitur
1046 1289 1091 1333 ex
1114 1286 1166 1330 or·
1183 1234 1347 1365 mm,

62 1377 136 1441 dine
152 1377 241 1443 Cleri
258 1378 291 1441 in
308 1379 492 1444 erudienda
509 1381 725 1444 multitudine
741 1379 926 1455 elaborant,
948 1377 1038 1440 hunc
1054 1374 1164 1439 locum
1188 1366 1332 1495 2222?

60 1481 100 1544 de
114 1480 233 1546 officiis
256 1482 378 1546 civium
405 1483 580 1548 enucleate
604 1492 820 1567 pertractent,
847 1492 885 1547 ut
911 1482 945 1546 id
969 1497 1165 1563 persuasum
1191 1504 1290 1611 ιῖἵις

1157 1580 1166 1597 ⁸
1216 1576 1300 1610 ΗΝ

63 1587 259 1670 penitusque
274 1588 555 1669 comprehensum
572 1589 686 1654 animo
701 1589 850 1653 habeant
862 1586 1017 1662 universi,
1028 1587 1062 1649 in
1073 1600 1167 1647 omns
1191 1626 1320 1689 mydas,

63 1709 196 1755 munere
211 1693 300 1756 vitae
315 1692 421 1756 civilis
438 1690 539 1757 tidem
556 1695 729 1775 praestari,
754 1691 1009 1766 abstinentiam,
1029 1685 1167 1770 integri·
1191 1699 1268 1742 autea

63 1801 162 1858 tatem
179 1805 359 1878 oportere:
382 1797 472 1878 quod
501 1797 590 1862 enim
608 1798 746 1882 privatis
761 1797 796 1860 in
813 1796 912 1860 rebus
930 1814 995 1858 non
1020 1793 1108 1869 licet,
1130 1790 1164 1853 id

1192 1758 1301 1822 scriptis,

62 1899 167 1962 necin
185 1899 329 1982 publicis
345 1899 453 1964 licere.
471 1901 524 1965 De
540 1901 604 1965 hoc
620 1921 743 1984 genere
759 1909 834 1965 toto
849 1902 882 1963 in
895 1899 978 1981 ipsis
988 1893 1167 1980 encyclicis
1194 1976 1198 1989 ,

62 1999 185 2081 litteris,
201 2023 286 2087 quas
302 2004 336 2067 in
351 2004 552 2070 Pontificatu
570 2007 722 2070 maximo
738 2004 882 2069 subinde
897 2003 1168 2087 conscripsimus,

62 2107 243 2188 complura,
258 2118 295 2172 ut
311 2110 428 2186 nostis,
444 2119 580 2192 praesto
595 2119 683 2185 sunt,
693 2129 780 2192 quae
795 2098 980 2190 sequantur
995 2116 1030 2171 et
1046 2105 1167 2186 quibus

63 2221 198 2288 pareant
214 2211 380 2276 catholici.
394 2212 602 2276 Libertatem
612 2213 808 2289 humanam,
820 2211 1000 2294 praecipua
1016 2207 1167 2272 christia·

64 2329 174 2378 nomm
200 2313 320 2393 officia,
343 2316 567 2398 principatum
592 2317 735 2394 civilem,
753 2317 927 2380 civitatum
954 2313 1165 2379 constitutio·

63 2434 134 2481 nem
150 2419 370 2484 christianam
395 2421 573 2486 scribendo
598 2421 881 2502 edisserendoque
902 2419 1086 2501 attigimus,
1108 2416 1165 2481 de·

64 2522 223 2602 promptis
239 2543 314 2586 cum
331 2543 376 2586 ex
393 2523 587 2606 evangelica
603 2524 765 2602 doctrina,
782 2535 854 2588 tum
871 2543 917 2587 ex
934 2522 1064 2586 ratione
1075 2521 1166 2603 prin-

63 2620 161 2702 cipiis.
186 2623 256 2706 Qui
283 2626 386 2708 igitur
400 2646 473 2692 esse
488 2628 579 2691 cives
594 2629 690 2710 probi
712 2627 830 2692 volunt
847 2637 881 2691 et
903 2628 937 2690 in
962 2624 1081 2691 officiis
1096 2623 1165 2687 suis

63 2742 132 2790 cum
155 2727 221 2793 fide
237 2732 370 2805 versari,
396 2729 493 2795 facile
516 2741 652 2796 sumant
667 2752 712 2796 ex
729 2733 849 2796 litteris
866 2729 1001 2795 Nostris
1020 2729 1164 2794 sormam

64 2825 253 2898 honestatis.
279 2871 323 2882 -
350 2833 460 2898 Simili
489 2836 592 2898 modo
619 2836 775 2900 insistant
803 2835 994 2899 sacerdotes
1022 2828 1166 2899 Concilii
1192 2873 1343 2916 rumexsra-

63 2927 312 3002 Baltimorensis
332 2938 364 3002 ll
373 2939 384 3001 l
397 2947 524 3003 statuta
535 2941 576 3002 ad
589 2940 753 3023 populum
767 2939 984 3002 meminisse:
999 2958 1039 3001 ea
1057 2934 1166 3000 maxi·
1192 2931 1256 3010 ‘4¹55
1269 2933 1334 3008 ⁶0⁸2

63 3055 112 3098 me
125 3059 212 3122 quae
228 3042 271 3105 de
286 3043 410 3107 virtute
425 3046 671 3124 temperantiae
686 3054 773 3120 sunt,
794 3046 839 3107 de
863 3043 1032 3106 catholica
1052 3039 1166 3105 adole·
1192 2995 1342 3112 mfflu'

62 3144 219 3208 scentium
246 3145 466 3224 institutione,
482 3148 525 3211 de
542 3143 708 3231 frequenti
725 3157 1012 3212 sacramentorum
1035 3164 1107 3220 usu,
1122 3144 1166 3207 de
1191 3129 1246 3178 'H‘
1274 3147 1282 3212 ἶ

61 3244 345 3332 obtemperatione
361 3251 457 3315 iustis
473 3251 604 3334 legibus
620 3253 851 3334 institutisque
868 3251 1081 3333 reipublicae.

103 3349 153 3414 De
178 3355 333 3419 ineundis
360 3377 495 3440 quoque
522 3358 752 3433 societatibus,
772 3357 1033 3440 diligentissime
1048 3356 1164 3419 viden·
1223 3391 1342 3443 Dermer

63 3452 137 3518 dum
154 3475 196 3521 ne
213 3458 288 3541 quis
300 3479 413 3524 errore
429 3461 571 3526 fallatur.
589 3461 705 3545 Atque
721 3462 786 3526 hoc
801 3461 945 3544 intelligi
962 3460 1164 3524 nominatim
1190 3457 1287 3536 offset

63 3557 102 3618 de
116 3561 291 3641 opificibus
306 3563 483 3630 volumus:
505 3567 628 3648 quibus
649 3565 803 3650 protecto
827 3566 917 3630 coire
941 3567 975 3628 in
1000 3564 1165 3644 sodalitia,
1190 3522 1332 3637 maus:

64 3663 240 3731 utilitatum
272 3667 334 3731 sibi
364 3671 668 3751 comparandarum
700 3671 820 3753 gratia,
850 3671 902 3735 ius
938 3681 1000 3747 est,
1039 3670 1166 3735 libente
1190 3662 1340 3767 mam

64 3762 217 3844 Ecclesia,
233 3790 294 3834 nec
311 3783 520 3853 repugnante
537 3785 677 3838 natura:
701 3777 759 3839 sed
784 3775 1000 3839 vehementer
1016 3775 1166 3854 interest,
1190 3721 1342 3862 notai&
1374 3795 1376 3799 ’

63 3871 255 3948 quibuscum
271 3895 346 3938 sese
361 3878 579 3960 coniungant,
604 3899 647 3944 ne
671 3880 728 3944 ubi
747 3899 858 3944 rerum
876 3879 1052 3944 meliorum
1068 3881 1164 3946 adiu·
1190 3849 1325 3965 m‘ss‘

65 3984 171 4037 menta
188 3977 368 4059 requirunt,
384 3981 429 4044 ibi
445 3981 479 4043 in
492 3981 671 4046 discrimen
685 3993 848 4048 vocentur
871 3983 1038 4047 bonorum
1056 3983 1164 4048 multo
1189 3988 1321 4045 suspectas,

64 4076 293 4145 maximorum.
305 4081 418 4164 Hujus
430 4083 631 4148 discriminis
641 4086 794 4151 maxima
805 4085 919 4150 cautio
934 4096 986 4150 est
1002 4097 1039 4150 ut
1050 4107 1163 4152 secum
1279 4115 1287 4174 2

63 4173 121 4255 ipsi
136 4189 294 4261 statuant,
306 4204 491 4268 numquam
502 4189 741 4253 commissuros
755 4198 792 4252 ut
803 4189 872 4252 ullo
889 4199 1043 4272 tempore
1055 4189 1166 4254 ullAve

92 4413 110 4446 1.
125 4402 181 4451 Euo.
195 4409 330 4456 Arcanum.
