3117 4859
334 370 371 415 .2
378 369 425 439 34
495 369 594 419 cnr.
621 370 749 423 nvosr.
781 359 803 387 ‘⁸
821 374 938 425 usur>
967 374 1036 424 asr
1064 373 1270 427 rnornruu.
1291 350 1309 378 ’'

352 524 429 589 bem
448 524 610 591 Canonici
641 540 719 592 sunt
745 531 789 593 ad
814 531 988 607 honorem,
1011 530 1193 613 privilegiis
1220 539 1255 593 et
1271 530 1459 612 insignibus

353 636 485 691 tantum
503 639 641 695 utantur
657 633 689 695 in
708 632 864 695 Dioecesi
880 633 937 695 ubi
955 634 1119 697 nominati
1136 643 1224 707 sunt,
1237 632 1329 695 nullo
1355 633 1459 696 modo

353 739 451 794 extra
468 732 554 796 illins
574 734 786 800 territorium.
804 736 865 802 IV.
880 736 975 800 Haec
987 738 1101 801 omnia
1127 746 1299 799 serventur
1314 755 1461 818 ,quoque

208 842 329 891 Der-emir
354 854 374 894 a
391 833 569 899 Canonicis
586 840 628 903 ad
647 840 808 903 honorem
826 841 991 923 usquead
1008 841 1095 904 hanc
1110 842 1199 904 diem
1216 838 1461 904 nominatis.-

174 914 203 970 4⁰
214 906 329 1021 ram
356 937 409 1001 Ita
426 940 590 1018 volumus,
605 942 777 1023 edicimus,
789 946 1008 1012 decernentes
1024 945 1086 1008 has
1102 944 1231 1008 litteras
1247 944 1392 1008 Nostras
1408 941 1461 1005 fir·

175 1038 328 1115 etiamaqq·
355 1060 427 1103 mas
442 1053 626 1126 sartosque,
641 1047 689 1109 uti
707 1056 794 1123 sunt,
806 1048 853 1111 ita
867 1047 899 1110 in
913 1057 1085 1131 posterum
1100 1066 1294 1129 permanere
1309 1070 1316 1110 ε
1331 1046 1460 1109 irritum

230 1118 329 1152 nomm

169 1168 236 1245 jam·
247 1169 326 1218 nonat-
354 1163 433 1208 vero
448 1155 483 1210 et
499 1146 597 1212 inane
614 1148 762 1213 futurum
779 1151 997 1215 decernentes
1017 1145 1045 1213 si
1062 1150 1143 1234 quid
1160 1150 1327 1233 superbis
1343 1170 1364 1213 a
1380 1169 1461 1231 quo·

177 1240 328 1349 ''assj‘m
353 1267 455 1329 quarn
473 1251 651 1334 contigerit
665 1256 846 1318 attentari:
861 1274 929 1317 non
945 1254 1159 1319 obstantibus
1176 1254 1311 1316 Nostris
1322 1261 1357 1315 et
1373 1250 1462 1315 Can-

176 1364 243 1412 tium
263 1365 327 1414 vitre·
354 1352 507 1419 cellariae
522 1356 746 1439 Apostolicae
762 1359 885 1442 regulis
900 1361 943 1423 de
959 1363 1029 1423 iure
1045 1361 1199 1442 quaesito
1219 1379 1286 1422 non
1299 1357 1461 1430 tollendo,

176 1446 328 1545 :marm
354 1466 388 1520 et
404 1459 576 1541 quibusvis
593 1463 794 1543 specialibus
806 1465 857 1528 vel
870 1465 1083 1546 generalibus
1103 1460 1311 1545 Apostolicis
1327 1461 1462 1527 Consti·

354 1563 541 1627 tutionibus
558 1587 596 1628 ac
609 1567 801 1651 privilegiis,
817 1570 933 1650 gratiis
950 1579 983 1632 et
1007 1568 1157 1646 indultis,
1171 1569 1274 1631 etiarn
1285 1566 1463 1629 confirma·

354 1667 446 1730 tione
459 1668 668 1750 Apostolica,
683 1672 734 1734 vel
752 1674 870 1753 quavis
894 1672 960 1735 alia
976 1670 1136 1735 firmitate
1152 1670 1324 1748 roboratis,
1340 1679 1375 1732 et
1393 1668 1463 1732 Lit-

354 1771 433 1832 teris
447 1770 655 1853 Apostolicis
672 1776 734 1837 sub
747 1776 1015 1857 quibuscumque
1039 1775 1212 1838 tenoribus
1230 1794 1270 1837 ac
1286 1772 1416 1847 formis,
1430 1781 1464 1835 et

338 1890 430 1967 'cum
463 1874 637 1956 quibusvis
658 1876 816 1941 clausulis
847 1888 880 1942 et
911 1880 1054 1941 decretis
1083 1878 1256 1961 quibusvis
1288 1875 1464 1957 Capitulis,

355 1973 515 2059 Collegiis
532 1999 570 2042 ac
588 1981 688 2045 etiam
707 1981 931 2065 peculiaribus
951 1982 1102 2063 personis
1127 2000 1337 2064 quacumque
1357 1978 1462 2043 eecle-

354 2078 488 2144 siastica
513 2083 679 2165 dignitate
710 2085 923 2167 pollentibus,
938 2104 1152 2168 quocumque
1183 2094 1342 2165 tempore,
1359 2082 1462 2145 etiam

355 2203 415 2263 per
445 2184 517 2249 Nos
549 2190 726 2267 concessis,
754 2211 814 2253 nec
846 2210 913 2253 non
945 2187 1119 2271 quibusvis
1150 2186 1461 2261 consuetudinibus,

355 2288 457 2350 etiam
476 2290 808 2371 immemorabilibus,
824 2292 985 2357 latissime
1002 2303 1036 2355 et
1051 2290 1255 2373 plenissime,
1270 2310 1309 2353 ac
1334 2290 1462 2371 specia-

355 2390 430 2454 liter
446 2405 480 2458 et
493 2414 652 2479 expresse
662 2398 937 2481 deApostolicae
948 2396 1127 2480 potestatis
1143 2396 1350 2477 plenitudine
1368 2395 1464 2459 dero·

355 2498 477 2578 gando,
493 2519 533 2561 ac
549 2502 747 2584 derogatum
773 2523 846 2566 esse
869 2504 1034 2579 volumus,
1064 2501 1251 2582 ceterisque
1272 2500 1306 2563 in
1330 2510 1464 2561 contra-

356 2602 440 2664 rium
459 2606 714 2685 quomodolibet
728 2606 928 2670 facientibus
944 2607 1224 2689 quibuscumque.

401 2706 528 2770 Datum
547 2709 677 2774 Romae
694 2713 784 2793 apud
803 2711 837 2777 S.
851 2711 985 2775 Petrum
1003 2710 1065 2773 sub
1089 2710 1190 2773 anulo
1216 2706 1398 2771 Piscatoris
1410 2704 1464 2769 die

357 2822 450 2872 XXIX
468 2810 612 2877 Ianuarii
626 2827 849 2892 MDcccxcw,
862 2812 1082 2878 Pontificatus
1097 2811 1213 2875 Nostri
1224 2830 1314 2874 anno
1330 2810 1463 2873 decimo

358 2924 464 2979 sexto.

931 3005 976 3069 M.
995 3004 1111 3071 Curru.
1130 3000 1412 3067 RAMPOLLA.
