3117 4859
367 365 413 456 38
467 386 585 438 uersu.
604 385 734 438 neosr.
757 373 778 402 “
797 383 1087 436 nuaurrssrune
1113 383 1366 435 νοιυΝτΑτιε.
1388 361 1404 386 ”

364 547 526 611 pressum,
542 529 644 612 longo
661 529 838 594 intervallo
852 527 1031 604 defecerat,
1054 527 1193 592 feliciter
1216 525 1381 610 Gregorio
1399 547 1469 590 aus

363 633 438 716 pice
455 634 648 698 restitutum
665 643 726 700 est.

411 738 506 801 Haec
521 737 686 820 principio
702 756 859 802 revocare
873 737 981 814 libuit,
996 757 1064 800 non
1081 736 1158 800 idco
1173 736 1283 800 solum
1309 736 1390 818 quia
1415 752 1468 817 per

364 860 401 906 se
414 843 550 924 egregia
565 849 691 906 suntet
704 840 877 905 Ecclesiae
889 840 1015 906 Christi
1027 838 1184 922 gloriosa,
1192 838 1252 903 sed
1262 839 1343 922 quia
1351 838 1471 921 populo

148 1021 152 1028 Ι
365 943 566 1026 Anglorum,
580 946 675 1008 cuius
691 945 802 1028 gratia
817 955 897 1010 sunt
923 955 1030 1027 gesta,
1052 953 1142 1007 certe
1157 953 1256 1007 erunt
1270 943 1314 1006 ad
1330 961 1471 1006 commc-

204 1066 341 1135 ueclmsnus
365 1049 565 1114 morandum
582 1057 747 1133 pergrata.
760 1050 864 1114 -At
879 1069 968 1128 vero,
982 1050 1074 1131 quod
1093 1047 1209 1130 magni
1226 1049 1366 1110 interest
1381 1065 1469 1128 repu-

231 1126 340 1244 {lm
365 1160 446 1228 tare,
475 1153 594 1216 eadem
625 1153 775 1218 caritatis
805 1152 959 1235 Gregorii
990 1153 1237 1234 instantiasque
1266 1161 1473 1233 argumenta.

189 1243 341 1350 ffflfg
365 1258 563 1320 transmissa
574 1257 679 1322 veluti
691 1257 889 1334 hereditate,
899 1258 932 1319 in
944 1257 991 1321 eis
1004 1277 1071 1320 non
1087 1255 1296 1320 dissimiliter
1310 1264 1471 1338 apparent

212 1377 342 1481 &wlff
365 1361 423 1443 qui
452 1359 632 1424 Pontifices
657 1371 898 1426 successerunt.
925 1360 1007 1426 Sive
1030 1362 1121 1425 enim
1146 1361 1259 1443 dignis
1286 1360 1472 1441 pastoribus

333 1458 338 1468 '
365 1466 561 1547 designatis,
576 1466 646 1529 sive
666 1466 756 1531 datis
771 1465 940 1530 humanae
954 1465 1157 1548 divinaeque
1171 1465 1348 1529 doetrinae
1372 1464 1472 1545 magi·

366 1567 443 1632 stris
467 1569 615 1652 optimis,
639 1569 710 1634 sive
736 1569 934 1651 disciplinae
960 1578 995 1633 et
1021 1569 1221 1632 hortationis
1251 1567 1473 1650 suppeditatis

366 1673 511 1750 auxiliis,
531 1673 789 1756 diligentissime
814 1682 866 1737 est
890 1674 934 1737 ab
959 1673 1023 1737 illis
1050 1673 1253 1755 abundeque
1275 1672 1470 1755 praestitum

366 1777 529 1860 quidquid
543 1778 729 1860 resurgenti
742 1778 832 1860 apud
845 1798 905 1841 vos
917 1777 1077 1842 ecclesiae
1087 1779 1130 1842 ad
1144 1776 1395 1840 firmamentum
1407 1788 1472 1839 erat

213 1934 341 1982 usuraria
365 1900 451 1964 opus
466 1889 501 1946 et
515 1880 715 1945 ubertatem.
731 1881 936 1946 Huiusmodi
952 1883 1041 1945 curis
1057 1881 1209 1964 perbrevi
1225 1900 1307 1943 sane
1322 1890 1471 1962 tempore

213 1995 341 2062 astaretis-
366 1987 541 2068 respondit
553 1985 666 2049 exitus
675 2005 683 2062 ;
699 2004 760 2049 nec
771 1986 862 2049 enim
875 2006 1017 2068 usquam
1034 1985 1175 2049 sortasse
1191 1984 1293 2048 altius
1309 1986 1344 2047 in
1357 1985 1473 2048 animis

196 2053 341 2172 ”lllglllll
365 2107 481 2152 recens
497 2088 579 2153 fides
596 2088 728 2166 insedit,
744 2107 853 2171 neque
868 2091 1011 2153 acriores
1028 2091 1163 2171 pietatis
1178 2108 1297 2152 sensus
1308 2109 1389 2171 erga
1400 2088 1472 2153 bea-

204 2171 341 2278 ‘gmr'j
366 2191 486 2255 tissimi
514 2192 603 2257 Petri
630 2191 834 2258 Cathedram
860 2195 1048 2275 viguerunt.
1073 2193 1250 2275 Cumque
1274 2193 1472 2257 christianae

195 2291 336 2351 ⁶⁰⁸J'W‘2'0·
366 2296 505 2360 unitatis
529 2308 656 2374 centro,
670 2299 703 2362 in
730 2299 877 2362 romanis
901 2298 1082 2380 Episcopis
1097 2297 1258 2362 divinitus
1281 2300 1474 2372 constituto,

365 2399 432 2464 iam
457 2411 530 2464 tum
555 2420 689 2465 summa
704 2401 828 2483 Anglis
854 2404 1047 2466 coniunctio
1064 2403 1250 2465 intercessit
1266 2403 1472 2484 decursoque

364 2511 514 2568 aetatum
542 2505 697 2587 perstitit,
713 2503 910 2570 fidelissimo
925 2507 1096 2588 obsequio,
1113 2505 1208 2569 firma
1224 2506 1280 2571 :id
1298 2509 1391 2587 quod
1406 2517 1471 2570 tam

367 2607 482 2671 multis
506 2620 643 2692 tamque
671 2611 839 2674 nobilibus
866 2631 976 2675 rerum
994 2612 1221 2674 monumentis
1237 2613 1471 2693 consignatum

366 2721 426 2788 est,
442 2712 523 2776 nihil
541 2724 578 2778 ut
594 2717 748 2779 testatius
766 2713 835 2778 fieri
850 2727 964 2798 queat.

262 2851 342 2899 W,
410 2815 536 2880 Verum
562 2818 695 2882 saeculo
720 2830 822 2882 sexto
841 2821 983 2898 decimo,
999 2821 1031 2882 in
1048 2818 1106 2882 illa
1122 2819 1274 2901 religioni
1290 2820 1473 2884 catholicae

209 2911 341 3018 α”ζξζζῖἶ
366 2921 549 3000 asperrima
573 2943 632 3004 per
657 2923 829 3004 Europam
856 2933 1069 3006 tempestate,
1086 2923 1212 3005 Anglia
1240 2924 1351 2999 simul,
1367 2942 1473 3006 neque

226 3031 340 3078 Xt‘lna-
366 3022 483 3105 ignota
493 3035 543 3089 est
553 3046 680 3104 caussa,
692 3027 927 3108 gravissimum
938 3029 1059 3091 vulnus
1070 3028 1214 3109 accepit:
1231 3047 1318 3110 quae
1330 3030 1471 3110 primum

189 3096 243 3138 ‘m
366 3127 496 3191 divulsa
523 3148 543 3191 a
569 3131 808 3195 communione
829 3131 1051 3213 Apostolicae
1072 3131 1179 3210 Sedis,
1193 3131 1271 3195 dein
1288 3134 1333 3195 ab
1348 3153 1390 3195 ea
1413 3131 1473 3194 fide

366 3232 576 3297 sanctissima
603 3235 749 3298 abducta
775 3245 837 3312 est,
849 3255 951 3318 quam
967 3237 1142 3318 complura
1158 3237 1224 3299 iam
1237 3236 1386 3311 saecula,
1400 3253 1472 3300 cum

367 3353 492 3419 magno
507 3339 609 3401 etiam
635 3338 800 3403 libertatis
822 3341 1062 3419 emolumento,
1081 3341 1169 3404 laeta
1195 3340 1354 3405 coluerat.
1370 3338 1473 3404 Dissi-

214 3451 341 3570 prpffi
366 3440 460 3504 dium
486 3441 601 3505 tristel
628 3442 719 3524 quod
745 3444 938 3508 decessores
970 3444 1086 3508 Nostri
1118 3465 1162 3508 ex
1193 3445 1312 3507 intima
1338 3446 1474 3508 caritate

202 3569 340 3640 „satfusa
366 3544 635 3626 deploraverunt,
659 3548 821 3629 omnique
845 3549 1077 3630 providentiae
1104 3550 1235 3612 ratione
1261 3549 1374 3612 conati
1398 3556 1474 3610 suut

185 3627 341 3746 prfflq'ff}
365 3649 572 3732 restinguere
594 3663 628 3714 et
655 3651 876 3733 profluentem
902 3653 982 3716 inde
1006 3652 1169 3716 malorum
1186 3653 1255 3716 vim
1271 3653 1473 3716 deminuere.

238 3745 340 3791 ‘'⁸⁸³⁶‘ss
367 3749 524 3834 Longum
541 3756 678 3835 quidem
691 3766 752 3830 est,
763 3776 872 3838 neque
884 3767 936 3820 est
947 3758 1183 3834 necessarium,
1191 3763 1312 3820 seriem
1322 3756 1472 3838 persequi

192 3804 341 3863 restinguere

188 3864 339 3968 Μέτων·
365 3873 479 3918 earum
492 3875 602 3920 rerum
619 3877 706 3941 quae
722 3861 871 3940 ipsorum
893 3861 927 3924 in
953 3861 1017 3925 hoc
1040 3862 1193 3925 sedulam
1211 3875 1472 3943 perpetuamque

365 3977 478 4023 curam
491 3961 723 4028 declarent—
739 3963 945 4028 Praesidium
955 3985 1035 4030 vero
1045 3965 1178 4048 insigne
1192 3977 1226 4028 et
1243 3964 1469 4047 praevalidum

365 4062 464 4126 abiis
480 4075 634 4146 paratum
651 4077 711 4143 est,
727 4069 859 4149 quoties
876 4069 1060 4150 peculiares
1076 4070 1274 4133 indixerunt
1296 4088 1412 4151 preces
1433 4086 1473 4129 eo

365 4169 540 4248 proposito
566 4180 602 4231 ut
624 4169 717 4233 Deus
735 4171 897 4252 Angliam
913 4193 1009 4236 suam
1027 4173 1193 4255 benignus
1209 4173 1394 4255 respiceret
1409 4170 1471 4237 Cui

165 4279 167 4284 ’
250 4284 339 4332 prum
364 4269 492 4333 eximio
510 4273 660 4336 caritatis
685 4276 778 4355 operi
803 4294 877 4340 sese
901 4276 1055 4340 nonnulli
1083 4277 1244 4341 maiorem
1270 4278 1303 4340 in
1332 4276 1468 4339 modum

182 4353 336 4450 2222?ss
360 4375 563 4438 dediderunt
579 4377 639 4439 viri
656 4379 836 4443 sanctitate
851 4380 1007 4457 illustres,
1017 4381 1218 4445 nominatim
1236 4379 1375 4446 Carolus
1387 4379 1470 4442 Bor·
