3117 4859
330 370 404 443 350
684 372 808 423 mnnx
836 370 1089 423 auauvrrcus

362 534 392 583 2ο
406 529 576 587 Pecuniaad
598 528 731 585 militiam
756 529 947 585 voluntariam
965 544 1018 599 per
1034 544 1143 583 annum
1163 529 1366 599 perficiendam
1386 530 1432 584 tri

327 619 432 673 beatur
449 616 602 687 juvenibus
628 618 825 687 indigentibus
847 616 896 689 qni
917 618 1012 672 bonae
1033 616 1093 671 sint
1115 618 1176 687 spei
1199 632 1259 687 279

364 713 393 775 3⁰
404 707 489 777 Jnvat
503 716 532 761 ut
545 714 614 761 ante
624 704 757 761 militiam
770 706 839 761 liant
851 704 987 761 exercitia
997 703 1166 774 spiritualia,
1177 706 1365 777 absolutaque
1378 708 1433 763 sint

326 800 452 861 exparte
467 790 494 845 S.
509 790 542 847 T.
565 790 660 845 studia
673 802 734 859 279.

361 892 392 945 4⁰
406 878 522 933 Debent
541 878 650 934 alumni
670 879 751 933 adire
771 877 940 933 sacerdotes
959 878 1062 947 quibus
1075 878 1247 932 Ordinarins
1259 878 1315 934 loci
1338 895 1433 933 curam

326 964 454 1037 ipsorum
474 966 649 1022 commiserit
671 966 799 1036 ayo-280.
821 996 857 1005 -
869 967 1058 1021 Alumnorum
1071 964 1279 1022 habitationem
1298 967 1355 1021 PP.
1369 967 1435 1020 Pro

327 1054 463 1109 vinclales
476 1054 603 1109 indicent
619 1054 779 1110 Ordiuariis
793 1074 800 1121 ς
819 1054 849 1107 lti
868 1052 924 1108 illis
935 1054 1064 1109 indicent
1077 1054 1250 1110 Sacerdotes
1256 1056 1435 1109 alumnorum

327 1158 425 1197 curam
446 1152 579 1211 gerentes
591 1142 652 1196 280.
673 1171 708 1182 -
730 1144 775 1197 De
800 1151 912 1197 mutata
931 1142 1056 1197 statione
1067 1142 1177 1197 alumm
1186 1143 1217 1197 P.
1228 1142 1435 1196 Provincialern

326 1229 478 1285 certiorem
491 1230 607 1298 iaciant,
617 1230 753 1301 vitaeque
764 1245 833 1284 suae
845 1228 978 1285 ordinem
996 1241 1142 1298 exponant
1155 1231 1215 1284 28ο.
1232 1260 1268 1270 -
1282 1231 1313 1285 Si
1333 1238 1435 1284 vacent

326 1334 344 1372 a
356 1317 460 1372 militia
473 1334 525 1387 per
537 1318 740 1387 septimanam,
753 1326 841 1385 agant
854 1332 905 1386 per
918 1325 977 1372 tres
995 1318 1060 1373 dies
1072 1317 1207 1372 exercitia
1226 1334 1311 1372 sacra
1329 1316 1389 1371 ado
1402 1344 1436 1354 -

327 1488 462 1560 religioso
475 1488 664 1555 committere,
677 1488 790 1545 monito
804 1487 960 1543 Ordinatio
973 1490 1033 1542 280.

365 1590 393 1647 ς·
406 1576 462 1647 Qui
479 1588 543 1647 post
557 1576 689 1632 militiam
703 1575 804 1631 fideles
824 1578 994 1644 manserint,
1014 1577 1042 1631 in
1062 1576 1202 1631 Ordinem
1222 1586 1437 1630 reassumantnr

327 1682 361 1722 ac
374 1674 476 1719 vacent
487 1665 628 1719 exercitiis
641 1664 740 1731 sacris,
754 1664 958 1734 differaturqne
967 1664 1070 1719 saltem
1080 1680 1249 1734 perannum
1267 1665 1320 1718 sol
1329 1663 1436 1734 proles

326 1752 370 1809 sio
383 1768 418 1808 ac
441 1752 484 1807 Ss.
500 1752 640 1807 ordinum
663 1751 809 1823 susceptio
821 1752 881 1807 280.
895 1780 931 1791 —
953 1751 1083 1807 Maxima
1095 1751 1132 1808 sit
1151 1753 1265 1807 cautela
1288 1753 1366 1807 circa
1385 1767 1436 1805 eos

326 1840 373 1911 qui
388 1858 445 1896 non
467 1840 657 1895 voluntariam
680 1840 731 1895 sed
754 1838 930 1895 ordinariam
950 1840 1060 1909 egerint
1083 1840 1224 1907 militiam,
1237 1856 1311 1910 quae
1330 1839 1437 1894 dintur-

327 1930 391 1985 nior
402 1939 448 1985 est
461 1928 586 1983 28o281.
608 1960 642 1969 —
667 1929 806 1983 Petuntur
821 1927 873 1984 litt.
888 1928 1095 1984 testimoniales
1118 1929 1157 1983 ab
1179 1928 1341 1983 Ordinarils
1359 1926 1437 1997 aprrd

326 2034 398 2089 quos
425 2018 528 2072 saltem
549 2028 607 2071 tres
631 2033 746 2071 menses
771 2015 880 2070 alumni
902 2015 1005 2070 morati
1031 2015 1089 2071 sint
1113 2016 1174 2071 281.
1194 2015 1358 2070 —Firmae
1375 2032 1436 2069 rna·

326 2114 395 2161 nent
407 2104 629 2173 irregularitates
639 2121 657 2158 a
664 2104 727 2174 jure
737 2113 879 2159 statutae:
893 2113 1007 2175 petatur
1020 2104 1050 2157 in
1062 2103 1184 2174 singulis
1195 2104 1311 2159 casibus
1321 2102 1435 2173 dispen-

327 2192 402 2249 satio
414 2192 475 2247 281.

359 2280 390 2334 6ο
403 2280 583 2349 Praescripta
597 2285 657 2345 n⁰4
677 2296 726 2335 eos
739 2279 827 2335 etiam
848 2288 981 2351 spectant
995 2279 1044 2350 qui
1066 2289 1131 2349 post
1154 2280 1366 2335 Prolessionem
1387 2278 1434 2333 vel

326 2370 370 2425 Ss.
384 2378 535 2439 susceptos
558 2368 683 2421 Ordines
697 2368 735 2422 ad
747 2367 880 2423 militiam
893 2366 1057 2422 diuturnam
1074 2379 1246 2423 revocantur
1257 2369 1317 2421 281.

360 2464 389 2525 7⁰
405 2456 556 2528 lmprovisi
572 2472 656 2510 casus
669 2455 706 2510 ad
718 2456 746 2511 S.
761 2456 1025 2525 Congregationem
1034 2456 1270 2511 deierantur281.

358 2624 405 2675 71.
428 2623 676 2675 DECRETUM
704 2625 745 2673 de
775 2627 878 2673 cantu
908 2624 1125 2674 eeclesiastico
1148 2624 1366 2687 adiectaeque

323 2714 631 2775 descolonges-
659 2712 784 2765 'ldulll
812 2712 904 2763 1894.
1226 2726 1292 2781 pag.
1381 2711 1430 2763 282

358 2866 449 2921 Curas
471 2864 611 2919 maximas
629 2881 681 2935 pro
701 2874 788 2919 cantu
811 2862 1007 2920 ecclesiastico
1032 2866 1064 2921 S.
1086 2865 1243 2935 Gregorius
1267 2866 1309 2920 M.
1330 2866 1432 2937 aliique

321 2954 485 3021 Pontifices,
502 2953 671 3024 praesertim
686 2952 844 3021 Gregorius
865 2954 944 3007 Xlll
957 2963 986 3008 et
999 2954 1141 3009 PaulusV
1153 2965 1305 3022 gesserunt
1324 2954 1386 3009 282,
1397 2982 1431 2991 -

322 3042 439 3114 Optime
459 3043 561 3097 dehoc
582 3052 668 3097 cautu
691 3042 810 3097 meritus
830 3052 875 3097 est
887 3042 1090 3097 Praenestinus
1104 3042 1249 3097 Graduale
1272 3044 1431 3098 Romanum

321 3132 490 3187 adornando
515 3130 641 3198 282-283.
664 3158 700 3169 -
733 3130 815 3198 Opus
843 3129 920 3183 illius
933 3129 1008 3200 typis
1039 3129 1181 3185 Mediceis
1211 3130 1431 3200 imprimendum

321 3228 506 3289 susceperunt
520 3218 610 3287 ipsius
623 3216 756 3288 discipuli
772 3219 831 3286 283.
842 3247 877 3255 -
902 3216 970 3271 Pius
981 3218 1034 3286 lx,
1047 3228 1149 3273 cantus
1161 3217 1285 3287 liturgici
1305 3218 1431 3274 inductu·

322 3324 369 3362 rus
382 3307 530 3374 unitatem,
545 3305 619 3360 illius
634 3305 799 3373 Gradualis,
811 3322 830 3359 a
844 3306 934 3359 Paulo
946 3305 973 3358 V
986 3306 1147 3375 approbati,
1160 3322 1267 3360 novam
1278 3307 1431 3361 editionem

321 3395 441 3465 subjecit
467 3394 591 3448 virorum
613 3392 768 3464 peritorum
799 3393 934 3460 examini,
957 3410 1078 3463 eamque
1099 3393 1222 3448 revisam
1252 3394 1290 3449 ad
1319 3412 1432 3449 normas

321 3482 515 3551 praescriptas
529 3482 566 3534 ab
580 3480 658 3551 ipsis,
672 3480 866 3534 authenticam
877 3480 1033 3535 declaravit
1047 3481 1107 3550 283.
1124 3510 1160 3520 -
1176 3484 1378 3537 Antecessoris
1391 3484 1431 3538 sui

321 3568 558 3637 approbationem
582 3567 761 3621 confirmavit
785 3568 918 3623 Pontifex
942 3566 1023 3622 initio
1037 3568 1080 3621 sui
1098 3568 1286 3624 Pontificatus
1308 3572 1431 3639 283-284

319 3684 355 3695 -
380 3654 583 3724 Improbantur
595 3656 809 3709 controversiae
822 3656 858 3708 de
875 3667 962 3709 cantu
983 3655 1181 3711 ecclesiastico
1195 3668 1297 3725 postea
1310 3670 1429 3725 exortae,

321 3744 475 3813 praecipue
491 3743 519 3797 in
533 3752 676 3797 conventu
689 3742 779 3797 Arelli
800 3743 900 3797 habito
919 3743 979 3809 284.
992 3772 1028 3782 —-
1048 3744 1143 3811 Hujus
1155 3755 1315 3800 conventus
1336 3758 1428 3817 postu·

320 3832 381 3887 lata
396 3830 527 3885 Pontifex
538 3832 650 3899 probari
664 3848 721 3885 non
742 3848 829 3900 posse
855 3832 1012 3885 declaravit
1026 3830 1152 3900 aba-285.
1175 3862 1210 3873 -
1223 3834 1430 3889 Controversiis

322 3920 358 3974 de
372 3919 508 3974 Editione
522 3920 653 3973 Romana
675 3918 842 3974 instauratis
856 3921 1011 3989 postremis
1033 3919 1112 3974 hisce
1134 3919 1226 3989 annis,
1245 3922 1275 3976 S.
1299 3923 1338 3976 R.
1359 3922 1428 3977 Con-

319 4007 451 4079 gregatio
472 4007 615 4061 servanda
635 4007 761 4062 decrevit
792 4024 867 4077 quae
892 4018 978 4061 antea
1001 4016 1109 4061 statuta
1129 4007 1252 4078 inerant,
1273 4010 1429 4079 iterumque

322 4092 457 4151 editionis
469 4095 614 4163 praelatae
628 4110 709 4149 usum
724 4094 885 4149 Ordinariis
898 4094 996 4160 suasit,
1009 4094 1076 4149 licet
1086 4111 1151 4149 eam
1160 4095 1281 4165 singulis
1292 4096 1427 4152 Ecclesiis

321 4197 378 4235 non
388 4180 554 4248 imposuerit
569 4181 602 4233 28
607 4181 731 4248 5-286.-
741 4181 825 4247 Quod
836 4183 865 4236 S.
880 4181 1121 4250 Congregationis
1132 4183 1289 4239 Decretum
1301 4184 1426 4240 Pontifex

321 4265 499 4321 confirmavit
525 4268 584 4321 286.
610 4296 646 4306 —·
671 4269 801 4337 Regulae
823 4270 859 4323 de
884 4267 997 4323 Musica
1021 4286 1112 4323 sacra
1149 4270 1225 4324 Pars
1247 4273 1272 4326 I.
1301 4273 1426 4343 Regulae

322 4354 471 4421 generales
484 4353 520 4406 de
533 4354 642 4408 musica
654 4355 821 4410 adhibenda
837 4355 865 4409 in
879 4355 1073 4410 functionibus
1084 4357 1288 4415 ecclesiasticis
1304 4378 1312 4417 :
