3117 4859
242 1195 272 1227 12
392 1238 508 1251 ,-
544 1186 693 1239 UMMUM
731 1195 863 1257 semper
898 1174 972 1238 Nos
1007 1175 1114 1239 tenuit
1143 1176 1291 1241 studium
1331 1177 1465 1243 Ordinis

213 1240 303 1354 1]Ξὲέῖ
421 1289 474 1446 S
513 1256 539 1405 ἓ
562 1277 667 1341 incliti
687 1277 720 1342 S.
738 1278 921 1357 Benedicti,
947 1281 1004 1362 qui
1032 1280 1121 1343 vitae
1147 1282 1374 1345 sanctimonia
1397 1304 1463 1347 om·

218 1408 331 1457 praecta-
514 1406 538 1481 Β
563 1384 682 1465 nisque
697 1382 918 1447 humanitatis
941 1384 1032 1448 cultu
1057 1384 1217 1449 maximis
1239 1385 1413 1452 Ecclesiae
1434 1398 1464 1451 et

194 1474 334 1589 '3⁰ng
356 1482 543 1556 &amuda
566 1486 612 1550 rei
642 1486 796 1569 publicae
829 1487 1038 1569 temporibus
1074 1488 1207 1570 utrique
1243 1490 1374 1552 eximio
1408 1486 1464 1552 luit

179 1604 321 1654 dicrirmo-
357 1590 524 1675 praesidio
540 1602 574 1655 et
589 1600 798 1655 ornamento.
816 1590 929 1674 Quare
952 1593 1042 1655 baud
1060 1592 1236 1656 omisimus
1260 1614 1322 1675 pro
1338 1614 1376 1657 re
1391 1606 1465 1657 nata

203 1678 330 1786 ‘22:223'
357 1696 452 1778 plura
478 1696 577 1759 huius
601 1695 702 1759 studii
730 1708 764 1759 et
792 1696 960 1759 manantis
985 1716 1088 1760 exeo
1114 1696 1351 1759 sollicitudinis
1368 1718 1460 1781 argu·

182 1816 329 1879 nsumgerg·
358 1809 472 1863 menta
498 1801 679 1882 praebere;
710 1810 802 1863 certa
829 1800 918 1863 enim
952 1798 1073 1864 fiducia
1102 1800 1240 1864 nitimur
1274 1812 1464 1883 praesentes

198 1868 329 1995 mm:
357 1906 454 1969 huius
466 1904 603 1969 Ordinis
616 1904 783 1982 alumnos,
793 1906 944 1969 aemulos
954 1906 1139 1969 industriae
1153 1905 1318 1970 maiorum
1333 1926 1463 1970 suorum

178 2004 232 2046 Μ·
357 2012 389 2073 in
407 2018 557 2091 utraque,
572 2028 674 2091 quam
691 2008 851 2085 diximus,
867 2008 976 2086 laude,
992 2008 1169 2073 effecturos
1191 2022 1227 2073 ut
1250 2010 1392 2091 perinde
1415 2010 1466 2072 ille

357 2116 474 2178 floreat
489 2124 591 2195 atque
607 2133 647 2175 ea
662 2111 775 2177 floruit
790 2123 901 2177 aetate
919 2134 984 2196 qua
1000 2134 1171 2177 summum
1198 2114 1312 2197 attigit
1338 2114 1463 2178 solidae

356 2218 483 2303 gloriae
520 2218 702 2299 fastigium,
738 2228 770 2281 et
801 2218 954 2281 extendat
991 2219 1147 2300 palmites
1182 2240 1257 2283 suos
1289 2240 1391 2303 usque
1421 2217 1467 2281 ad

356 2347 447 2389 mare
462 2324 514 2407 (1).
542 2324 595 2388 Eo
619 2326 851 2405 spectantibus
881 2324 999 2401 Nobis,
1023 2324 1132 2389 adfuit
1158 2329 1362 2407 tempestive
1388 2346 1461 2409 ope·

240 2467 331 2530 Nuper
357 2430 652 2513 ramquecontulit
669 2430 866 2495 adiutricem
884 2432 1026 2495 dilectus
1055 2430 1159 2494 Filius
1188 2431 1312 2495 Noster
1343 2430 1462 2513 loseph

178 2536 208 2581 ‘''1
229 2532 328 2592 Urbem,
358 2535 560 2599 Benedictus
590 2534 624 2599 S.
652 2534 690 2598 R.
720 2534 758 2597 E.
794 2534 983 2600 Cardinalis
1015 2536 1171 2612 Dusmet,
1202 2538 1258 2619 qui
1290 2535 1462 2599 desideriis

207 2604 328 2727 cm]
358 2640 492 2704 Nostris
514 2638 669 2720 religiose
683 2640 900 2722 obsequutus,
929 2660 1043 2723 nuper,
1070 2640 1317 2705 arcessentibus
1350 2640 1463 2715 Nobis,

178 2729 331 2857 mma
356 2744 400 2809 ad
433 2742 560 2808 Urbem
592 2744 683 2807 venit
714 2754 751 2808 ut
775 2745 921 2826 primum
940 2745 1126 2827 deponeret
1157 2746 1304 2829 lapidem
1323 2744 1462 2826 Collegii

183 2857 327 2922 Collegiis.
359 2849 392 2915 S.
408 2849 564 2913 Anselmi
592 2848 625 2911 in
651 2846 825 2912 Aventino
851 2858 967 2913 monte
998 2849 1189 2927 extruendi,
1220 2858 1253 2913 et
1283 2850 1461 2913 conventui

201 2926 329 3039 {mi
357 2963 526 3036 praeesset
538 2953 714 3016 Abbatum
731 2954 945 3036 virorumque
962 2954 1194 3037 delegatorum
1212 2973 1231 3017 a
1247 2956 1349 3017 variis
1360 2954 1460 3019 Bene·

178 3057 332 3170 anjam
357 3058 567 3138 dictinorum,
582 3077 669 3140 quos
693 3069 820 3121 atratos
844 3068 977 3135 vocant,
994 3058 1137 3122 familiis.
1161 3058 1264 3123 Cuius
1280 3066 1464 3123 conventus

182 3185 332 3236 Ordinem
357 3164 526 3228 indicendi
552 3183 592 3226 ea
620 3164 705 3227 ratio
730 3162 849 3241 fuerat,
877 3173 913 3227 ut
938 3163 1069 3228 collatis
1086 3164 1234 3228 consiliis
1255 3162 1299 3226 de
1315 3164 1356 3226 iis
1371 3165 1465 3227 rebus

188 3250 329 3329 fraenum
358 3278 512 3350 ageretur
528 3287 615 3349 quae
642 3268 685 3330 ad
711 3286 907 3331 communes
932 3268 1138 3349 pertinerent
1165 3267 1311 3332 universi
1329 3266 1465 3333 Ordinis

180 3332 330 3459 isaim.
359 3373 505 3436 rationes
521 3383 555 3433 et
570 3370 743 3447 utilitates,
759 3372 955 3454 praesertim
969 3392 1049 3435 vero
1065 3383 1101 3436 ut
1120 3370 1264 3436 fraterna
1282 3369 1375 3436 fieret
1390 3388 1464 3434 con·

177 3450 332 3563 ‘ww
359 3477 508 3551 sociatio,
522 3475 621 3556 quasi
637 3474 706 3538 icto
726 3473 869 3551 loedere,
894 3496 982 3558 quae
1008 3476 1170 3540 Familias
1196 3496 1326 3553 omnes,
1349 3474 1465 3559 quibus

182 3594 225 3627 Μ
237 3579 272 3655 ,52
285 3580 331 3629 0'·
359 3582 449 3645 idem
467 3578 563 3643 Ordo
578 3588 722 3655 constat,
733 3599 824 3643 nexu
842 3581 935 3643 suavi
952 3582 1102 3644 caritatis
1119 3592 1259 3645 mutuae
1274 3582 1465 3645 contineret.

182 3643 332 3759 midbzsrssa-
360 3683 474 3769 Quum
503 3684 617 3765 itaque
640 3684 803 3765 praedicti
829 3683 985 3748 Abbates
1012 3704 1051 3749 ac
1079 3685 1235 3767 delegati,
1251 3685 1375 3767 pluries
1391 3702 1464 3747 con·

359 3786 464 3871 gressi
481 3787 514 3849 in
531 3785 671 3849 aedibus
688 3787 730 3850 ad
748 3784 781 3852 S.
798 3786 938 3865 Callisti,
966 3788 1008 3851 de
1033 3789 1133 3852 rebus
1160 3790 1342 3871 propositis
1364 3783 1464 3853 consi-

359 3893 474 3955 derate
490 3899 523 3953 et
540 3891 686 3970 graviter
702 3891 955 3970 deliberassent,
981 3892 1146 3955 nonnulla
1172 3892 1214 3954 de
1240 3890 1363 3973 quibus
1385 3890 1465 3953 inter

359 4016 418 4061 eos
433 4004 636 4058 convenerat
652 3994 736 4057 scita
760 4004 795 4059 et
822 3996 946 4077 placita
971 3997 1198 4078 conscripsere
1221 3995 1265 4060 ad
1291 4010 1464 4059 commune

360 4099 577 4164 commodum
594 4096 731 4163 Ordinis
748 4098 902 4161 universi.
921 4098 1017 4161 Haec
1034 4099 1214 4182 diligenter
1229 4099 1345 4163 retulit
1362 4095 1464 4161 Nobis

360 4204 450 4267 idem
485 4204 627 4266 dilectus
660 4202 764 4265 Filius
800 4204 923 4267 Noster
958 4204 1081 4285 Ioseph
1109 4204 1318 4295 *Benedictus
1354 4197 1463 4267 Cardi-

393 4370 412 4403 r.
432 4356 521 4402 Psalm.
533 4363 629 4406 Lxxun
644 4368 679 4399 12,
