3117 4859
366 327 436 414 176
488 347 673 400 arrsrom
702 349 915 404 uncvcurcx
944 341 965 370 ‘⁴
984 355 1091 406 sxars
1116 355 1329 408 counitum.
1350 335 1367 359 '¹

365 435 612 450 —-.-—-,„——

197 507 336 576 quqejufrs-
360 500 412 556 est
428 492 592 557 sustinere
610 491 797 559 Ecclesiam
814 496 966 579 tuerique
984 519 1051 563 non
1065 499 1199 563 solubili
1211 520 1376 583 compage
1389 521 1469 566 con·

183 566 257 670 ῗζῗω
275 567 334 610 “⁶''
361 614 487 659 nexam
503 616 542 658 ac
559 593 700 662 firmam.
717 597 868 664 Tantum
888 621 969 666 vero
983 603 1123 685 explere
1149 623 1271 668 munus
1287 605 1346 687 qui
1362 605 1468 688 possit

360 699 433 763 sine
456 709 624 782 potestate
650 703 797 780 iubendi,
812 705 962 781 vetandi,
992 707 1173 784 iudicandi,
1188 727 1277 790 quae
1291 729 1369 772 vere
1394 730 1469 792 pro·

360 804 497 886 prieque
513 803 698 868 iurisdictio
710 807 856 870 dicitur?
873 807 1029 874 Profecto
1039 829 1106 874 non
1118 811 1181 874 nisi
1193 821 1364 894 potestate
1378 813 1470 875 iuris-

360 907 518 972 dictionis
534 917 625 973 stant
635 910 790 975 civitates
799 931 918 996 resque
928 913 1093 996 publicae.
1109 914 1322 996 Principatus
1333 917 1468 980 honoris

360 1031 399 1074 ac
415 1013 587 1092 pertenuis
618 1011 674 1077 illa
705 1015 903 1080 consulendi
935 1017 1164 1100 monendique
1186 1015 1340 1094 facultas,
1368 1039 1468 1102 quam

359 1113 567 1180 directionem
584 1128 715 1194 vocant,
731 1119 814 1183 nulli
830 1121 1005 1185 hominum
1022 1122 1176 1187 societati
1192 1123 1379 1187 admodum
1396 1144 1470 1205 pro·

361 1221 458 1284 desse
474 1239 583 1304 neque
599 1223 641 1287 ad
671 1221 835 1288 unitatem
866 1245 975 1308 neque
1002 1227 1045 1290 ad
1074 1224 1315 1290 firmitudinem
1334 1237 1470 1309 queunt

188 1399 193 1408 ι
231 1399 235 1408 Ι
256 1339 335 1406 Quem
363 1325 479 1407 Atque
494 1326 591 1404 hanc,
606 1327 649 1390 de
665 1345 731 1409 qua
747 1327 925 1410 loquimur,
941 1338 1146 1412 potestatem
1170 1329 1229 1394 illa
1243 1330 1422 1399 declarant
1436 1343 1468 1394 et

177 1399 333 1516 ζ’ζζᾮῖζξξᾷζ
362 1427 562 1494 confirmant
581 1429 651 1494 :Et
657 1440 774 1514 portae
790 1433 895 1512 inferi
902 1453 964 1496 non
972 1433 1212 1516 praevalebunt
1220 1435 1384 1498 adversus
1392 1456 1470 1498 canc

182 1517 335 1636 rffl'cffl‘jj
362 1571 405 1583 -
422 1547 439 1602 t
457 1532 570 1616 Quam
596 1541 837 1598 autemeam?
873 1555 917 1600 an
954 1536 1045 1600 enim
1084 1547 1213 1620 petram
1241 1557 1344 1620 supra
1370 1559 1471 1621 quam

201 1641 336 1740 „ssffss‘ssf
363 1637 552 1705 (Christus
568 1637 723 1702 aedificat
738 1639 951 1706 Ecclesiam?
980 1661 1024 1705 an
1051 1641 1266 1705 Ecclesiam?
1298 1642 1473 1726 Ambigua

197 1756 262 1800 miri
276 1769 335 1822 01³<-
366 1742 525 1825 (quippe
549 1742 675 1806 locutio
698 1752 749 1807 est
773 1767 781 1807 :
805 1763 847 1806 an
871 1747 968 1826 quasi
1002 1765 1104 1810 unam
1138 1748 1365 1829 eamdemque
1391 1768 1469 1824 rem,

220 1819 336 1919 pm
363 1860 382 1915 t
398 1857 529 1928 petram
546 1855 580 1908 et
597 1845 804 1910 Ecclesiam?
823 1847 900 1912 Hoc
916 1867 981 1930 ego
997 1869 1113 1912 verum
1128 1868 1202 1912 esse
1218 1850 1392 1926 existimo,
1407 1871 1468 1916 nec

221 1933 335 2037 {5252}ss
365 1951 487 2020 (enim
517 1952 676 2015 adversus
703 1961 844 2034 petram,
860 1971 1079 2035 superquam
1111 1951 1265 2018 Christus
1283 1953 1470 2018 Ecclesiam

193 2051 333 2170 affiiffl
364 2055 562 2132 (aedificat.
579 2075 640 2120 nec
657 2057 817 2120 adversus
840 2057 1028 2122 Ecclesiam
1055 2068 1171 2139 portae
1188 2057 1284 2122 inseri
1302 2059 1470 2140 praevale·

237 2175 332 2240 tasson
365 2161 482 2228 (bunt
500 2158 542 2241 (¹)
559 2173 586 2226 t.
611 2159 714 2224 Cuius
737 2159 873 2224 divinae
897 2161 1084 2225 sententiae
1108 2181 1149 2224 ea
1170 2161 1221 2223 vis
1244 2169 1296 2224 est
1322 2186 1330 2225 ε
1352 2182 1467 2244 quam·

178 2231 333 2339 ''fam''
360 2283 504 2346 cumque
520 2264 582 2326 visi
599 2262 763 2345 invisique
787 2263 901 2327 hostes
917 2265 996 2342 vim,
1012 2284 1242 2347 quascumque
1269 2276 1360 2329 artes
1376 2267 1467 2330 adhi-

360 2369 503 2446 buerint,
518 2387 703 2450 numquam
722 2367 793 2431 lore
809 2377 846 2432 ut
862 2367 946 2432 fulta
964 2370 1064 2433 Petro
1082 2369 1235 2433 Ecclesia
1262 2371 1464 2442 succumbat.

360 2481 419 2536 aut
451 2491 587 2554 quoquo
626 2473 729 2536 modo
762 2470 923 2535 deficiat:
951 2472 1137 2539 (Ecclesia
1176 2491 1256 2536 vero
1294 2483 1465 2556 tamquam

361 2575 520 2640 (Christi
555 2573 754 2650 aedificium,
789 2575 847 2657 qui
881 2576 1051 2658 sapienter
1092 2575 1309 2639 aedificavit·
1326 2578 1461 2641 domum

363 2695 490 2746 tsuam
522 2699 624 2762 supra
649 2688 780 2761 petram
799 2717 820 2755 -‚
847 2688 1020 2762 portarum
1042 2678 1139 2744 inferi
1165 2698 1277 2761 capax
1312 2699 1381 2744 non
1408 2694 1465 2758 est,

361 2797 378 2850 t
395 2781 660 2866 praevalentium
678 2783 815 2864 quidem
843 2782 1004 2846 adversus
1020 2801 1271 2867 quemcumque
1286 2784 1465 2858 homiuem,

361 2887 452 2970 (qui
468 2897 567 2951 extra
583 2897 713 2968 petram
740 2896 775 2950 et
803 2885 990 2950 Ecclesiam
1018 2885 1126 2961 fuerit,
1157 2887 1215 2950 sed
1244 2887 1463 2952 invalidamm

361 3007 378 3060 r
393 2991 552 3055 adversus
569 2989 660 3054 illam
675 2991 726 3071 (²).
744 3007 761 3060 l
779 2990 872 3073 Ergo
898 2990 1086 3055 Ecclesiam
1107 3010 1202 3054 suam
1232 2991 1328 3054 Deus
1344 2992 1463 3055 idcirco

357 3093 607 3160 commendavit
625 3095 733 3172 Petro,
754 3105 791 3157 ut
808 3106 970 3177 perpetuo
986 3094 1193 3158 incolumem
1205 3103 1299 3159 tutor
1326 3097 1465 3160 invictus

358 3209 578 3264 conservaret.
592 3199 680 3262 Eum
699 3197 800 3280 igitur
815 3197 913 3261 auxit
928 3206 1098 3280 potestate
1113 3197 1230 3261 debita
1249 3199 1351 3280 :quia
1367 3201 1466 3262 socie·

358 3305 420 3370 tati
436 3303 611 3368 hominum
628 3321 663 3364 re
679 3310 714 3364 et
736 3320 813 3364 cum
829 3299 951 3365 effectu
977 3303 1133 3377 tuendae,
1155 3302 1206 3363 ius
1227 3303 1360 3384 imperii
1376 3303 1411 3365 in
1427 3322 1464 3365 eo

178 3409 333 3513 euml&
357 3411 414 3493 qui
430 3417 541 3473 tuetur
554 3416 605 3470 est
618 3405 851 3470 necessarium.
865 3404 952 3467 Illud
970 3412 1142 3487 praeterea
1156 3404 1265 3469 lusus
1275 3405 1441 3469 adnexuit
1457 3429 1464 3469 :

178 3525 250 3572 Petro
263 3527 333 3572 otu·
359 3515 406 3580 Et
420 3513 482 3577 tibi
495 3511 577 3575 dabo
591 3509 697 3574 claues
713 3507 989 3591 regnicolarum.
1007 3508 1111 3571 Plane
1129 3506 1224 3589 loqui
1240 3508 1284 3571 de
1308 3508 1460 3574 Ecclesia

179 3588 333 3703 25212‘2'12
357 3618 476 3701 pergit,
488 3635 589 3699 quam
607 3612 708 3697 paulo
724 3622 803 3676 ante
827 3622 1037 3695 nuncuparat
1048 3631 1154 3689 suam,
1169 3631 1341 3693 quamque
1357 3613 1463 3696 ipsam

179 3717 242 3749 ''m''
357 3721 442 3787 velle
459 3740 494 3785 se
511 3720 544 3783 in
563 3720 662 3782 Petro
686 3717 787 3793 dixit,
807 3727 982 3799 tamquam
1005 3717 1038 3778 in
1056 3715 1289 3792 fundamento,
1308 3726 1464 3782 statuere.

357 3827 565 3908 Expressam
594 3842 660 3886 non
690 3823 793 3886 modo
808 3820 960 3904 aedrficr'i,
976 3821 1036 3884 sed
1052 3821 1155 3883 etiam
1174 3819 1269 3901 regni
1284 3821 1465 3904 imaginem

356 3929 442 4013 gerit
469 3926 622 3991 Ecclesia
639 3949 646 3989 ε
663 3927 832 4007 ceteroqui
858 3925 990 4006 insigne
1013 3924 1174 3988 usitatum
1200 3924 1333 4006 imperii
1356 3924 1466 3989 claves

356 4053 437 4108 esse,
453 4051 554 4096 nemo
570 4029 684 4094 nescit.
711 4027 928 4111 Quapropter
950 4029 1057 4092 claves
1081 4027 1178 4110 regni
1201 4027 1365 4092 caelorum
1390 4048 1465 4092 cum

358 4136 466 4200 [Esus
481 4135 562 4198 dare
580 4134 680 4196 Petro
696 4133 1087 4215 pollicetur,potestatem
1105 4143 1140 4195 et
1156 4130 1207 4194 ins
1223 4130 1257 4194 in
1275 4130 1463 4196 Ecclesiam

355 4236 533 4320 pollicetur
548 4238 704 4300 daturum
725 4259 731 4298 :
750 4249 767 4302 t
784 4234 890 4297 vFilius
918 4255 996 4298 vero
1021 4243 1056 4298 et
1085 4235 1199 4298 Patris
1216 4245 1249 4298 et
1277 4235 1330 4296 sui
1359 4235 1463 4316 ipsius

361 4335 971 4416 ml.
985 4373 1008 4404 n.
1024 4373 1059 4404 rr.
1073 4383 1104 4392 —
1119 4373 1141 4405 a
1161 4359 1197 4406 lb.
