3117 4859
450 364 573 414 runax
600 364 852 415 xunaxrrcus
1137 361 1210 433 339

109 522 201 582 ptores
212 513 259 583 qui
271 512 485 583 philosophiam
505 513 622 567 laedunt
641 527 702 566 220.
713 540 750 551 -
769 512 855 566 Multi
868 512 1005 565 historiae
1018 510 1212 580 similiumque

107 599 314 669 disciplinarum
326 600 500 655 documenta
513 600 679 669 Scripturae
688 610 837 669 opponunt
847 600 924 653 haud
933 615 1027 669 aequo
1033 598 1142 666 judicio
1151 610 1211 653 220.

107 714 141 723 -
159 684 233 738 Fieri
254 696 349 755 potest
371 696 401 740 ut
419 687 562 758 quaedam
581 686 676 740 minus
689 695 766 741 recte
780 686 808 739 in
823 685 1047 741 transcribendis
1066 684 1212 739 codicibus

106 774 257 827 exciderint
269 772 394 838 librario,
406 784 455 828 aut
468 774 523 829 loci
536 775 687 845 cujusdam
699 790 801 829 sensus
814 774 966 843 ambiguus
980 784 1163 843 permaneat:
1183 784 1213 827 at

105 861 180 915 nefas
205 860 299 916 dicere
324 862 436 932 aliquas
456 872 568 917 tantum
588 863 753 931 Scripturae
768 876 865 932 partes
887 879 952 917 esse
975 862 1139 932 inspiratas,
1163 870 1212 914 aut

108 965 214 1003 errasse
221 961 368 1004 auctorem
377 965 504 1005 220221.
512 980 548 991 —
559 952 594 1004 ln
602 960 692 1005 totam
703 951 878 1019 Scripturam
890 950 987 1004 divina
998 950 1159 1004 extenditur
1172 949 1213 1003 in·

107 1035 298 1106 spiratioquae
308 1052 424 1091 omnem
432 1038 557 1093 excludit
564 1052 701 1092 errorem.
708 1038 791 1091 Haec
802 1037 872 1092 fides
881 1038 1031 1091 Ecclesiae
1041 1045 1094 1104 est,
1100 1035 1214 1104 saepius

104 1122 217 1176 definita
225 1123 409 1177 aza—Vera
417 1123 499 1178 notio
508 1122 704 1193 inspirationis
713 1123 877 1193 Scripturae
885 1124 1061 1193 proponitur,
1073 1123 1214 1176 illustrata

107 1210 195 1264 verbis
215 1210 245 1264 S.
257 1212 331 1279 Aug.
344 1221 374 1266 et
387 1212 415 1265 S.
431 1210 570 1281 Gregorii,
583 1227 658 1281 quae
669 1211 786 1281 quidem
799 1212 907 1265 nullum
921 1211 988 1266 sinit
1012 1211 1040 1264 in
1066 1210 1214 1279 Scriptura

103 1311 164 1349 esse
176 1314 300 1351 errorem
315 1311 441 1352 221-222.
460 1327 497 1340 --
518 1298 604 1352 Hanc
619 1314 702 1352 suam
714 1298 803 1353 tuisse
816 1298 976 1352 doctrinam
995 1298 1097 1351 Patres
1109 1307 1138 1350 et
1153 1298 1212 1349 Do-

104 1393 194 1439 ctores
200 1386 285 1441 factis
293 1386 648 1457 ostenderunt‚ipsamque
656 1399 754 1457 aperte
765 1386 912 1454 profitetur
924 1386 1031 1455 S.Aug.
1043 1385 1080 1439 ad
1091 1385 1118 1439 S.
1132 1384 1211 1437 Hier.

104 1472 228 1527 scribens
241 1487 302 1527 222.
314 1502 351 1511 -
362 1472 518 1541 Theologis
531 1489 563 1527 se
572 1473 694 1543 jungant
707 1474 871 1543 Scripturae
885 1473 1051 1527 defensores
1071 1470 1212 1526 Catholici

103 1570 280 1614 externarum
297 1561 493 1614 doctrinarum
512 1562 604 1631 periti,
616 1578 721 1630 magno
741 1561 781 1615 rei
802 1560 924 1615 biblicae
935 1561 1133 1614 emolumento
1148 1574 1212 1612 222-

104 1661 196 1716 2²3···
206 1649 297 1703 Suum
310 1650 430 1719 quisque
442 1666 477 1703 ex
489 1649 587 1719 peritis
600 1650 686 1719 eligat
699 1649 786 1703 studii
796 1666 886 1717 genus
897 1665 954 1718 quo
963 1651 1054 1718 possit
1064 1649 1102 1702 ab
1117 1647 1213 1717 impiis

105 1734 246 1789 vindicare
259 1736 436 1806 Scripturam
450 1750 511 1803 223.
525 1765 559 1775 —
572 1736 714 1790 Fidelium
727 1736 910 1789 conserantur
923 1735 1061 1803 pecuniae
1076 1733 1104 1785 in
1118 1732 1214 1787 studia

106 1822 265 1877 doctiorum
284 1823 409 1877 virorum
430 1821 626 1893 promovenda
645 1837 753 1890 223.-
775 1822 914 1876 Insistant
935 1820 1041 1875 eruditi
1065 1820 1213 1889 principiis

104 1927 187 1980 supra
199 1912 358 1982 praefinitis
371 1923 401 1965 ut
414 1912 455 1965 rei
468 1911 592 1966 biblicae
604 1910 658 1966 rite
670 1910 806 1965 inservire
819 1911 934 1965 valeant
946 1923 1073 1979 223·224.
1088 1936 1123 1945 -—
1137 1908 1213 1978 lpsis

108 2000 229 2056 inculcat
240 2002 370 2056 Pontifex
378 2002 524 2071 quomodo
534 2018 565 2055 se
573 2017 672 2069 gerere
680 2001 804 2055 debeant
815 2000 843 2053 in
853 1998 1078 2053 dissentionibus
1088 1997 1212 2067 Scripta·

105 2104 165 2143 ram
181 2090 257 2144 inter
278 2099 307 2142 et
328 2090 463 2145 scientias
484 2090 591 2144 exortis
604 2103 664 2155 224.
676 2117 713 2127 -
726 2089 820 2142 Multa
833 2088 900 2141 olim
920 2098 1020 2141 contra
1035 2086 1213 2155 Scripturam

101 2179 215 2247 jactata,
225 2177 286 2247 jam
300 2190 414 2248 reperta
430 2188 496 2233 sunt
515 2178 630 2241 inania;
643 2178 785 2247 quosdam
798 2176 885 2231 etiam
900 2176 1002 2245 Script.
1017 2177 1095 2229 locos
1106 2172 1211 2227 rectius

104 2267 271 2337 interpretes
291 2267 466 2321 recentiores
488 2268 694 2336 indagaverunt
707 2280 767 2330 224.
782 2294 816 2305 —
835 2266 930 2318 Nemo
950 2279 1064 2317 ornnem
1080 2260 1212 2329 intelligit

106 2357 280 2428 Scripturam
293 2374 300 2410 :
313 2372 388 2425 quae
401 2355 536 2425 explicari
549 2372 606 2408 non
618 2365 747 2424 possunt,
760 2353 860 2407 humili
875 2363 971 2406 mente
985 2352 1137 2405 credantur
1150 2362 1211 2413 224.

101 2476 135 2487 -
145 2446 232 2501 Viam
246 2463 333 2516 quam
347 2444 477 2500 Pontifex
490 2443 669 2510 monstravit,
680 2452 838 2513 sequantur
850 2442 1032 2497 scientiarum
1050 2440 1133 2510 periti
1151 2438 1213 2506 viri,

102 2545 131 2588 ut
143 2538 253 2605 optime
265 2535 302 2589 de
315 2550 346 2587 re
359 2531 502 2587 catholica
514 2543 676 2586 mereantur
689 2546 749 2597 ²24
759 2560 795 2569 -
806 2530 913 2584 Curent
925 2527 1061 2598 Episcopi
1073 2527 1213 2581 servanda

100 2639 172 2692 quae
185 2622 319 2676 Pontiiex
332 2621 442 2673 monuit
456 2632 579 2687 224225.
588 2648 622 2657 -
636 2619 737 2673 Clerus
749 2618 840 2671 sacris
851 2617 965 2671 Litteris
976 2616 1089 2670 studeat
1099 2630 1212 2669 summo

101 2710 276 2766 reverentiae
288 2718 317 2762 et
329 2706 445 2777 pietatis
455 2705 558 2759 affectu
572 2718 631 2774 225.

135 2823 189 2875 39.
215 2819 429 2870 EPISTOLA
448 2818 491 2867 ad
509 2818 604 2867 card.
624 2814 841 2879 Langenleux
864 2814 1015 2875 Archlep.
1032 2812 1123 2861 Rhe·-

99 2923 247 2963 mensem
282 2908 323 2957 de
360 2910 526 2955 conventu
563 2903 709 2953 Euchar.
742 2903 1052 2965 Hierosolymitano.
1090 2923 1124 2932 —

99 2998 377 3052 lubentinae...
1058 3001 1122 3054 pag.
1160 2983 1213 3036 226

137 3097 330 3153 Gratissimae
354 3093 486 3148 Pontifici
511 3092 589 3146 inere
609 3109 654 3146 res
670 3102 770 3160 gestae
795 3092 823 3144 in
848 3101 990 3143 conventu
1004 3086 1211 3154 Eucharistico‚

103 3188 236 3257 praeside
250 3182 489 3239 Eminentissimo
499 3181 560 3235 viro
570 3180 606 3235 de
618 3198 649 3234 re
661 3179 804 3234 catholica
814 3179 842 3231 in
852 3178 970 3257 Qriente
983 3176 1092 3246 optime
1101 3174 1211 3229 merito.

105 3276 277 3331 Uberrimos
288 3273 351 3327 iore
363 3271 469 3325 fructus
482 3268 591 3323 laudati
603 3277 760 3322 conventus
775 3265 905 3319 Pontilex
918 3272 1021 3334 sperat.
1036 3262 1124 3316 Suam
1136 3262 1212 3316 solli-

104 3363 262 3417 citudinem
276 3370 396 3415 testatur
404 3375 474 3427 erga
487 3356 624 3412 ecclesias
636 3356 665 3409 in
675 3354 803 3422 Oriente,
815 3363 843 3407 et
856 3350 1000 3406 benedicit
1010 3350 1069 3403 226.

130 3472 187 3526 ⁴0.
202 3467 446 3521 aut-ocum
456 3468 499 3516 ad
508 3466 537 3516 S.
552 3467 592 3516 R.
601 3466 639 3515 E.
647 3464 845 3515 cardinales
853 3486 888 3495 -
896 3459 939 3512 23
952 3462 1027 3511 Deo.
1035 3458 1124 3509 1893.

1059 3542 1123 3595 Fag-
1162 3538 1213 3590 ²²7

138 3628 232 3681 Grato
245 3624 342 3679 animo
359 3621 459 3677 recolit
479 3619 609 3674 Pontifex
621 3618 761 3673 beneficia
774 3616 828 3670 sibi
838 3634 856 3670 a
869 3618 933 3670 Deo
946 3630 1084 3670 concessa
1096 3628 1159 3679 227.
1179 3642 1212 3651 -

107 3714 187 3768 Nihil
200 3714 289 3767 habet
303 3710 448 3781 antiquius
461 3725 547 3778 quam
559 3719 589 3761 ut
599 3723 701 3776 pacem
712 3705 764 3759 toti
777 3704 885 3758 mundo
898 3703 1039 3759 conciliet.
1053 3700 1212 3757 Sacerdotii

103 3800 251 3855 christiani
270 3798 396 3854 officium
415 3797 458 3851 sic
474 3796 597 3865 implens
610 3807 670 3859 2²7·
684 3822 719 3832 -
732 3793 792 3846 Pax
805 3790 832 3845 in
846 3789 1000 3845 individuis
1013 3806 1070 3842 non
1085 3804 1167 3843 secus
1180 3802 1214 3841 ac

101 3888 131 3940 in
152 3888 288 3957 gentibus
305 3885 363 3939 filia
381 3894 424 3939 est
440 3882 569 3954 justitiae
581 3898 655 3950 quae
667 3898 702 3934 ex
713 3879 770 3932 fide
780 3878 849 3932 vivit
861 3891 922 3943 227.
932 3906 967 3917 -
981 3875 1214 3930 Perturbationes

103 3991 220 4042 nostrae
233 3980 337 4035 aetatis
349 3995 384 4033 ex
396 3994 431 4033 eo
441 3976 593 4049 praecipue
606 3984 685 4028 ortae
698 3983 764 4026 sunt
777 3972 855 4041 quod
869 3970 897 4024 in
910 3969 1058 4024 bominum
1071 3967 1214 4022 mentibus

104 4070 193 4125 Fides
205 4068 386 4123 defervuerit.
400 4068 459 4120 Pax
472 4065 577 4118 trustra
590 4060 743 4131 quaeritur,
753 4076 818 4114 curn
833 4058 916 4113 Pacis
937 4058 1098 4127 negligatur
1116 4062 1216 4107 auctor

104 4159 166 4213 228.
186 4187 224 4196 -
246 4157 319 4225 Spes
340 4152 465 4208 fovenda
483 4148 550 4205 novi
569 4147 715 4217 religionis
727 4146 895 4200 incrementi
909 4165 916 4211 ;
932 4144 1054 4215 Spiritus
1067 4140 1143 4195 enirn
1158 4136 1214 4192 Dei

104 4245 262 4310 vivificans,
275 4240 423 4297 Ecclesiae
437 4256 550 4309 semper
562 4236 644 4291 adest
664 4236 724 4289 228.
737 4261 772 4272 -
793 4231 954 4287 Carismata
972 4228 1107 4285 coelestia
1126 4226 1214 4279 Sacro

104 4338 236 4409 Collegio
247 4347 362 4409 exoptat
377 4335 508 4390 Pontifex
518 4343 546 4389 et
557 4330 702 4387 benedicit
716 4330 776 4385 228.
