3117 4859
362 355 412 423 40
457 354 571 404 emsa.
595 353 721 404 nrosr.
744 339 765 367 ‘⁴
784 351 1078 403 amantissime
1095 349 1352 401 vouuursrts.
1371 323 1389 350 ''

180 516 326 586 prorumpe·
362 515 470 560 rerum
498 507 684 561 vestrarum
711 498 959 578 temperatione
984 505 1168 570 momenta,
1193 514 1282 576 quae
1308 491 1464 556 siminus

184 580 256 627 'am'
361 601 516 682 proxime
531 601 574 666 ad
592 602 624 667 id
641 600 732 683 quod
756 601 968 682 propositum
989 610 1041 666 est
1056 599 1260 673 conducunt,
1274 597 1461 662 conducunt

360 714 483 783 tamen,
492 705 543 770 vel
554 707 729 786 dignitatis
741 705 911 768 humanae
922 703 1237 769 tuendahonestate
1252 703 1305 766 vel
1322 701 1463 766 iustitiae

358 811 573 890 caritatisque
589 809 719 890 legibus
734 808 928 890 dirigendis.
949 809 1039 875 Sane
1064 810 1153 891 apud
1171 829 1232 871 vos
1247 807 1356 872 multa
1372 807 1465 870 datur

357 932 460 994 opera
482 933 630 990 caussae,
654 933 756 995 quam
773 924 896 977 vocant
912 913 1081 992 socialem,
1101 913 1321 989 dirimendae,
1343 913 1387 975 de
1401 929 1465 992 qua

248 1063 252 1072 ·
357 1016 512 1082 consulto
528 1029 579 1082 est
591 1038 611 1082 a
624 1017 732 1082 Nobis
744 1019 826 1099 ipsis
837 1028 951 1082 actum
963 1017 1142 1098 encyclicis
1154 1018 1273 1083 litteris
1285 1042 1293 1081 ε
1309 1013 1463 1082 sodalitia

357 1141 491 1204 quoque
506 1123 674 1186 habentur
690 1123 906 1204 providenter
920 1123 1059 1186 condita
1075 1125 1117 1185 ad
1139 1142 1282 1204 aequam
1307 1119 1464 1203 opificum

357 1225 531 1308 plebisque
555 1227 757 1291 levationem
790 1238 823 1290 et
854 1228 1077 1309 disciplinam.
1102 1225 1281 1309 Optimum
1306 1227 1466 1302 similiter,

356 1330 446 1410 quod
474 1341 570 1395 tanta
594 1352 671 1396 cum
698 1332 872 1396 alacritate
898 1343 932 1396 et
959 1332 1119 1396 firmitate
1133 1331 1359 1406 contenditur,
1374 1339 1412 1393 ut
1433 1330 1465 1391 in

356 1433 483 1514 populo
500 1446 636 1500 maneat
651 1435 808 1518 religiosa
824 1436 1013 1501 institutio:
1028 1457 1096 1521 quo
1112 1437 1241 1501 nullum
1257 1445 1349 1498 certe
1363 1434 1465 1496 stabi·

355 1535 419 1600 lius
435 1547 486 1602 est
502 1540 698 1604 educandae
714 1540 823 1605 soboli
838 1541 1112 1622 continendoque
1127 1539 1315 1634 domestico
1331 1548 1365 1603 et
1376 1534 1463 1601 civili

354 1641 463 1704 ordini
492 1643 759 1709 fundamentum.
784 1646 846 1708 Est
874 1646 955 1710 item
972 1647 1005 1708 in
1022 1645 1132 1721 laude,
1147 1646 1271 1709 multos
1287 1643 1466 1725 diligenter

355 1745 571 1829 studioseque
581 1749 613 1810 in
626 1750 659 1811 id
671 1749 864 1812 incumbere
877 1760 912 1813 ut
926 1760 1026 1830 potus
1042 1749 1311 1830 intemperantia,
1326 1747 1464 1828 indigna

354 1847 491 1914 homine
514 1851 616 1930 labes,
639 1853 851 1933 tempestivis
877 1855 1091 1919 cautionibus
1106 1854 1358 1934 comprimatur.
1376 1846 1463 1913 lllud

353 1963 467 2016 autem
493 1958 675 2038 egregium,
701 1957 841 2021 coalitas
864 1958 1065 2023 nobiliorum
1093 1959 1251 2022 iuvenum
1279 1955 1466 2026 societates,

352 2059 596 2123 custodiendae
612 2081 741 2125 morum
759 2063 895 2127 debitae
910 2064 1150 2140 continentiae,
1160 2072 1263 2144 atque
1277 2059 1401 2124 honori
1409 2054 1465 2139 qui

353 2181 413 2242 par
428 2173 488 2239 est,
504 2164 537 2225 in
555 2164 697 2228 seminas
712 2167 945 2231 observando:
970 2188 1047 2232 nam
1071 2167 1268 2241 dolendum,
1289 2163 1467 2247 opiniones

352 2265 396 2328 de
419 2267 602 2332 christiana
628 2269 838 2334 continentia
854 2292 987 2352 serpere
1001 2272 1168 2348 exitiales,
1189 2270 1285 2353 quasi
1302 2268 1465 2332 arbitran-

352 2370 437 2432 tium
462 2391 529 2434 non
554 2382 624 2435 tam
653 2373 805 2437 restricte
827 2396 868 2438 eo
893 2387 1074 2458 praecepto
1097 2376 1204 2439 teneri
1228 2376 1346 2452 virum,
1362 2389 1463 2451 quam

176 2473 228 2518 ’Μ
242 2473 327 2518 “dver-
354 2473 478 2538 femina
493 2485 656 2542 teneatur.
671 2515 716 2528 -
731 2477 805 2542 Nec
821 2481 893 2542 sine
908 2500 1026 2543 caussa
1043 2481 1226 2561 prudentes
1243 2479 1307 2542 viri
1322 2477 1465 2540 extime-

193 2546 234 2578 sus
245 2533 326 2578 Ratio-

197 2592 327 2663 nausmqm
353 2590 449 2641 scunt
475 2577 701 2646 rationalismi
720 2594 754 2647 et
777 2583 1015 2648 materiatum
1029 2594 1149 2667 pestes,
1164 2606 1185 2648 a
1201 2577 1465 2660 Nobismetipsis

174 2651 327 2756 ’ἷῑςὲζξξᾞ
353 2683 487 2764 saepius
510 2685 711 2763 damnatas;
736 2708 877 2769 quarum
902 2690 1107 2770 contagione
1129 2687 1294 2771 quidquid
1320 2701 1464 2768 usquam

175 2771 328 2888 “cm-J
354 2787 562 2850 auctoritatis
588 2800 638 2852 est
665 2791 698 2853 in
727 2791 897 2873 religione,
924 2793 956 2855 in
975 2793 1094 2856 studiis
1118 2792 1301 2865 doctrinae,
1323 2790 1358 2854 in
1378 2789 1466 2850 vitae

175 2906 213 2942 ra·
353 2909 424 2966 usu,
437 2892 565 2955 tollitur
576 2893 730 2958 funditus
742 2895 795 2957 vel
805 2897 990 2961 admodum
1003 2894 1199 2962 infirmatur.
1211 2895 1325 2979 Quam
1337 2895 1463 2958 obrem

354 2993 399 3056 illi
427 2997 596 3077 praeclare
625 3000 807 3062 consulunt
838 3001 894 3083 qui
934 3022 1000 3064 non
1039 3001 1158 3064 timide
1195 2998 1468 3080 complectuntur

352 3110 454 3181 atque
470 3101 570 3166 etiam
587 3113 742 3166 asserunt
758 3125 891 3167 summa
908 3103 974 3168 Dei
990 3115 1023 3168 et
1040 3104 1163 3170 Christi
1180 3105 1250 3168 eius
1267 3105 1351 3181 iura,
1364 3101 1467 3184 leges,

352 3205 571 3284 documenta;
587 3207 639 3270 his
650 3227 797 3290 namque
809 3210 961 3272 divinum
975 3211 1007 3272 in
1021 3210 1118 3271 terris
1134 3226 1273 3292 regnum
1291 3208 1467 3286 consistit,

352 3309 429 3372 hinc
451 3311 562 3373 omnis
587 3321 739 3393 potestas
764 3325 798 3374 et
824 3313 989 3393 sapientia
1004 3324 1038 3376 et
1054 3312 1270 3377 incolumitas
1285 3312 1464 3376 derivatur.

234 3451 323 3482 necnon
351 3451 394 3462 -
412 3415 586 3496 Probeque
602 3415 749 3478 indolem
766 3425 913 3480 vestram
930 3417 1157 3500 virtutemque
1171 3417 1323 3480 declarat
1350 3417 1464 3480 multi·

173 3496 326 3614 ⁷²“’}‘{,?,5’,³,f,
353 3518 432 3598 plex
449 3518 691 3583 beneficentiae
707 3521 809 3596 ratio;
825 3523 868 3586 de
883 3519 1045 3601 languida
1060 3532 1242 3597 senectute,
1258 3522 1302 3583 de
1322 3519 1466 3602 pueritia

173 3623 252 3674 opera.
351 3622 521 3702 derelicta,
535 3625 579 3688 de
595 3623 825 3686 invaletudine
838 3633 1008 3707 perpetua,
1019 3627 1062 3689 de
1075 3626 1188 3708 inopia
1200 3625 1409 3701 calamitosa,
1422 3625 1464 3688 de

353 3726 555 3809 periclitanti
569 3727 706 3810 pudore,
723 3729 765 3791 de
782 3729 968 3792 vitiositate
979 3730 1186 3812 corrigenda,
1195 3748 1362 3811 curaeque
1378 3730 1463 3793 aliae

205 3903 210 3913 .
352 3831 487 3906 similes,
513 3851 597 3913 quas
621 3831 809 3914 antiquitus
838 3832 990 3896 Ecclesia
1016 3843 1124 3897 mater
1147 3834 1297 3896 studiose
1328 3832 1466 3896 induxit

171 3905 326 4008 cmlii.
353 3933 512 4016 nulloque
538 3945 690 4016 tempore
711 3936 842 4000 destitit
866 3939 1115 4002 commendare.
1131 3937 1205 4000 Nec
1221 3936 1464 4015 praetereunda

169 4022 327 4081 3²⁰·⁸·⁵‘'‘²
353 4047 404 4100 est
427 4039 555 4100 dierum
580 4058 750 4102 sacrorum
775 4039 909 4121 publice
933 4040 1096 4105 inviolata
1120 4040 1247 4122 religio,
1274 4061 1384 4123 neque
1409 4040 1466 4102 ille

169 4086 327 4139 pturuereue·

173 4141 328 4245 minii}
354 4142 557 4204 reverentiae
582 4142 726 4220 habitus,
753 4164 821 4226 quo
849 4145 881 4206 in
910 4145 1099 4208 divinarum
1127 4145 1229 4208 libros
1256 4143 1462 4208 Litterarum

189 4259 217 4304 in
229 4260 326 4318 longia·
353 4246 454 4308 animi
480 4245 548 4309 iere
575 4248 751 4311 ducuntur.
768 4285 810 4296 -
828 4248 985 4312 Potentia
1000 4250 1146 4332 denique
1162 4261 1196 4314 et
1221 4269 1303 4332 opes
1319 4248 1465 4311 nationis

172 4324 327 4434 {mentes
353 4350 569 4426 britannicae,
594 4350 814 4413 humanitatis
839 4351 1070 4434 libertatisque
1097 4353 1261 4418 beneficia
1291 4355 1356 4418 und
1381 4369 1460 4414 cum
