3117 4859
499 967 537 1021 et
558 959 607 1018 ad
628 969 762 1017 omnes
783 955 980 1028 episcopos
1001 953 1185 1011 chaldaici
1207 953 1304 1012 ritus
1429 920 1433 987 ³-

456 1142 521 1202 ΒΕ
549 1135 709 1197 REBUS
738 1132 1004 1192 ECCLESIAE
1031 1133 1362 1195 CHALDAICAE.
1423 993 1448 1204 ΞΞι·

182 1429 186 1440 “
236 1461 266 1495 ,0
391 1421 563 1574 maists?
585 1413 772 1492 impensam
795 1427 863 1488 qua
888 1425 1046 1488 urgemur
1065 1426 1146 1489 erga
1169 1425 1288 1470 omnes
1308 1429 1350 1472 ac
1372 1431 1462 1494 prae·

209 1508 289 1624 {¹5⁴9ss
404 1533 487 1695 O
563 1516 677 1580 sertim
709 1510 901 1577 Orientales
933 1509 1103 1574 Ecclesias
1132 1511 1355 1590 voluntatem,
1384 1515 1461 1578 nihil

514 1577 541 1722 Ε
567 1619 720 1705 prolecto
748 1615 858 1680 Nobis
883 1613 1002 1677 suisset
1025 1614 1185 1695 optatius,
1209 1634 1312 1695 quam
1338 1628 1461 1681 etcum

222 1675 327 1781 ms.
351 1733 539 1806 mat
564 1722 883 1789 Patriarchavestro
899 1736 1013 1781 coram
1038 1718 1288 1781 communicare
1314 1722 1466 1790 consilia,

190 1807 327 1902 3:22ssle
353 1862 456 1928 quum
473 1855 542 1903 non
559 1833 608 1894 ita
624 1827 754 1910 pridem
783 1833 914 1887 ceteros
938 1821 970 1883 in
989 1820 1118 1885 Urbem
1147 1821 1312 1886 advocare
1340 1825 1464 1906 placuit

213 1913 327 2018 am
352 1950 395 2013 ad
412 1936 671 2012 deliberandum
688 1931 730 1993 de
746 1926 925 2008 disciplina
941 1923 1166 1989 Orientalium
1182 1933 1417 1992 conservanda
1432 1938 1466 1990 et

202 2032 324 2092 ''ms‘'
352 2050 497 2126 tuenda;
514 2051 567 2108 ast
593 2055 697 2121 quum
722 2033 850 2095 interea
874 2029 1038 2111 temporis
1062 2029 1296 2093 Patriarchalis
1314 2031 1463 2097 Ecclesia

352 2166 464 2219 vestra
488 2167 551 2213 suo
575 2140 753 2206 mansisset
781 2137 920 2199 viduata
948 2134 1087 2196 Pastore
1106 2133 1152 2196 ob
1176 2133 1351 2198 interitum
1378 2137 1410 2200 b.
1424 2155 1463 2198 m.

353 2251 566 2323 Venerabilis
598 2243 725 2308 Fratris
757 2240 874 2303 Nostri
907 2238 995 2300 Petri
1027 2236 1123 2300 Eliae
1147 2237 1370 2318 Abolionam,
1399 2239 1463 2302 voti

176 2396 293 2442 „mn
306 2405 330 2437 e
353 2369 529 2443 compotes
554 2351 625 2414 fieri
651 2346 742 2411 haud
760 2343 941 2426 potuimus.
960 2341 1139 2422 Pergratae
1155 2361 1255 2422 porro
1273 2342 1385 2406 Nobis
1401 2343 1464 2406 lue

191 2453 329 2558 ‘'J“‘f'ssm
354 2476 441 2541 runt,
450 2455 671 2527 Venerabiles
685 2450 819 2515 Fratres
822 2444 1164 2528 ,obsequentissimae
1179 2459 1311 2510 vestrae
1326 2448 1465 2518 litterae,

183 2571 329 2690 malet}
354 2574 456 2635 datae
481 2566 537 2628 die
561 2571 656 2624 xxxl
681 2553 807 2618 mensis
834 2549 993 2616 Octobris
1017 2551 1197 2630 superioris
1227 2552 1318 2627 anni,
1346 2553 1465 2634 quibus

211 2691 252 2744 sis,
264 2690 330 2734 crar-
355 2668 549 2743 nuntiastis,
563 2683 624 2729 vos
648 2661 681 2724 in
708 2657 872 2738 templum
901 2655 1027 2717 Beatae
1051 2652 1180 2716 Mariae
1196 2653 1349 2737 Virginis
1365 2673 1464 2738 prope

177 2749 326 2800 mmm
355 2794 481 2862 pagum
507 2765 661 2834 Alkosch
691 2763 734 2826 ad
761 2760 931 2843 synodum
959 2759 1021 2820 rite
1047 2768 1282 2840 congregatos,
1312 2758 1467 2841 praeside

355 2880 481 2945 dilecto
506 2874 575 2936 filio
602 2871 730 2934 Nostro
759 2865 910 2928 Henrico
938 2861 1205 2944 Archiepiscopo
1235 2860 1463 2943 Babylonensi

356 2984 556 3049 Latinorum
572 2985 607 3040 et
624 2975 656 3036 in
675 2969 924 3050 Mesopotamia
941 2965 1068 3029 Nostro
1083 2975 1118 3028 et
1136 2964 1235 3031 Sedis
1246 2966 1465 3048 Apostolieae

356 3088 536 3168 Delegato,
552 3079 705 3144 maxima
721 3073 910 3135 animorum
926 3070 1067 3133 caritate
1083 3090 1122 3132 ac
1138 3070 1373 3147 consensione,
1388 3087 1463 3132 cun·

355 3193 419 3256 ctis
444 3185 611 3268 suffragiis
635 3179 776 3260 elegisse
800 3173 1028 3238 Patriarcham
1047 3174 1283 3238 Venerabilem
1313 3174 1461 3237 Fratrem

357 3295 541 3376 Georgium
570 3282 799 3352 Ebed-lesum
826 3279 1013 3360 Khayyath
1037 3277 1343 3360 Archiepiscopum
1373 3277 1464 3341 Ami-

356 3401 496 3465 densem
507 3415 566 3458 seu
579 3385 886 3455 Diarbekiriensem
901 3381 1159 3458 Chaldaeorum,
1170 3381 1337 3463 simulque
1354 3392 1466 3464 postu-

357 3503 452 3567 lastis
480 3511 516 3564 ut
536 3498 736 3561 electionem
758 3486 956 3552 confirmare
983 3488 1136 3568 sacrique
1160 3484 1267 3562 Pallii,
1283 3484 1317 3547 in
1334 3505 1403 3568 quo
1419 3492 1465 3547 est

356 3605 535 3692 plenitudo
546 3596 749 3684 pontificalis
764 3592 875 3666 officii,
889 3591 1052 3653 honorem
1069 3593 1177 3654 electo
1193 3590 1340 3653 tribuere
1356 3599 1465 3652 aueto-

193 3769 332 3826 confirmas·
358 3714 456 3776 ritate
474 3705 674 3791 Apostolica
688 3700 860 3764 vellemus.
878 3697 1035 3759 Petitioni
1060 3695 1138 3759 huic
1163 3706 1304 3771 vestrae,
1322 3694 1464 3758 Venera-

180 3842 210 3882 n
358 3819 442 3882 biles
460 3812 604 3885 Fratres,
619 3805 737 3870 libenti
752 3805 868 3866 animo
880 3802 947 3863 iam
967 3799 1192 3864 satisfecimus
1208 3799 1241 3861 in
1260 3794 1465 3862 Consistorio

357 3922 478 3986 habito
504 3917 560 3979 die
586 3923 683 3976 xvt11
709 3909 832 3972 mensis
861 3906 975 3968 Martii
994 3907 1148 3987 proxime
1165 3904 1288 3985 elapsi;
1314 3904 1465 3982 datisque

195 3986 333 4106 ζΞΞιΞΞαᾱῖἶῗ
359 4026 423 4089 sub
439 4021 544 4124 anulo
557 4015 736 4081 Piscatoris
747 4011 954 4092 Apostolicis
971 4009 1119 4085 Litteris,
1129 4010 1184 4073 dre
1193 4021 1275 4071 xxn
1293 4007 1464 4088 insequen-

198 4120 228 4150 ⁵'‘
211 4104 333 4207 “wa
360 4131 403 4194 tis
420 4124 544 4191 mensis
538 4110 700 4202 Aprilis,
723 4127 757 4178 et
779 4113 874 4176 alteri
899 4125 1030 4176 vestrae
1052 4113 1233 4176 annuimus
1249 4105 1464 4193 postulationi

242 4221 301 4279 “ds'‘
286 4226 335 4265 ’Μ
361 4235 404 4295 de
430 4222 628 4310 deputando
643 4242 710 4305 qua
726 4219 923 4293 Vicario,1n
939 4217 1089 4279 eiusdem
1108 4216 1323 4279 Patriarchae
1339 4214 1463 4277 adiuto-

183 4281 259 4332 ΞΞΞΞΞΞΞΞ
362 4337 448 4398 rium
465 4340 498 4395 et
513 4331 677 4403 levamen,
686 4323 881 4387 Venerabili
895 4321 1012 4386 Fratre
1029 4321 1175 4403 losepho
1193 4319 1270 4382 Elia
1283 4313 1463 4401 Khayyath
