3117 4859
402 373 450 424 20
688 371 871 423 sarsrocn
900 359 920 388 ⁴·
939 371 1180 435 LounruQuA.
1198 349 1218 376 '‘

237 531 374 594 gradiatur
397 515 450 577 dis
465 516 623 580 videlicet
638 515 961 598 opportunitatibus,
976 535 1061 598 quas
1077 513 1196 579 afferat
1211 517 1301 578 dies:
1320 515 1498 592 eodemque

215 603 371 728 ‘'5:322'ss
399 631 550 701 tempore
570 619 650 684 dare
674 637 830 701 operam,
848 630 885 682 ut
907 621 1030 682 virtute
1061 617 1290 702 institutisque
1317 618 1387 680 suis
1401 615 1499 698 prosit

238 719 371 803 ‘murum
398 742 498 804 quam
516 725 666 788 maxime
683 733 796 804 potest
823 722 1039 786 incrementis
1065 721 1250 786 civitatum.
1275 721 1345 786 Sed
1366 719 1499 784 omnino

232 807 372 908 :acrem
396 839 578 912 utrumque
607 839 658 892 est
682 836 780 891 tanto
811 825 942 890 facilius
973 825 1244 908 cumulatiusque
1275 835 1498 896 consecutura,

216 923 370 1053 axam
396 943 525 1016 quanto
555 933 776 996 constitutam
809 930 929 994 melius
964 929 1076 994 sutura
1108 941 1263 1012 tempora
1292 927 1498 991 offenderint.

235 1055 321 1103 norica
336 1055 369 1104 n·
397 1039 552 1102 Iamvero
568 1038 649 1120 quid
666 1037 728 1100 sibi
746 1035 818 1098 vult
840 1035 975 1119 legatio,
991 1036 1034 1097 de
1050 1054 1117 1116 qua
1133 1034 1312 1116 loquimur,
1339 1044 1399 1095 aut
1423 1028 1497 1113 quid

212 1121 293 1183 Μ·
394 1152 525 1226 spectat
552 1153 727 1223 tamquam
755 1138 867 1217 finem,
892 1139 955 1202 nisi
971 1139 1036 1203 hoc
1051 1137 1192 1212 efficere,
1210 1148 1247 1201 nt
1264 1135 1439 1200 Ecclesiae
1459 1135 1498 1196 sit

394 1247 590 1312 constitutio
606 1242 740 1320 firmior,
756 1242 935 1324 disciplina
952 1243 1134 1307 munitior?

252 1376 369 1441 Pontifex
439 1349 540 1433 Quod
558 1349 606 1411 ita
614 1367 691 1412 cum
708 1347 760 1422 sit,
777 1347 876 1410 valde
891 1346 1033 1410 velimus
1048 1345 1155 1409 hocin
1173 1345 1304 1408 animos
1321 1343 1496 1407 catholico

241 1443 368 1556 fflfosh‘ss
395 1473 467 1518 rum
484 1452 634 1536 quotidie
650 1449 751 1514 altius
767 1449 962 1526 descendat,
977 1469 1040 1512 nec
1062 1449 1126 1513 sibi
1151 1450 1308 1530 privatim
1329 1446 1496 1510 consulere
1558 1511 1559 1544 ἶ

215 1573 306 1638 quium
323 1573 366 1622 Fz'-
394 1579 429 1622 se
456 1578 554 1640 posse
582 1555 712 1630 rectius,
740 1572 802 1616 nec
829 1556 872 1616 de
896 1554 1005 1616 salute
1031 1554 1202 1617 communi
1232 1553 1352 1615 melius
1376 1547 1495 1622 mereri,

215 1637 366 1764 mjffigd'
392 1661 538 1746 quamsi
557 1659 729 1723 Ecclesiae
755 1658 892 1720 subesse
916 1669 1019 1740 atque
1046 1659 1281 1740 obtemperare
1296 1666 1373 1720 toto
1387 1655 1495 1718 auimo

393 1765 611 1849 perrexerint.

437 1869 653 1954 Quamquam
671 1865 734 1928 hac
749 1863 797 1926 illi
813 1863 846 1925 in
864 1883 900 1926 re
915 1864 974 1927 vix
989 1863 1145 1947 indigent
1159 1863 1351 1927 hortatione
1366 1887 1374 1927 :
1391 1863 1491 1926 solent

392 1975 481 2038 enim
498 1993 559 2035 sua
574 1981 696 2052 sponte
717 1979 751 2032 et
768 1967 930 2032 laudabili
946 1971 1138 2033 constantia
1154 1970 1197 2032 ad
1216 1969 1370 2032 instituta
1386 1967 1490 2029 catho

245 2121 364 2156 commn-
392 2078 456 2141 lica
471 2076 716 2140 adhaerescere.
734 2073 822 2137 Rern
840 2093 942 2136 unam
959 2092 1101 2154 eamque
1118 2074 1259 2136 maximi
1277 2072 1442 2135 momenti
1463 2078 1490 2129 et

223 2173 314 2236 datque
325 2172 365 2286 dg
391 2181 645 2246 saluberrimam
659 2177 692 2239 in
703 2195 823 2240 omnes
835 2186 947 2258 partes
958 2177 1039 2239 libet
1055 2177 1220 2241 recordari
1237 2176 1301 2238 hoc
1318 2174 1400 2250 loco,
1411 2193 1491 2256 quae

231 2252 331 2351 uniizie
342 2309 365 2350 er
390 2285 456 2350 fide
474 2283 690 2363 moribusque
706 2289 823 2343 sancte
834 2281 925 2363 apud
939 2300 1006 2357 vos,
1019 2281 1068 2345 uti
1081 2300 1226 2362 aequum
1237 2289 1299 2356 est,
1314 2278 1489 2361 generatim

211 2369 363 2497 ,ass‘wj
390 2389 571 2454 retinetur:
587 2387 714 2468 dogma
729 2384 949 2449 christianum
966 2384 1111 2448 dicimus
1126 2386 1170 2447 de
1185 2385 1317 2448 unitate
1332 2394 1366 2446 et
1382 2401 1488 2464 perpe·

208 2499 251 2564 gn·
261 2505 363 2548 strenue
388 2495 510 2558 tuitate
526 2489 671 2572 coniugii
687 2512 695 2552 ε
711 2487 743 2550 in
761 2507 907 2569 quonon
924 2489 1271 2552 societatidumtaxat
1281 2488 1489 2556 domesticae,
1556 2520 1557 2523 =

166 2681 168 2684 Ι
228 2563 363 2693 mm}
388 2598 446 2662 sed
460 2597 562 2660 etiam
573 2592 1088 2657 coniunctionihominumcivili
1100 2592 1289 2656 maximum
1300 2591 1487 2675 suppeditat

236 2695 303 2771 Μ
312 2709 363 2743 non
387 2699 557 2765 vinculum
576 2695 827 2760 incolumitatis.
844 2695 898 2758 De
921 2695 1050 2759 civibus
1078 2697 1208 2774 vestris,
1223 2697 1267 2759 de
1284 2697 1325 2759 iis
1341 2697 1417 2778 ipsis
1431 2691 1485 2774 qui

210 2774 361 2874 cmxiii.
388 2804 563 2869 nobiscum
580 2811 690 2864 cetera
705 2801 880 2877 dissident,
895 2800 1097 2865 catholicam
1114 2803 1178 2864 hac
1194 2803 1237 2864 de
1253 2821 1289 2864 re
1305 2799 1485 2865 doctrinam

251 2892 363 3006 mg}
387 2906 658 2986 catholicumque
675 2921 803 2966 morem
814 2921 881 2965 non
893 2903 991 2984 pauci
1008 2903 1172 2968 mirantur
1187 2923 1226 2966 ac
1239 2905 1393 2986 probant,
1401 2901 1487 2963 vide·

210 2973 330 3072 misnae.
386 3011 465 3076 licet
480 3008 645 3092 perterriti
662 3005 798 3069 licentia
812 3005 1042 3071 divortiorum.
1058 3005 1160 3090 Quod
1177 3026 1254 3071 cum
1272 3010 1320 3070 ita
1337 3006 1485 3077 iudicant,

387 3136 454 3180 nou
472 3115 581 3178 minus
597 3112 737 3176 caritate
753 3111 882 3191 patriae
898 3111 1076 3189 ducuntur,
1098 3131 1200 3194 quam
1226 3114 1392 3195 sapientia
1410 3128 1481 3172 con·

255 3243 359 3304 Quanta
385 3220 460 3286 silii.
486 3217 557 3282 Vix
592 3217 682 3280 enirn
709 3215 851 3297 cogitari
883 3225 994 3295 potest
1024 3216 1200 3298 capitalior
1226 3218 1355 3283 civitati
1381 3216 1483 3300 pestis,

202 3309 361 3441 ἕζὲζᾝ
384 3343 487 3407 quarn
505 3323 598 3398 velle,
614 3320 725 3384 dirimi
742 3339 842 3402 posse
857 3319 1039 3397 vinculum,
1066 3321 1180 3385 divina
1201 3321 1277 3403 lege
1294 3331 1478 3406 perpetuum

209 3440 258 3489 nir.
385 3439 487 3512 atque
516 3425 737 3490 individuum.
771 3425 1001 3488 Divortiorum
1028 3429 1181 3489 “caussa
1211 3426 1297 3491 fiunt
1328 3423 1478 3492 maritalia

384 3536 400 3566 “
418 3532 552 3596 foedera
569 3529 763 3594 mutabilia:
779 3536 984 3591 extenuatur
1001 3540 1117 3594 mutua
1137 3532 1391 3598 benevolentia:
1416 3525 1476 3592 inti-

382 3637 546 3701 “delitati
577 3635 765 3717 perniciosa
793 3634 1013 3697 incitamenta
1040 3636 1326 3717 suppeditantur:
1358 3631 1474 3702 tuitioni

382 3748 398 3776 “
414 3753 516 3824 atque
532 3739 735 3804 institutioni
750 3738 932 3801 liberorum
956 3749 1094 3802 nocetur
1110 3763 1118 3803 :
1140 3739 1335 3805 dissuendis
1351 3743 1474 3806 societa-

380 3848 503 3911 “tibus
529 3845 724 3908 domesticis
746 3843 926 3924 praebetur
944 3845 1101 3908 occasio:
1124 3845 1374 3912 discordiarum
1403 3847 1474 3908 inter

379 3955 397 3983 “
414 3951 557 4014 familias
567 3950 698 4012 semina
708 3959 927 4030 sparguntur:
945 3949 1104 4010 minuitur
1115 3969 1154 4012 ac
1165 3951 1367 4031 deprimitur
1381 3947 1474 4031 digni·

379 4061 396 4088 ‘¹
412 4065 465 4120 tas
482 4055 670 4130 mulierum,
685 4072 771 4135 quae
788 4054 822 4114 in
839 4052 1024 4135 periculum
1037 4055 1240 4133 veniuntne,
1256 4077 1334 4120 cum
1361 4048 1472 4120 libidini

380 4165 395 4194 ‘¹
412 4161 558 4224 virorum
575 4158 795 4232 inservierint,
805 4178 866 4238 pro
879 4156 1047 4220 derelictis
1058 4157 1257 4226 habeantur.
1274 4160 1322 4224 Et
1330 4158 1472 4244 quonian

370 4271 395 4326 .“
412 4267 455 4328 ad
488 4264 678 4345 perdendas
706 4263 861 4339 familias,
896 4263 1165 4346 frangendasque
1197 4285 1377 4347 regnorum
1405 4273 1473 4341 op&

380 4377 396 4406 “
415 4372 496 4436 nihil
513 4379 584 4462 tam
602 4371 692 4433 valet
707 4388 808 4450 quam
819 4369 1009 4450 corruptela
1020 4389 1160 4447 morum,
1177 4368 1273 4433 facile
1289 4366 1472 4452 perspicitur
