3117 4859
361 298 433 370 216
460 315 580 369 EPIST.
604 317 762 370 ENCVCL.
787 305 1024 368 “mosum
1043 295 1439 380 Pluuquunu1uuu.''

358 461 530 544 cognitum
544 461 669 526 multos
684 481 817 543 semper
830 459 941 538 fuisse,
957 462 1014 543 qui
1026 459 1077 525 vel
1095 461 1301 524 sustinentes
1314 463 1467 543 graviora

359 591 507 650 munera,
531 573 583 637 vel
608 573 696 638 curis
726 573 877 656 operosis
903 574 1051 651 distenti,
1077 573 1164 638 hanc
1192 581 1305 636 tamen
1334 575 1469 655 pietatis

198 695 333 742 Roman
358 678 636 742 consuetudinem
654 677 748 742 nullo
763 695 913 760 unquam
932 676 988 742 die
1005 678 1223 744 intermisere.
1238 715 1282 728 -
1298 677 1374 760 Qua
1391 697 1468 740 cum

189 753 333 872 fflpfflss
358 799 394 844 re
407 781 554 845 suaviter
569 782 726 864 congruit
741 782 880 846 intimus
897 780 952 845 ille
968 782 1139 863 religionis
1156 803 1272 846 sensus
1285 803 1354 865 quo
1366 784 1468 846 animi

196 875 335 980 &⁶222ss
357 904 437 968 erga
452 903 613 950 coronam
635 905 764 950 sacram
787 883 945 962 teruntur,
969 895 1006 950 ut
1023 905 1097 952 eam
1115 887 1276 951 adament
1292 895 1467 968 tamquam

180 991 303 1040 snm
357 989 565 1054 individuam
575 989 832 1054 vitaecomitem
842 987 1468 1079 fidumquepraesidium;eamdemque

357 1093 390 1156 in
416 1111 525 1176 agone
547 1112 706 1174 supremo
730 1093 912 1176 complexi,
934 1095 1122 1176 auspicium
1146 1095 1245 1158 dulce
1261 1103 1399 1158 teneant
1424 1097 1466 1158 ad

239 1235 332 1284 m,
357 1193 655 1260 immarcescibilem
665 1195 795 1280 glorias
806 1216 965 1264 coronam.
981 1196 1145 1280 Auspicio
1157 1197 1339 1280 plurimum
1354 1197 1468 1262 favent

196 1297 333 1416 Ζῗξὲζ
357 1300 519 1365 beneficia
532 1321 644 1364 sacrae
660 1299 892 1382 indulgentiae,
907 1303 934 1364 si
952 1301 1091 1382 perinde
1106 1301 1296 1366 habeantur
1311 1321 1350 1364 ac
1367 1303 1468 1384 digna

179 1420 333 1483 natumst,
357 1403 525 1470 suntthis
539 1405 630 1468 enim
652 1403 862 1487 amplissime
887 1405 1020 1469 Rosarii
1044 1405 1234 1471 institutum
1258 1425 1278 1468 a
1304 1405 1468 1469 Decesso-

202 1481 332 1594 ”m
357 1509 448 1573 ribus
464 1508 599 1572 Nostris
619 1517 654 1573 et
676 1528 697 1573 a
719 1507 983 1594 Nobismetipsis
1007 1517 1058 1573 est
1080 1518 1226 1574 auctum.
1245 1508 1365 1592 anue
1380 1521 1469 1574 certe

180 1594 332 1701 ,ἔξω
357 1621 391 1676 et
407 1612 628 1676 morientibus
643 1621 677 1677 et
689 1613 759 1676 vita
775 1611 909 1689 functis,
924 1613 1019 1695 quasi
1036 1633 1094 1696 per
1111 1632 1230 1677 manus
1245 1613 1469 1678 misericordis

357 1715 509 1799 Virginis
541 1716 722 1797 impertita,
751 1715 851 1780 valde
881 1726 960 1782 sunt
990 1715 1173 1799 profutura,
1204 1737 1272 1799 quo
1304 1718 1468 1782 maturius

358 1819 532 1903 expetitae
545 1821 638 1902 pacis
655 1820 805 1902 lucisque
822 1835 1006 1904 perpetuae
1021 1820 1175 1884 fruantur
1190 1820 1328 1886 solatiis.

224 1962 335 2010 mm,
405 1923 511 2001 Haec,
534 1923 752 1988 Venerabiles
775 1923 920 2002 Fratres,
942 1934 1140 2006 permovent
1165 1925 1237 1988 Nos
1264 1933 1300 1988 ut
1326 1924 1470 1988 formam

220 2023 336 2078 ‘'W“
360 2027 495 2111 pietatis
521 2035 593 2091 tam
617 2027 853 2105 excellentem,
879 2038 1017 2110 tamque
1041 2029 1158 2093 utilem
1191 2029 1233 2093 ad
1264 2029 1468 2110 capiendum

191 2083 335 2188 ‘mua
360 2132 478 2197 salutis
494 2139 639 2215 portum,
653 2131 792 2196 laudare
813 2141 847 2195 et
863 2133 1102 2198 commendare
1122 2134 1281 2217 gentibus
1297 2131 1470 2196 catholicis

180 2215 248 2314 fais*
250 2202 335 2322 5123]
361 2257 403 2302 ne
426 2255 604 2301 cessemus.
627 2234 696 2301 Sed
719 2234 786 2299 alia
813 2244 985 2317 praeterea
1010 2237 1043 2301 id
1071 2237 1181 2320 ipsum
1208 2237 1328 2301 suadet
1352 2255 1470 2300 caussa

183 2327 336 2427 xvffi
360 2339 567 2424 gravissima,
601 2339 644 2403 de
673 2360 740 2422 qua
776 2337 842 2403 iam
878 2339 1013 2422 saepius
1049 2339 1168 2404 litteris
1202 2350 1237 2404 et
1266 2339 1471 2404 allocutione

200 2438 336 2544 ,wlff
360 2443 512 2508 animum
529 2443 729 2526 apemimus.
745 2480 789 2492 -
806 2442 982 2522 Videlicet,
997 2463 1100 2528 quum
1118 2464 1180 2507 nos
1195 2443 1346 2526 quotidie
1363 2443 1468 2506 acrius

204 2557 290 2603 crestae
300 2571 336 2602 re·
360 2549 403 2613 ad
429 2547 598 2630 agendum
624 2546 777 2629 impellat
802 2546 836 2611 id
861 2557 989 2625 votum,
1013 2547 1103 2631 quod
1129 2567 1174 2612 cx
1199 2547 1316 2612 divino
1342 2547 1467 2612 Christi

184 2615 336 2728 siim*
364 2653 438 2716 lesu
455 2650 568 2718 Corde
579 2651 805 2733 concepimus,
821 2651 924 2716 initae
936 2651 1172 2718 dissidentium
1189 2650 1468 2716 reconciliationis

362 2754 536 2836 fovendae,
552 2754 770 2838 intelligImus
795 2755 931 2837 quidem
952 2755 1039 2819 hanc
1056 2755 1378 2838 praestantissimam
1395 2755 1466 2819 uni-

361 2867 465 2924 tatem
497 2858 591 2923 nulla
621 2877 655 2921 re
687 2858 806 2922 melius
838 2860 946 2940 parari
978 2879 1077 2941 posse
1107 2869 1142 2924 et
1173 2860 1337 2942 adstringi
1368 2878 1469 2942 quam

360 2971 552 3028 sanctarum
574 2981 711 3044 precum
732 2962 864 3026 virtute.
891 2960 1101 3028 Obversatur
1125 2963 1322 3046 exemplum
1340 2962 1475 3040 Christi,

360 3067 417 3148 qui
441 3077 479 3132 ut
503 3066 630 3130 alumni
655 3064 856 3148 disciplinae
881 3085 962 3129 suae
986 3078 1098 3131 essent
1124 3069 1157 3132 in
1184 3065 1251 3131 fide
1276 3079 1311 3132 et
1336 3067 1475 3131 caritate

360 3191 472 3248 unuin,
488 3169 593 3234 effusa
608 3169 650 3232 ad
670 3169 804 3233 Patrem
818 3169 1054 3234 obsecratione
1070 3172 1210 3255 rogavit.
1228 3172 1349 3254 Deque
1364 3170 1475 3236 valida

360 3276 393 3340 lu
424 3276 515 3339 idem
546 3274 786 3355 deprecatione
820 3273 940 3337 Matris
971 3273 1043 3338 eius
1075 3276 1317 3354 sanctissimae,
1348 3277 1475 3340 illustre

359 3379 601 3444 documentum
619 3378 653 3440 in
676 3377 818 3441 historia
841 3387 892 3441 est
909 3377 1105 3460 apostolica.
1132 3379 1172 3443 In
1190 3400 1255 3463 qua
1272 3399 1475 3444 commemo-

359 3492 450 3548 ratur
466 3483 592 3565 primus
609 3481 862 3563 Discipulorum
875 3493 1002 3560 coetus,
1018 3483 1220 3566 promissam
1236 3483 1317 3548 almi
1332 3482 1476 3565 Spiritus

359 3586 617 3671 amplitudinem
634 3603 759 3668 magna
775 3605 835 3667 spe
859 3585 1017 3670 flagitans
1032 3595 1067 3650 et
1083 3595 1291 3668 expectans;
1307 3586 1475 3670 simulque

361 3690 490 3755 Mariae
514 3689 703 3772 praesentia
725 3691 973 3771 comprecantis
996 3690 1210 3774 singulariter
1230 3694 1476 3754 commemora-

359 3805 422 3860 tur.
448 3793 503 3858 Hi
525 3813 634 3858 omnes
656 3803 754 3857 erant
773 3804 1020 3874 perseverantes
1046 3793 1253 3859 unanimiter
1274 3793 1478 3857 irroratione

238 3939 334 4011 Qus
358 3918 433 3962 cum
447 3897 568 3962 Maria
583 3907 690 3991 matre
708 3897 785 3961 Iesu
801 3896 854 3978 (¹).
878 3898 929 3964 Ut
953 3899 1055 3980 igitur
1071 3898 1113 3962 ad
1130 3917 1217 3977 eam,
1233 3907 1411 3981 tamquam
1431 3899 1475 3962 ad

206 4001 335 4046 cauoruos
361 4001 500 4066 unitatis
524 4000 697 4064 fautricem
718 4010 752 4066 et
770 4002 949 4065 custodem
969 4002 1142 4080 eximiam,
1159 4012 1251 4067 recte
1266 4023 1303 4066 se
1321 4001 1475 4067 Ecclesia

183 4057 335 4104 donatura!

209 4121 334 4186 roropm-
360 4105 517 4168 exoriens
533 4105 701 4184 precando
716 4104 884 4180 adiunxit,
900 4104 933 4169 id
951 4105 1103 4170 similiter
1118 4105 1171 4170 his
1186 4106 1398 4188 temporibus
1414 4124 1474 4189 per

183 4179 335 4280 ffl'm*
361 4206 475 4270 orbem
492 4205 694 4271 catholicum
710 4205 779 4272 ficri
794 4220 1080 4290 peropportunum
1094 4218 1145 4274 est
1159 4231 1167 4288 ;
1182 4218 1257 4275 toto
1273 4210 1473 4292 praesertim

393 4342 413 4375 1.
427 4329 493 4384 Act..
507 4339 525 4382 r,
539 4341 573 4385 14
