3117 4859
353 367 406 416 DE
431 365 767 417 ORDINATIONIBUS
794 365 1041 420 ANGLICANIS.
1188 363 1258 436 205

146 510 440 584 considerandam,
455 519 506 573 est
523 529 685 574 manuum
702 509 876 591 impositio
891 530 898 587 ;
914 529 1003 591 quae
1019 508 1155 592 quidem
1178 507 1260 572 nihil
1350 538 1380 584 ῃ

145 613 324 679 definitum
351 633 412 696 per
437 633 474 676 se
499 611 676 695 significat,
691 622 725 677 et
740 633 849 696 aeque
861 614 903 678 ad
921 614 1087 695 quosdam
1105 612 1260 689 Ordines,
1315 584 1406 700 {gd

146 738 253 802 aeque
268 719 311 783 ad
329 715 628 783 confirmationem
641 725 829 799 usurpatur.
839 754 882 766 -
895 717 1049 782 lamvero
1058 718 1161 781 verba
1174 737 1260 800 quae
1286 751 1375 795 pm„
1386 764 1441 795 ,Μ

146 824 189 888 ad
206 822 399 905 proximam
409 841 515 903 usque
530 830 678 884 aetatem
688 820 855 885 habentur
866 822 991 902 passim
1005 821 1049 885 ab
1059 820 1260 920 A'nglicanis
1287 811 1433 914 lemn*

146 936 320 1008 tamquam
335 925 441 988 lorma
455 925 588 1006 propria
599 924 820 988 ordinationis
834 925 1084 1008 presbyteralis,
1095 924 1260 1001 videlicet,
1282 929 1439 1034 mem

144 1031 262 1112 Accipe
278 1029 444 1111 Spiritum
462 1029 632 1105 Sanctum,
661 1028 799 1092 minime
815 1033 897 1092 sane
913 1028 1106 1112 significant
1122 1029 1261 1093 definite
1283 1047 1440 1106 gliconisad-

145 1136 299 1198 ordinem
324 1134 502 1197 sacerdotii
529 1132 581 1197 vel
608 1133 680 1196 eius
705 1133 850 1213 gratiam
867 1143 900 1197 et
928 1141 1145 1216 potestatem,
1168 1154 1255 1216 quae
1286 1107 1441 1225 ssbfflm

144 1236 324 1322 praecipue
339 1247 390 1302 est
401 1245 552 1319 potestas
563 1236 772 1300 consecrandi
785 1246 817 1299 ct
831 1235 990 1319 offlrendi
1009 1258 1123 1301 oerum
1147 1248 1262 1318 corpus
1287 1240 1420 1344 322²&ss

145 1351 176 1406 et
185 1341 382 1423 sangninem
407 1340 550 1404 Domini
562 1339 613 1423 (¹),
638 1362 679 1405 eo
695 1339 867 1418 sacrifici0,
895 1343 986 1424 quod
1016 1362 1083 1405 non
1102 1353 1153 1405 est
1170 1340 1260 1404 nuda
1286 1346 1424 1464 diffido&

145 1445 404 1510 commemoratio
417 1444 574 1523 sacrificii
583 1444 618 1507 in
631 1443 732 1510 Cruce
733 1445 864 1527 peracti
872 1445 1057 1528 (2).Forma
1068 1445 1260 1509 huiusmodi
1287 1465 1338 1533 orm
1349 1477 1426 1515 suam,

311 1550 317 1564 .
619 1549 639 1564 ·.
758 1550 766 1563 ·
959 1548 965 1561 ·
1287 1539 1309 1568 se
1320 1538 1394 1581 qnam

147 1559 247 1614 aucta
262 1549 398 1632 quidem
415 1557 466 1612 est
483 1558 602 1630 postea
617 1569 658 1611 ns
676 1549 795 1626 verbis,
819 1548 868 1612 ad
877 1549 1020 1632 officium
1035 1559 1068 1612 et
1082 1560 1161 1632 opus
1167 1561 1260 1632 pres·
1280 1583 1348 1642 sm,
1356 1583 1423 1627 Mb„

148 1653 253 1734 byteri
262 1676 275 1719 .·
291 1654 350 1717 sed
366 1652 430 1716 hoc
458 1653 572 1735 potius
597 1653 776 1729 convincit,
793 1652 1002 1736 Anglicanos
1029 1653 1153 1718 vidisse
1169 1655 1260 1735 ipsos
1286 1647 1442 1759 mm}

148 1757 294 1839 primam
311 1776 385 1819 eam
410 1756 554 1820 formam
582 1754 685 1819 fuisse
710 1775 867 1819 mancam
895 1776 1005 1838 neque
1029 1757 1187 1821 idoneam
1205 1759 1261 1824 rei.
1287 1762 1425 1864 mm

151 1861 282 1925 Eadem
301 1880 379 1924 vero
405 1858 560 1936 adiectio,
581 1859 608 1921 si
634 1858 721 1923 forte
736 1860 873 1942 quidem
891 1860 1077 1942 legitimam
1095 1860 1261 1944 significa·
1289 1880 1394 1948 Horar-

150 1966 285 2030 tionem
303 1983 474 2046 apponere
489 1963 617 2027 formae
639 1973 763 2045 posset,
779 1965 884 2027 serius
900 1973 952 2028 est
980 1965 1131 2043 inducta,
1147 1967 1262 2050 elapso
1288 1940 1377 1984 ‘mm'

149 2069 217 2132 iam
236 2066 371 2130 saeculo
395 2075 472 2148 post
498 2076 671 2148 receptum
689 2066 852 2132 Ordinale
875 2068 1118 2134 eduardianum
1133 2091 1141 2150 ;
1157 2090 1260 2153 quum

150 2180 336 2254 propterea,
353 2170 551 2234 Hierarchia
566 2171 726 2249 extincta,
740 2181 890 2253 potestas
901 2173 1080 2237 ordinandi
1091 2175 1158 2239 iam
1170 2174 1262 2240 nulla

150 2274 490 2356 essetNequidquam
507 2294 607 2355 porro
622 2275 788 2338 auxilium
806 2293 945 2338 caussae
960 2277 1143 2341 novissime
1154 2298 1262 2343 arces-

151 2376 252 2442 situm
269 2387 320 2442 est
335 2378 379 2442 ab
402 2376 477 2441 aliis
493 2379 645 2440 eiusdem
663 2377 836 2443 Ordinalis
853 2380 1017 2461 precibus.
1035 2381 1135 2458 Nam,
1152 2392 1189 2448 ut
1210 2403 1262 2447 ce-

150 2491 223 2547 tera
238 2490 490 2565 praetereantur
506 2502 595 2565 quae
611 2503 668 2546 eas
689 2484 924 2548 demonstrent
941 2485 974 2547 in
993 2485 1058 2549 ritu
1084 2487 1263 2568 anglicano

152 2589 263 2652 minus
287 2587 491 2652 sufficientes
516 2589 699 2670 proposit0,
726 2608 830 2653 unum
855 2587 919 2651 hoc
956 2601 1194 2672 argumentum
1220 2593 1264 2657 sit

150 2692 258 2756 instar
272 2691 435 2769 omnium,
459 2691 502 2754 cle
528 2691 611 2772 ipsis
627 2691 784 2755 consulto
801 2693 990 2756 detractum
1009 2713 1082 2758 esse
1097 2695 1262 2778 quidquid

151 2794 186 2856 in
202 2796 267 2859 ritu
283 2794 451 2859 catholico
466 2795 669 2876 dignitatem
696 2806 730 2859 et
754 2795 864 2861 officia
891 2798 1072 2862 sacerdotii
1089 2800 1264 2883 perspicue

152 2898 318 2981 designat.
336 2898 413 2962 Non
431 2918 471 2962 ea
487 2899 590 2982 igitur
606 2898 715 2964 forma
731 2919 806 2962 esse
822 2909 902 2983 apta
920 2909 955 2965 et
972 2901 1140 2967 sufficiens
1156 2923 1264 2968 sacra-

153 3013 269 3068 mento
281 3012 402 3086 potest,
415 3023 502 3086 quae
513 3004 548 3068 id
560 3023 683 3087 nempe
695 3005 814 3068 reticet
830 3005 921 3086 quod
939 3006 1076 3071 deberet
1091 3008 1263 3092 proprium

152 3097 350 3192 significare.

196 3213 252 3278 De
266 3214 520 3278 consecratione
536 3214 720 3296 episcopali
737 3214 891 3278 similiter
906 3231 963 3281 est.
987 3217 1078 3280 Nam
1094 3217 1265 3295 formulae,
1289 3203 1408 3307 mle,

150 3317 268 3399 Accipe
295 3316 464 3399 Spiritum
481 3317 651 3394 Sanctum,
679 3338 745 3381 non
764 3319 867 3382 modo
894 3319 999 3384 serius
1024 3322 1161 3384 adnexa
1186 3332 1264 3386 sunt
1285 3320 1442 3440 ffljtcffgjb

151 3421 262 3498 verba,
277 3422 326 3485 ad
347 3422 487 3506 officium
501 3433 533 3486 et
547 3434 625 3504 opus
650 3422 794 3505 episcopi,
815 3423 875 3487 sed
892 3424 995 3487 etiam
1012 3425 1055 3488 de
1083 3425 1211 3504 iisdem,
1228 3436 1264 3490 ut
1290 3441 1410 3486 erationis

152 3546 235 3590 mox
251 3528 412 3605 dicemus,
428 3530 645 3593 iudicandum
664 3528 761 3593 aliter
777 3539 828 3592 est
840 3549 942 3611 quam
961 3529 995 3592 in
1012 3531 1077 3594 ritu
1088 3531 1264 3596 catholico.
1283 3499 1432 3604 mle?

151 3631 272 3715 Neque
288 3635 333 3696 rei
346 3633 478 3715 prolicit
489 3635 675 3716 quidquam
689 3634 873 3699 advocasse
890 3634 1109 3716 praelationis
1122 3656 1264 3718 precem,
1286 3618 1435 3736 mila,

153 3733 364 3817 Omnipotens
378 3736 471 3799 Deus
479 3759 495 3812 ,·
511 3758 614 3818 quum
628 3759 669 3801 ea
677 3738 803 3820 pariter
815 3738 991 3800 deminuta
1002 3739 1045 3803 sit
1059 3740 1168 3803 verbis
1178 3760 1264 3822 quae
1290 3737 1443 3841 mosd’m

149 3856 318 3900 summum
341 3838 559 3901 sacerdotium
584 3838 767 3905 declarent.
799 3837 891 3903 Sane
924 3839 1016 3918 nihil,
1047 3841 1113 3904 huc
1143 3843 1265 3905 attinet
1291 3856 1421 3901 Necnon

150 3942 340 4024 explorare,
354 3952 467 4006 utrum
484 3943 699 4025 episcopatus
712 3943 1003 4027 complementum
1020 3947 1064 4010 sit
1078 3947 1266 4023 sacerdotii,
1290 3916 1410 4020 {mdo}

151 4063 194 4108 an
211 4045 296 4109 ordo
312 4047 356 4110 ab
372 4045 431 4109 illo
441 4046 623 4110 distinctus
638 4072 645 4110 :
661 4055 720 4111 aut
732 4047 884 4124 collatus,
901 4056 938 4111 ut
951 4050 1055 4126 aiunt,
1063 4051 1267 4133 persoltum,
1291 4037 1432 4140 {mla

151 4147 280 4212 scilicet
295 4149 425 4212 homini
437 4168 503 4212 non
522 4150 699 4227 sacerdoti,
711 4160 823 4214 utrum
841 4149 999 4216 effectum
1016 4153 1140 4219 habeat
1152 4175 1266 4219 necne.
1292 4155 1409 4269 gffi’po

150 4374 205 4407 carr.
218 4374 242 4419 3.
306 4389 309 4394 -
