3117 4859
343 323 390 414 58
521 343 711 396 LITTERAE
737 341 995 395 apostoticae
1024 331 1043 359 “
1062 345 1240 398 movim.
1261 323 1278 352 '⁰

342 489 487 571 sapiant,
512 491 668 552 eamdem
695 485 845 552 habeant
870 488 1047 552 caritatem
1072 490 1250 553 unanimes
1272 491 1331 573 (¹);
1352 501 1457 574 atque

341 591 390 656 ita
407 590 568 656 Nostrum
586 593 764 675 explentes
780 592 954 674 gaudium,
968 589 1140 656 civitatem
1165 613 1301 676 quoque
1328 595 1457 659 incolu-

216 729 316 775 concor-
343 715 431 759 mern
445 694 688 778 florentemque
700 715 767 760 non
781 715 851 760 uno
866 697 1003 760 nomine
1019 695 1174 760 efficiant.
1190 697 1246 760 Ex
1263 698 1329 762 hoc
1341 709 1455 763 autem

163 788 208 834 ‘¹³⁰
230 787 316 834 Cam·
341 799 584 864 catholicorum
601 801 688 864 inter
703 820 740 863 se
754 799 956 864 christianae
978 801 1178 865 concordiae
1200 803 1397 884 specimine,
1410 823 1455 864 ex

157 847 319 976 plima?
342 903 406 967 hac
422 903 575 987 impensa
591 903 697 968 divini
714 905 879 968 exorandi
896 903 1054 968 Paracliti
1075 904 1246 988 religione,
1261 926 1303 969 eo
1318 924 1456 988 speran-

163 967 318 1096 1ἶῖὗῇᾎῖ
343 1010 424 1073 dum
441 1017 493 1072 est
510 1008 561 1071 vel
579 1009 729 1072 maxime
754 1009 799 1072 de
822 1007 1093 1073 reconciliatione
1117 1027 1219 1091 quam
1246 1009 1456 1074 instituimus

164 1087 319 1192 m'f‘ffl'ssj
342 1112 578 1177 dissidentium
596 1111 735 1176 fratrum
751 1112 984 1195 provehenda;
999 1123 1037 1176 ut
1052 1113 1142 1176 idem
1159 1111 1206 1176 illi
1232 1113 1340 1178 velint
1354 1114 1390 1177 in
1405 1135 1453 1176 se·

164 1205 314 1266 f''⁰s¹‘¹'‘'“‘·
343 1217 496 1298 metipsis
512 1217 636 1280 sentire
662 1217 751 1298 quod
760 1225 794 1280 et
808 1215 844 1278 in
862 1215 993 1281 cantro
1015 1215 1091 1280 Iesu
1106 1216 1160 1299 (2),
1174 1218 1325 1282 eiusdem
1343 1218 1453 1282 nobis·

342 1340 420 1384 cum
436 1319 515 1384 fidei
528 1330 630 1404 atque
646 1321 718 1404 spei
734 1319 918 1403 aliquando
933 1322 1268 1403 compotes,vinculis
1284 1322 1454 1386 coniuncti

342 1426 566 1510 optatissimis
591 1425 759 1508 perfectae
783 1425 943 1490 caritatis.
957 1463 1002 1474 -
1016 1425 1067 1489 At
1093 1446 1181 1503 vero,
1208 1435 1341 1509 praeter
1367 1427 1454 1490 bona

342 1531 574 1594 emolumenta
598 1529 721 1612 quibus
751 1529 879 1607 fideles,
901 1538 1071 1613 quotquot
1100 1531 1284 1594 hortationi
1309 1530 1455 1594 Nostrae

344 1636 488 1700 libentes
504 1635 749 1717 responderint,
763 1633 868 1696 talem
884 1635 1020 1716 pietatis
1037 1635 1240 1717 fraternique
1255 1637 1381 1697 amoris
1392 1634 1453 1696 sol·

343 1741 476 1806 lertiam
502 1747 592 1802 certe
619 1758 639 1801 a
665 1739 742 1802 Deo
768 1738 978 1802 cumulatam
1004 1737 1188 1816 habebunt,
1210 1739 1324 1820 placet
1348 1739 1452 1802 Nobis

342 1844 494 1933 praemia
520 1863 635 1907 sacrae
662 1843 894 1924 indulgentiae
909 1861 954 1906 ex
969 1843 1127 1907 thesauro
1143 1842 1317 1907 Ecclesiae
1333 1844 1451 1907 addere

342 1962 377 2016 et
393 1950 515 2032 largiri.

234 2105 320 2152 Variis
388 2058 510 2138 ltaque
526 2052 684 2116 omnibus
699 2051 757 2135 qui
773 2071 895 2115 novem
911 2051 1081 2116 continuis
1092 2051 1213 2115 diebus
1228 2060 1310 2116 ante
1336 2053 1449 2116 Pente·

183 2165 319 2238 ‚iudum-
342 2173 472 2229 costem
504 2156 656 2240 quotidie
686 2175 803 2239 preces
832 2156 963 2238 aliquas
992 2157 1179 2239 peculiares
1210 2156 1254 2220 ad
1290 2155 1448 2240 Spiritum

164 2232 320 2354 baim}
344 2271 519 2340 Sanctum,
535 2260 669 2344 publice
684 2260 737 2322 vel
759 2262 927 2342 privatim,
943 2262 998 2342 pie
1013 2261 1163 2338 fecerint,
1177 2261 1395 2325 concedimus
1418 2259 1448 2320 in

188 2345 319 2464 wil-¹2!
344 2369 495 2453 singulos
504 2386 562 2430 eos
574 2366 647 2430 dies
659 2363 907 2446 indulgentiam
920 2374 1051 2447 septem
1064 2384 1228 2430 annorum
1245 2366 1450 2447 totidemque

161 2464 318 2583 reffii‘m*
343 2477 658 2559 quadragenarum
676 2468 863 2549 plenariam
882 2479 996 2533 autem
1021 2470 1055 2532 in
1072 2487 1141 2533 uno
1155 2469 1309 2553 quolibet
1323 2487 1449 2534 eorum-

254 2558 260 2569 ’
344 2583 421 2646 dem
438 2577 568 2642 dierum
586 2575 639 2636 vel
655 2573 742 2636 festo
767 2575 842 2654 ipso
865 2574 921 2636 die
937 2582 1149 2655 pentecostes
1164 2575 1217 2638 vel
1234 2556 1387 2657 quolibet
1409 2593 1449 2636 ex

342 2695 421 2748 octo
446 2678 712 2762 insequentibus,
737 2679 840 2741 modo
862 2679 927 2742 rite
941 2677 1152 2743 confessione
1166 2679 1272 2742 abluti
1293 2681 1449 2760 sacraque

343 2786 583 2853 communione
596 2782 711 2846 refecti
722 2783 765 2844 ad
780 2793 928 2846 mentem
942 2783 1115 2859 Nostram,
1126 2802 1228 2866 quam
1240 2803 1344 2864 supra
1354 2782 1448 2864 signi·

345 2890 529 2964 licavimus,
545 2887 809 2970 supplicaverint
825 2885 909 2951 Deo.
928 2887 1005 2950 Hoc
1021 2898 1194 2970 praeterea
1214 2887 1404 2964 tribuimus,
1417 2893 1450 2946 ut

343 2998 372 3062 si
389 2997 447 3078 qui
464 2995 601 3056 easdem
618 3010 753 3072 precum
780 2991 992 3055 conditiones
1011 2993 1132 3056 iterum
1159 3012 1220 3074 pro
1243 2993 1373 3073 pietate
1395 3009 1451 3052 sua

344 3107 518 3183 praestent
534 3118 593 3180 per
608 3106 688 3159 octo
702 3097 773 3160 dies
790 3116 810 3159 a
829 3097 1026 3159 Pentecoste
1041 3096 1226 3179 proximos,
1247 3096 1332 3177 ipsis
1358 3094 1450 3158 liceat

344 3214 523 3286 utramque
546 3201 708 3284 consequi
735 3202 857 3265 iterum
885 3200 1144 3283 indulgentiam.
1168 3199 1266 3282 Quae
1292 3196 1449 3264 beneficia

344 3312 447 3376 etiam
474 3307 654 3372 animabus
673 3307 737 3387 piis
765 3307 835 3387 igni
862 3308 1059 3388 purgatorio
1085 3306 1230 3370 addictis
1246 3303 1396 3368 converti
1410 3300 1449 3364 ad

344 3416 543 3499 suffragium
560 3432 668 3495 posse,
691 3422 796 3494 atque
818 3411 854 3474 in
880 3423 1033 3493 posteros
1056 3409 1138 3474 item
1164 3429 1272 3474 annos
1286 3429 1361 3471 esse
1374 3405 1448 3470 vali·

345 3533 430 3604 tura,
454 3519 656 3584 auctoritate
683 3515 811 3580 Nostra
835 3516 1046 3579 decernimus
1077 3525 1178 3596 atque
1207 3512 1372 3577 edicimus
1384 3533 1393 3589 ;
1413 3509 1448 3572 iis

345 3643 494 3698 ceterum
511 3623 613 3687 salvis
628 3639 863 3702 quaecumque
879 3622 921 3683 de
938 3638 1031 3683 more
1046 3630 1126 3683 sunt
1141 3639 1181 3681 ac
1196 3619 1267 3680 iure
1283 3614 1446 3680 servanda

375 3736 521 3799 ⁴Datum
549 3729 681 3792 Romae
707 3728 798 3808 apud
828 3725 861 3789 S.
888 3726 1025 3788 Petrum
1050 3726 1114 3788 sub
1143 3725 1246 3787 anulo
1279 3721 1446 3786 Piscatoris

347 3842 402 3905 die
429 3851 454 3900 v
480 3835 563 3898 Maii
592 3845 802 3908 Mbcccxcv,
829 3829 1050 3895 Pontificatus
1077 3830 1195 3894 Nostri
1220 3849 1312 3892 anno
1326 3828 1447 3894 decimo

346 3957 477 4013 octavo.

814 4025 850 4091 e.
868 3971 992 4091 'cmm
1015 4023 1082 4088 na
1107 4018 1370 4088 succuum.

380 4213 399 4244 1.
418 4197 538 4254 Philipp..
552 4205 580 4248 rr,
594 4207 615 4244 a.
628 4209 649 4251 3.
667 4215 694 4224 -
714 4204 735 4236 a.
754 4191 834 4248 Im
