3117 4859
377 308 446 376 126
643 327 826 380 esrsroua
853 315 874 344 ‘⁴
895 329 1016 379 vaona
1043 305 1207 379 uosr1.”

371 491 411 536 ea
424 472 594 553 accepisse
608 481 775 537 testentur
792 470 924 535 litterae
938 471 1105 537 collectim
1124 473 1232 537 Nobis
1248 474 1351 539 datae
1368 495 1480 539 mense

370 575 500 639 octobri
530 594 635 659 nuper
657 573 781 658 elapso.
806 573 844 640 Si
867 595 955 658 quae
978 585 1127 640 ceterum
1144 585 1266 641 exorta
1281 587 1364 642 sunt
1379 579 1480 643 dubia

371 679 403 742 in
423 680 592 744 nonnullis
615 679 764 744 articulis
780 679 1226 762 interpretandis,Nostram
1252 692 1403 747 mentem
1421 685 1479 748 tibi

369 781 522 866 patefieri
539 783 697 848 iussimus
710 805 769 866 per
779 784 940 850 dilectum
952 783 1076 848 Filium
1088 785 1250 849 Nostrum
1263 785 1477 852 Cardinalem

369 887 519 951 eiusdem
537 888 820 970 Congregationis
838 886 1070 953 Praefectum:
1093 909 1238 971 spesque
1253 888 1397 972 affulget
1412 891 1478 955 iore

234 1066 239 1077 ι
268 1009 342 1055 Prae·
369 1001 406 1056 ut
429 993 544 1056 omnia
566 993 784 1075 quamcitius
807 1002 1064 1076 componantur.
1087 994 1251 1058 Attamen
1277 1014 1385 1059 unum
1401 1016 1477 1078 prae

190 1069 343 1174 ‘mm
367 1096 525 1160 omnibus
541 1117 601 1179 per
623 1097 683 1160 has
707 1096 850 1161 Nostras
875 1097 1003 1161 litteras
1025 1097 1162 1180 speciali
1187 1099 1291 1162 modo
1305 1119 1477 1163 commen-

191 1200 218 1230 ⁸''
234 1187 342 1234 '‘⁶“'0''¹'·
367 1199 519 1264 dandum
545 1221 730 1276 censemus,
756 1209 794 1265 ut
819 1220 942 1283 nempe
959 1201 990 1264 in
1017 1201 1218 1266 lectionibus
1244 1203 1424 1281 habendis,
1438 1204 1476 1265 iis

200 1245 242 1290 bus
253 1246 340 1307 lingua

208 1305 342 1411 mad
367 1305 504 1386 quidem
538 1306 700 1388 exceptis,
729 1325 817 1388 quae
843 1305 1002 1369 scientias
1029 1305 1209 1382 naturales,
1232 1325 1319 1389 quas
1346 1318 1476 1381 vocant,

220 1429 341 1496 maram
367 1409 609 1494 historiamque
632 1410 823 1493 respiciunt,
846 1409 952 1473 latina
979 1409 1095 1492 lingua
1117 1410 1342 1474 adhibeatur:
1365 1412 1475 1474 huius·

206 1484 340 1590 dfffl.
367 1515 458 1578 modi
475 1515 565 1578 enim
577 1515 672 1578 latini
683 1516 847 1579 sermonis
860 1533 957 1578 usum
975 1513 1008 1577 in
1024 1515 1161 1579 statutis
1177 1515 1473 1596 praescribendum

210 1603 338 1652 ‘mm‘
365 1637 526 1701 expressa
551 1620 675 1682 Nostra
693 1619 928 1683 mandavimus
945 1618 1129 1695 voluntate,
1150 1638 1171 1681 a
1194 1638 1262 1702 qua
1285 1618 1356 1682 ullo
1374 1620 1472 1682 modo

363 1724 587 1788 recedendum
611 1743 730 1788 omnes
760 1724 955 1787 admonitos
978 1723 1136 1786 volumus
1167 1721 1238 1786 sive
1263 1722 1472 1787 institutores

362 1831 433 1893 sive
449 1829 610 1892 alumnos
624 1827 701 1910 Quo
711 1828 802 1892 enim
819 1837 920 1910 pacto
930 1828 1015 1890 serio
1031 1837 1064 1890 et
1077 1825 1182 1890 solide
1194 1826 1226 1888 in
1237 1827 1308 1890 divi
1317 1827 1470 1891 Thomas

362 1942 395 1998 et
418 1933 694 1996 scholasticorum
721 1931 910 1996 doctrinam
935 1932 1129 1994 incumbere
1152 1931 1280 1994 alumni
1304 1941 1470 2014 poterunt,

361 2058 545 2122 eorumque
562 2037 765 2100 immortalia
781 2035 935 2100 evolvere
952 2035 1133 2112 volumina,
1148 2035 1253 2098 latine
1271 2038 1469 2120 conscripta,

361 2143 459 2206 liuius
476 2142 647 2205 idiomatis
665 2142 792 2204 nescii?
821 2141 980 2221 Impervii
998 2138 1149 2221 profecto
1165 2141 1205 2202 iis
1221 2159 1356 2221 semper
1372 2150 1466 2202 erunt

360 2247 553 2310 electissimi
581 2245 742 2309 scientiae
769 2245 917 2308 thesauri
942 2245 1024 2307 inibi
1050 2265 1110 2326 per
1133 2243 1268 2306 saecula
1289 2264 1311 2306 a
1326 2245 1466 2306 summis

360 2353 504 2434 ingeniis
520 2351 690 2433 congesti!
709 2349 781 2412 Nec
797 2350 1048 2412 institutoribus
1064 2349 1145 2429 ipsis
1164 2347 1269 2410 facilis
1281 2367 1335 2410 res
1351 2350 1424 2422 erit,
1438 2349 1462 2409 si

359 2457 493 2522 scholae
511 2467 704 2538 conceptus,
719 2455 904 2525 axiomata.
921 2454 1084 2516 terminos
1100 2452 1150 2516 vel
1167 2453 1260 2533 ipsos
1288 2451 1464 2514 vernacula

358 2562 474 2645 lingua
486 2553 670 2642 explanare
686 2569 859 2622 conentur.
875 2557 975 2620 Viros
999 2570 1113 2620 autern
1126 2557 1256 2621 altioris
1268 2556 1463 2619 eruditionis

358 2688 396 2732 ac
420 2665 562 2729 scientia
588 2683 664 2728 vere
687 2671 909 2747 praestantes,
934 2662 1051 2745 quales
1068 2659 1298 2724 Thomisticae
1322 2659 1463 2724 Scholae

359 2772 512 2836 alumnos
535 2780 702 2852 optamus,
726 2768 777 2830 vel
802 2769 952 2830 maxime
974 2768 1118 2829 dedecet
1145 2765 1286 2828 latinam
1315 2763 1461 2846 linguam

358 2897 425 2940 non
442 2876 576 2952 callere,
592 2873 789 2958 praesertim
800 2873 826 2934 si
839 2871 882 2934 de
897 2871 1026 2933 clericis
1038 2871 1149 2952 agitur
1168 2868 1341 2932 Ecclesiae
1352 2867 1461 2931 addic-

309 3001 313 3012 ‘
356 2983 408 3060 tis,
423 2982 476 3044 cui
493 2981 666 3064 proprium
683 2987 734 3041 cst
753 2976 842 3039 Latii
855 2995 1009 3038 sermone
1021 2995 1041 3038 a
1053 2973 1196 3036 saeculis
1209 2973 1258 3036 uti
1274 2985 1308 3035 et
1319 2971 1463 3055 gloriari.

356 3083 457 3168 Quod
475 3083 577 3147 laicos
593 3093 706 3145 autem
720 3079 853 3156 attinet,
868 3097 1010 3159 quorum
1021 3077 1161 3140 solidior
1171 3078 1204 3139 in
1222 3075 1462 3157 philosophicis

355 3189 542 3272 disciplinis
558 3186 725 3252 institutio
736 3185 845 3249 Nobis
862 3185 963 3247 etiam
975 3185 1067 3247 cordi
1078 3195 1197 3259 est,eos
1208 3182 1461 3245 aThomisticae

356 3294 500 3360 Scholae
516 3291 702 3374 frequentia
726 3289 823 3354 latini
839 3289 1004 3351 sermonis
1019 3308 1105 3363 usus¹
1121 3307 1233 3351 arcere
1260 3305 1329 3348 non
1353 3285 1453 3348 debet

353 3401 412 3463 sed
424 3400 536 3482 potius
547 3395 809 3472 alliceresiserio
819 3393 978 3456 scientiae
989 3391 1121 3455 inhiant
1131 3391 1298 3472 possessui
1312 3400 1347 3451 et
1358 3390 1460 3450 hono

354 3501 570 3584 ribusQuam
584 3499 694 3562 forsan
708 3499 752 3561 ab
764 3497 861 3560 initio
874 3515 1030 3558 cursuum
1042 3495 1213 3558 invenient
1225 3491 1458 3557 difficultatem

353 3609 421 3671 cito
436 3610 601 3681 evincent,
618 3614 716 3686 prout
732 3602 928 3685 exemplum
953 3587 1073 3682 probat
1097 3598 1320 3674 alumnorum,
1335 3600 1390 3679 qui
1414 3617 1459 3659 ex

351 3713 491 3776 diversis
509 3709 699 3792 regionibus
715 3715 749 3770 et
766 3706 889 3788 linguis
916 3704 1044 3770 Urbem
1061 3703 1267 3768 conveniunt
1284 3701 1460 3775 innumeri,

170 3822 326 3938 smmi}
352 3827 389 3881 ut
412 3816 561 3880 scientiis
585 3823 713 3889 vacent,
735 3831 822 3893 quae
845 3827 979 3891 semper
1002 3809 1105 3872 latine
1129 3807 1366 3889 explanantur.
1390 3803 1459 3886 Spe

232 3941 325 4008 scholae
349 3931 440 3985 certa
459 3922 559 4003 igitur
584 3918 655 3980 Nos
673 3916 819 3990 nitimur,
841 3913 911 3976 lore
928 3923 964 3976 ut
988 3913 1015 3974 si
1032 3911 1226 3975 executioni
1249 3909 1375 3986 debito,
1390 3927 1459 3990 quo

186 4004 321 4052 ⁰''‘”'“'“''
349 4045 409 4109 par
424 4023 653 4104 est,obsequio
669 4020 872 4082 mandentur
887 4018 1101 4098 omnia,quae
1118 4014 1169 4078 vel
1184 4014 1458 4102 commendanda

348 4131 400 4193 vel
429 4126 687 4210 praescribenda
710 4120 985 4205 significavimus,
1008 4141 1052 4181 ex
1076 4117 1222 4181 alumnis
1244 4117 1303 4201 qui
1318 4115 1456 4180 Thomi-

348 4234 453 4298 sticae
474 4228 618 4296 Scholae
641 4245 757 4291 cursus
782 4224 925 4288 Lovanii
949 4225 1012 4287 rite
1034 4221 1287 4298 celebraverint,
1302 4229 1457 4284 strenuus

354 4336 513 4420 proiecto,
524 4332 602 4395 licet
613 4332 709 4394 initio
721 4329 874 4410 exiguus,
886 4325 978 4390 brevi
988 4326 1155 4390 effolmari
1174 4326 1297 4407 poterit
1309 4327 1456 4389 virorum
