3117 4859
529 563 852 644 LITTERAE
879 561 1328 646 apostoncae:
1429 599 1460 726 3

377 712 403 815 j}
502 755 686 830 Qu1ssus
710 757 1059 819 consumatio
1083 757 1341 820 sooauum
1432 714 1459 830 ii

512 905 1326 968 a”“saucmss1uosacaamsnso

541 1070 1323 1132 messaaruuucousmmarua.
1431 1025 1456 1164 li

226 1373 299 1461 Age·
363 1365 523 1684 Γ]
554 1372 781 1424 EGRITUDINI
794 1360 897 1422 animi
910 1359 1035 1433 Nostri,
1051 1378 1095 1421 ex
1107 1367 1157 1421 tot
1173 1359 1346 1441 tantisque
1360 1359 1469 1423 Eccle-

228 1471 301 1534 1895.
417 1365 551 1740 A}
573 1465 643 1525 siae
656 1461 895 1526 acerbitatibus
907 1471 1100 1544 conceptae,
1117 1462 1310 1526 levamento
1326 1473 1379 1527 ert
1394 1484 1469 1526 sane

231 1587 245 1631 l
267 1593 337 1645 prae·
574 1587 640 1628 non
655 1567 815 1629 mediocri
832 1567 940 1647 pietas
954 1565 1197 1630 catholicorum
1214 1565 1402 1645 hominum,
1415 1577 1468 1650 qui

246 1601 262 1630 Β

197 1645 337 1752 mm„
327 1589 511 1740 amm
573 1669 684 1733 Deum
699 1669 975 1752 Redemptorem,
986 1669 1202 1733 maledictis
1191 1689 1390 1752 iniuriisque
1405 1693 1468 1735 vro

180 1766 262 1869 1⁸5&
259 1778 335 1868 ᾗῇ·
362 1774 468 1838 latum
485 1785 519 1838 et
536 1774 737 1848 lacessitum,
753 1773 900 1836 assiduis
919 1773 1222 1856 supplicationibus
1238 1774 1372 1856 piisque
1392 1796 1466 1858 ope-

191 1883 293 1928 uorum
294 1896 334 1926 m
362 1879 452 1942 ribus
468 1879 605 1942 student
629 1877 780 1940 humano
796 1878 910 1958 generi
928 1878 1061 1961 placare
1076 1890 1111 1940 et
1130 1877 1322 1959 propitiare
1345 1877 1466 1942 Conso·

181 1943 335 2106 {igini}
362 1980 448 2045 latur
471 1982 561 2044 enirn
592 1979 673 2057 Nos,
698 1990 731 2045 et
759 1981 793 2044 in
817 2001 912 2062 spem
940 1979 1088 2044 melioris
1113 1981 1186 2044 aevi
1214 1980 1355 2045 adducit
1380 1983 1465 2065 quod

184 2066 323 2180 1202?ssss
325 2065 497 2167 spiritus
522 2105 658 2168 precum
683 2083 876 2148 effundatur
898 2104 998 2166 super
1017 2087 1157 2148 domum
1179 2083 1301 2162 David,
1319 2095 1354 2150 et
1374 2106 1467 2167 super

361 2189 567 2253 habitatores
588 2188 768 2252 Ierusalem
788 2187 902 2271 :quod
919 2206 995 2251 non
1003 2190 1113 2252 minor
1129 2189 1174 2251 sit
1191 2189 1224 2250 in
1241 2199 1465 2271 propugnato·

360 2295 450 2358 ribus
462 2293 617 2357 catholici
629 2292 773 2356 nominis
785 2301 873 2355 recte
884 2292 1048 2355 factorum
1059 2293 1244 2374 laus,quam
1255 2293 1288 2354 in
1296 2313 1464 2375 oppugna·

359 2399 487 2463 toribus
499 2397 648 2478 nequitia
665 2416 805 2478 operum
825 2395 939 2478 :quod
952 2397 1090 2459 demum
1107 2396 1164 2458 ubi
1183 2395 1355 2459 Ecclesiae
1369 2397 1462 2460 Matri

360 2501 417 2565 filii
446 2501 633 2584 perduelles
658 2509 691 2564 et
720 2499 814 2581 impii
844 2497 1040 2564 afflictionis
1067 2508 1102 2562 et
1129 2499 1291 2562 moeroris
1316 2520 1462 2563 caussam

359 2606 520 2680 dederint,
537 2624 603 2667 non
618 2603 731 2667 desint
747 2602 807 2666 filii
822 2613 977 2667 amantes
993 2614 1027 2667 et
1043 2603 1198 2680 studiosi,
1206 2603 1263 2684 qui
1277 2603 1308 2666 ei
1320 2603 1463 2666 consola-

250 2734 280 2778 J
284 2734 332 2780 ua
358 2711 484 2772 tionem
502 2707 644 2770 offerant
660 2716 694 2771 et
710 2708 967 2788 reparationem.
985 2706 1030 2770 Et
1045 2726 1160 2770 revera
1177 2717 1297 2770 notum
1314 2708 1395 2770 satis
1409 2719 1464 2779 est,

176 2793 331 2914 ἕζὲἴηξξᾙ
358 2813 423 2875 hoc
447 2811 595 2875 medium
620 2831 752 2875 cursum
769 2820 907 2874 tenente
930 2812 1065 2874 sacculo
1090 2809 1335 2894 aliquantoque
1357 2812 1461 2886 serius,

181 2913 276 3024 „ihi-‘¹
277 2927 330 2960 cra·
356 2915 560 2979 nonnullos
551 2935 583 2976 rn
606 2915 715 2980 Gallia
733 2913 967 2978 infestissimos
990 2914 1159 2995 religionis
1175 2914 1291 2978 hostes
1308 2914 1460 2988 extitisse,

356 3021 413 3102 qui
430 3019 501 3082 ausi
517 3028 604 3095 sunt,
615 3019 730 3083 divina
743 3019 831 3082 IESU
846 3016 1005 3083 CHRISH
1018 3018 1198 3102 reprobata
1210 3027 1341 3094 natura,
1352 3017 1459 3082 Sacra·

357 3125 460 3188 menti
484 3122 628 3205 augusti,
650 3141 717 3205 quo
742 3122 823 3185 nihil
848 3131 899 3185 est
915 3121 1108 3186 hominibus
1126 3121 1315 3199 salutarius,
1337 3122 1458 3185 elevare

355 3225 456 3291 fidern
474 3237 507 3290 et
524 3226 720 3308 mysterium
738 3224 890 3290 reiutare.
908 3225 1084 3290 Adversus
1100 3225 1162 3289 hos
1178 3227 1239 3289 viri
1256 3234 1459 3308 praestantes

354 3332 486 3408 virtute,
503 3329 675 3412 proposito
686 3331 804 3407 sancti,
820 3331 853 3393 in
864 3331 1060 3393 societatem
1074 3330 1258 3405 coiverunt,
1269 3330 1329 3411 qui
1343 3347 1457 3392 nomen

354 3444 405 3499 est
428 3436 572 3499 inditum
598 3433 826 3516 Congregatio
854 3433 1066 3498 Sanctissimi
1092 3432 1312 3497 Sacramenti.
1341 3433 1459 3497 Huius·

354 3539 445 3602 modi
459 3538 654 3602 institutum
673 3537 828 3601 Lutetiae
840 3537 1055 3614 Parisiorum,
1073 3545 1210 3600 auctore
1225 3545 1260 3600 et
1275 3547 1373 3619 patre
1386 3536 1459 3617 legi·

354 3641 424 3706 fero
441 3643 539 3705 Petro
556 3640 688 3704 Iuliano
709 3641 861 3724 Eymard
883 3641 999 3723 exigui
1016 3641 1121 3704 instar
1144 3641 1282 3704 semims
1305 3651 1458 3705 exortum

353 3757 426 3825 est;
452 3747 575 3809 deinde
600 3745 750 3808 secundo
772 3744 839 3808 Dei
865 3744 1003 3808 numine
1023 3743 1249 3827 auspiciisque
1279 3745 1460 3808 decessoris

353 3851 469 3916 Nostri
493 3849 544 3913 iel.
563 3868 623 3912 rec.
650 3848 698 3911 Pii
716 3849 828 3930 Papae
843 3847 895 3911 IX
918 3848 1068 3911 celeriter
1082 3847 1191 3911 visum
1215 3858 1267 3911 est
1291 3848 1324 3910 in
1350 3848 1458 3911 utilem

352 3965 454 4040 atque
479 3953 615 4016 uberem
631 3962 779 4034 segetem
804 3951 1004 4016 adolescere.
1029 3950 1268 4034 congregatio,
1288 3961 1459 4035 tamquam

190 4017 326 4137 miii
352 4058 462 4123 hostia
479 4055 658 4138 piacularis
681 4055 759 4118 Deo
774 4055 908 4133 devota,
924 4053 1025 4119 finem
1043 4054 1147 4118 habet
1170 4055 1236 4119 sibi
1253 4056 1459 4139 propositum

353 4163 533 4225 salutarem
551 4169 585 4222 et
601 4168 754 4222 sanctum
758 4177 878 4241 ,quem
895 4159 1072 4241 multiplici
1089 4158 1220 4223 ratione
1234 4160 1370 4242 assequi
1385 4176 1459 4221 con-

354 4265 480 4338 nititur,
496 4263 675 4342 praecipue
696 4280 777 4324 vero
792 4262 990 4326 adoratione
1012 4270 1176 4345 perpetua
1192 4263 1328 4345 augusti
1345 4262 1458 4326 Sacra·

354 4366 460 4428 menti
477 4383 496 4425 e
511 4364 656 4426 tentorio
672 4362 835 4441 sublimis,
857 4383 1001 4446 quacum
1018 4365 1203 4446 gratiarum
1226 4365 1326 4442 actio,
1349 4363 1456 4448 propi-
