<?xml version="1.0" encoding="UTF-8"?>
<!DOCTYPE html PUBLIC "-//W3C//DTD XHTML 1.0 Transitional//EN"
    "http://www.w3.org/TR/xhtml1/DTD/xhtml1-transitional.dtd">
<html xmlns="http://www.w3.org/1999/xhtml" xml:lang="en" lang="en">
 <head>
  <title>
</title>
<meta http-equiv="Content-Type" content="text/html;charset=utf-8" />
  <meta name='ocr-system' content='tesseract 3.04.00' />
  <meta name='ocr-capabilities' content='ocr_page ocr_carea ocr_par ocr_line ocrx_word'/>
</head>
<body>
  <div class='ocr_page' id='page_1' title='image "./sanctissimidomi04xiiigoog_0224.png"; bbox 0 0 3117 4859; ppageno 0'>
   <div class='ocr_carea' id='block_1_1' title="bbox 377 353 1386 430">
    <p class='ocr_par' dir='ltr' id='par_1_1' title="bbox 377 353 1386 430">
     <span class='ocr_line' id='line_1_1' title="bbox 377 353 1386 430; baseline 0.008 -13"><span class='ocrx_word' id='word_1_1' title='bbox 377 370 447 421; x_wconf 87' lang='lat'>212</span> <span class='ocrx_word' id='word_1_2' title='bbox 504 372 600 423; x_wconf 79' lang='grc' dir='ltr'>ιιττ.</span> <span class='ocrx_word' id='word_1_3' title='bbox 623 374 779 426; x_wconf 72' lang='lat' dir='ltr'>ancien.</span> <span class='ocrx_word' id='word_1_4' title='bbox 803 362 823 391; x_wconf 89' lang='lat'>“</span> <span class='ocrx_word' id='word_1_5' title='bbox 842 375 1216 429; x_wconf 77' lang='lat' dir='ltr'>rnovrusnrrssruus</span> <span class='ocrx_word' id='word_1_6' title='bbox 1234 375 1345 430; x_wconf 77' lang='lat' dir='ltr'>naus</span> <span class='ocrx_word' id='word_1_7' title='bbox 1369 353 1386 377; x_wconf 89' lang='lat'>&#39;&#39;</span> 
     </span>
    </p>
   </div>
   <div class='ocr_carea' id='block_1_2' title="bbox 197 524 1559 2377">
    <p class='ocr_par' dir='ltr' id='par_1_2' title="bbox 228 524 1479 609">
     <span class='ocr_line' id='line_1_2' title="bbox 228 524 1479 609; baseline 0.008 -32"><span class='ocrx_word' id='word_1_8' title='bbox 228 533 278 579; x_wconf 79' lang='lat' dir='ltr'>rios</span> <span class='ocrx_word' id='word_1_9' title='bbox 289 546 349 595; x_wconf 80' lang='lat' dir='ltr'>quos</span> <span class='ocrx_word' id='word_1_10' title='bbox 375 524 590 587; x_wconf 90' lang='lat' dir='ltr'>continentur</span> <span class='ocrx_word' id='word_1_11' title='bbox 606 524 671 587; x_wconf 88' lang='lat' dir='ltr'>alia</span> <span class='ocrx_word' id='word_1_12' title='bbox 689 526 797 589; x_wconf 90' lang='lat' dir='ltr'>multa</span> <span class='ocrx_word' id='word_1_13' title='bbox 810 546 818 605; x_wconf 87' lang='lat'>;</span> <span class='ocrx_word' id='word_1_14' title='bbox 830 526 933 609; x_wconf 92' lang='lat' dir='ltr'>idque</span> <span class='ocrx_word' id='word_1_15' title='bbox 949 545 1207 608; x_wconf 84' lang='lat' dir='ltr'><strong>nonnumquam</strong></span> <span class='ocrx_word' id='word_1_16' title='bbox 1217 526 1384 607; x_wconf 90' lang='lat' dir='ltr'>ampliore</span> <span class='ocrx_word' id='word_1_17' title='bbox 1399 545 1479 607; x_wconf 90' lang='lat' dir='ltr'>qua·</span> 
     </span>
    </p>

    <p class='ocr_par' dir='ltr' id='par_1_3' title="bbox 215 597 1479 721">
     <span class='ocr_line' id='line_1_3' title="bbox 215 597 1479 721; baseline 0.001 -30"><span class='ocrx_word' id='word_1_18' title='bbox 215 597 348 721; x_wconf 51' lang='lat' dir='ltr'>lapztspeorp</span> <span class='ocrx_word' id='word_1_19' title='bbox 374 630 452 691; x_wconf 87' lang='lat' dir='ltr'>dam</span> <span class='ocrx_word' id='word_1_20' title='bbox 470 640 504 691; x_wconf 88' lang='lat' dir='ltr'>et</span> <span class='ocrx_word' id='word_1_21' title='bbox 520 628 742 693; x_wconf 85' lang='lat' dir='ltr'>reconditiore</span> <span class='ocrx_word' id='word_1_22' title='bbox 765 630 946 707; x_wconf 88' lang='lat' dir='ltr'>sententia,</span> <span class='ocrx_word' id='word_1_23' title='bbox 965 650 1066 714; x_wconf 89' lang='lat' dir='ltr'>quam</span> <span class='ocrx_word' id='word_1_24' title='bbox 1093 629 1283 712; x_wconf 83' lang='lat' dir='ltr'>exprimere</span> <span class='ocrx_word' id='word_1_25' title='bbox 1309 630 1425 692; x_wconf 88' lang='lat' dir='ltr'>littera</span> <span class='ocrx_word' id='word_1_26' title='bbox 1447 640 1479 692; x_wconf 86' lang='lat' dir='ltr'>et</span> 
     </span>
    </p>

    <p class='ocr_par' dir='ltr' id='par_1_4' title="bbox 230 730 1483 841">
     <span class='ocr_line' id='line_1_4' title="bbox 230 730 1483 841; baseline 0.001 -46"><span class='ocrx_word' id='word_1_27' title='bbox 230 730 350 841; x_wconf 52' lang='lat'>“⁸2¹³“</span> <span class='ocrx_word' id='word_1_28' title='bbox 374 732 647 797; x_wconf 86' lang='lat' dir='ltr'>hermeneuticae</span> <span class='ocrx_word' id='word_1_29' title='bbox 675 732 767 815; x_wconf 83' lang='lat' dir='ltr'>leges</span> <span class='ocrx_word' id='word_1_30' title='bbox 803 734 952 799; x_wconf 91' lang='lat' dir='ltr'>indicare</span> <span class='ocrx_word' id='word_1_31' title='bbox 978 735 1176 799; x_wconf 85' lang='lat' dir='ltr'>videantur:</span> <span class='ocrx_word' id='word_1_32' title='bbox 1190 734 1282 798; x_wconf 84' lang='lat' dir='ltr'>‘alios</span> <span class='ocrx_word' id='word_1_33' title='bbox 1309 744 1483 816; x_wconf 83' lang='lat' dir='ltr'>praeterea</span> 
     </span>
    </p>

    <p class='ocr_par' dir='ltr' id='par_1_5' title="bbox 239 809 1479 917">
     <span class='ocr_line' id='line_1_5' title="bbox 239 809 1479 917; baseline 0.002 -19"><span class='ocrx_word' id='word_1_34' title='bbox 239 809 350 908; x_wconf 55' lang='lat' dir='ltr'>mi}</span> <span class='ocrx_word' id='word_1_35' title='bbox 373 855 499 913; x_wconf 89' lang='lat' dir='ltr'>sensns,</span> <span class='ocrx_word' id='word_1_36' title='bbox 515 835 566 898; x_wconf 88' lang='lat' dir='ltr'>vel</span> <span class='ocrx_word' id='word_1_37' title='bbox 584 836 626 898; x_wconf 91' lang='lat' dir='ltr'>ad</span> <span class='ocrx_word' id='word_1_38' title='bbox 644 836 809 917; x_wconf 81' lang='lat' dir='ltr'>dogmata</span> <span class='ocrx_word' id='word_1_39' title='bbox 836 837 1040 903; x_wconf 83' lang='lat' dir='ltr'>illustranda</span> <span class='ocrx_word' id='word_1_40' title='bbox 1067 838 1119 903; x_wconf 90' lang='lat' dir='ltr'>vel</span> <span class='ocrx_word' id='word_1_41' title='bbox 1144 841 1188 903; x_wconf 92' lang='lat' dir='ltr'>ad</span> <span class='ocrx_word' id='word_1_42' title='bbox 1206 839 1479 903; x_wconf 90' lang='lat' dir='ltr'>commendanda</span> 
     </span>
    </p>

    <p class='ocr_par' dir='ltr' id='par_1_6' title="bbox 373 939 1477 1025">
     <span class='ocr_line' id='line_1_6' title="bbox 373 939 1477 1025; baseline 0.003 -23"><span class='ocrx_word' id='word_1_43' title='bbox 373 951 554 1025; x_wconf 89' lang='lat' dir='ltr'>praecepta</span> <span class='ocrx_word' id='word_1_44' title='bbox 571 940 670 1017; x_wconf 87' lang='lat' dir='ltr'>vitae,</span> <span class='ocrx_word' id='word_1_45' title='bbox 686 940 758 1022; x_wconf 84' lang='lat' dir='ltr'>ipse</span> <span class='ocrx_word' id='word_1_46' title='bbox 790 939 946 1004; x_wconf 91' lang='lat' dir='ltr'>litteralis</span> <span class='ocrx_word' id='word_1_47' title='bbox 976 960 1095 1004; x_wconf 89' lang='lat' dir='ltr'>sensus</span> <span class='ocrx_word' id='word_1_48' title='bbox 1126 941 1279 1024; x_wconf 86' lang='lat' dir='ltr'>prolecto</span> <span class='ocrx_word' id='word_1_49' title='bbox 1308 942 1477 1005; x_wconf 71' lang='lat' dir='ltr'>adsciscit</span> 
     </span>
    </p>

    <p class='ocr_par' dir='ltr' id='par_1_7' title="bbox 375 1043 1476 1130">
     <span class='ocr_line' id='line_1_7' title="bbox 375 1043 1476 1130; baseline 0.002 -22"><span class='ocrx_word' id='word_1_50' title='bbox 375 1045 603 1129; x_wconf 82' lang='lat' dir='ltr'>Quamobrem</span> <span class='ocrx_word' id='word_1_51' title='bbox 620 1043 835 1108; x_wconf 88' lang='lat' dir='ltr'>diffitendum</span> <span class='ocrx_word' id='word_1_52' title='bbox 865 1064 932 1109; x_wconf 93' lang='lat' dir='ltr'>non</span> <span class='ocrx_word' id='word_1_53' title='bbox 949 1057 1000 1109; x_wconf 91' lang='lat' dir='ltr'>est</span> <span class='ocrx_word' id='word_1_54' title='bbox 1018 1046 1175 1130; x_wconf 88' lang='lat' dir='ltr'>religiosa</span> <span class='ocrx_word' id='word_1_55' title='bbox 1191 1046 1340 1130; x_wconf 87' lang='lat' dir='ltr'>quadam</span> <span class='ocrx_word' id='word_1_56' title='bbox 1357 1049 1476 1112; x_wconf 85' lang='lat' dir='ltr'>obscu-</span> 
     </span>
    </p>

    <p class='ocr_par' dir='ltr' id='par_1_8' title="bbox 373 1149 1478 1234">
     <span class='ocr_line' id='line_1_8' title="bbox 373 1149 1478 1234; baseline -0.001 -21"><span class='ocrx_word' id='word_1_57' title='bbox 373 1154 473 1214; x_wconf 87' lang='lat' dir='ltr'>ritate</span> <span class='ocrx_word' id='word_1_58' title='bbox 488 1170 602 1213; x_wconf 88' lang='lat' dir='ltr'>sacros</span> <span class='ocrx_word' id='word_1_59' title='bbox 615 1149 735 1213; x_wconf 92' lang='lat' dir='ltr'>Libros</span> <span class='ocrx_word' id='word_1_60' title='bbox 745 1149 883 1226; x_wconf 88' lang='lat' dir='ltr'>involvi,</span> <span class='ocrx_word' id='word_1_61' title='bbox 898 1162 937 1213; x_wconf 89' lang='lat' dir='ltr'>ut</span> <span class='ocrx_word' id='word_1_62' title='bbox 953 1150 995 1213; x_wconf 91' lang='lat' dir='ltr'>ad</span> <span class='ocrx_word' id='word_1_63' title='bbox 1013 1171 1081 1229; x_wconf 90' lang='lat' dir='ltr'>eos,</span> <span class='ocrx_word' id='word_1_64' title='bbox 1091 1150 1156 1214; x_wconf 89' lang='lat' dir='ltr'>nisi</span> <span class='ocrx_word' id='word_1_65' title='bbox 1169 1151 1285 1234; x_wconf 86' lang='lat' dir='ltr'>aliquo</span> <span class='ocrx_word' id='word_1_66' title='bbox 1296 1153 1375 1215; x_wconf 87' lang='lat' dir='ltr'>viae</span> <span class='ocrx_word' id='word_1_67' title='bbox 1386 1153 1478 1226; x_wconf 90' lang='lat' dir='ltr'>duce,</span> 
     </span>
    </p>

    <p class='ocr_par' dir='ltr' id='par_1_9' title="bbox 216 1252 1481 1340">
     <span class='ocr_line' id='line_1_9' title="bbox 216 1252 1481 1340; baseline 0 -23"><span class='ocrx_word' id='word_1_68' title='bbox 216 1278 285 1327; x_wconf 65' lang='lat' dir='ltr'>nobis</span> <span class='ocrx_word' id='word_1_69' title='bbox 296 1281 347 1329; x_wconf 59' lang='lat' dir='ltr'>„aa</span> <span class='ocrx_word' id='word_1_70' title='bbox 372 1274 472 1317; x_wconf 91' lang='lat' dir='ltr'>nemo</span> <span class='ocrx_word' id='word_1_71' title='bbox 485 1254 615 1335; x_wconf 85' lang='lat' dir='ltr'>ingredi</span> <span class='ocrx_word' id='word_1_72' title='bbox 633 1255 738 1335; x_wconf 87' lang='lat' dir='ltr'>possit</span> <span class='ocrx_word' id='word_1_73' title='bbox 755 1252 820 1336; x_wconf 85' lang='lat'>(1):</span> <span class='ocrx_word' id='word_1_74' title='bbox 840 1253 917 1317; x_wconf 92' lang='lat' dir='ltr'>Deo</span> <span class='ocrx_word' id='word_1_75' title='bbox 934 1254 1070 1336; x_wconf 90' lang='lat' dir='ltr'>quidem</span> <span class='ocrx_word' id='word_1_76' title='bbox 1098 1258 1146 1319; x_wconf 92' lang='lat' dir='ltr'>sic</span> <span class='ocrx_word' id='word_1_77' title='bbox 1162 1258 1367 1339; x_wconf 86' lang='lat' dir='ltr'>providente</span> <span class='ocrx_word' id='word_1_78' title='bbox 1384 1257 1481 1340; x_wconf 90' lang='lat' dir='ltr'>(quae</span> 
     </span>
    </p>

    <p class='ocr_par' dir='ltr' id='par_1_10' title="bbox 197 1344 1475 1439">
     <span class='ocr_line' id='line_1_10' title="bbox 197 1344 1475 1439; baseline 0 -18"><span class='ocrx_word' id='word_1_79' title='bbox 197 1344 304 1393; x_wconf 77' lang='lat' dir='ltr'>lissima.</span> <span class='ocrx_word' id='word_1_80' title='bbox 372 1357 509 1437; x_wconf 84' lang='lat' dir='ltr'>vulgata</span> <span class='ocrx_word' id='word_1_81' title='bbox 537 1367 588 1420; x_wconf 90' lang='lat' dir='ltr'>est</span> <span class='ocrx_word' id='word_1_82' title='bbox 618 1357 734 1439; x_wconf 90' lang='lat' dir='ltr'>opinio</span> <span class='ocrx_word' id='word_1_83' title='bbox 763 1356 814 1423; x_wconf 89' lang='lat' dir='ltr'>Ss.</span> <span class='ocrx_word' id='word_1_84' title='bbox 831 1357 996 1439; x_wconf 89' lang='lat' dir='ltr'>Patrum),</span> <span class='ocrx_word' id='word_1_85' title='bbox 1012 1368 1049 1422; x_wconf 90' lang='lat' dir='ltr'>ut</span> <span class='ocrx_word' id='word_1_86' title='bbox 1075 1358 1231 1423; x_wconf 89' lang='lat' dir='ltr'>homines</span> <span class='ocrx_word' id='word_1_87' title='bbox 1258 1362 1388 1423; x_wconf 84' lang='lat' dir='ltr'>maiore</span> <span class='ocrx_word' id='word_1_88' title='bbox 1401 1380 1475 1423; x_wconf 91' lang='lat' dir='ltr'>cum</span> 
     </span>
    </p>

    <p class='ocr_par' dir='ltr' id='par_1_11' title="bbox 372 1458 1478 1547">
     <span class='ocr_line' id='line_1_11' title="bbox 372 1458 1478 1547; baseline -0.001 -21"><span class='ocrx_word' id='word_1_89' title='bbox 372 1461 539 1526; x_wconf 87' lang='lat' dir='ltr'>desiderio</span> <span class='ocrx_word' id='word_1_90' title='bbox 555 1472 590 1524; x_wconf 89' lang='lat' dir='ltr'>et</span> <span class='ocrx_word' id='word_1_91' title='bbox 606 1460 720 1523; x_wconf 89' lang='lat' dir='ltr'>studio</span> <span class='ocrx_word' id='word_1_92' title='bbox 739 1458 814 1523; x_wconf 93' lang='lat' dir='ltr'>illos</span> <span class='ocrx_word' id='word_1_93' title='bbox 844 1472 1141 1541; x_wconf 85' lang='lat' dir='ltr'>perscrutarentur,</span> <span class='ocrx_word' id='word_1_94' title='bbox 1167 1483 1286 1547; x_wconf 90' lang='lat' dir='ltr'>resque</span> <span class='ocrx_word' id='word_1_95' title='bbox 1303 1464 1387 1527; x_wconf 90' lang='lat' dir='ltr'>inde</span> <span class='ocrx_word' id='word_1_96' title='bbox 1401 1482 1478 1545; x_wconf 89' lang='lat' dir='ltr'>ope·</span> 
     </span>
    </p>

    <p class='ocr_par' dir='ltr' id='par_1_12' title="bbox 372 1563 1473 1651">
     <span class='ocr_line' id='line_1_12' title="bbox 372 1563 1473 1651; baseline -0.004 -22"><span class='ocrx_word' id='word_1_97' title='bbox 372 1586 446 1631; x_wconf 90' lang='lat' dir='ltr'>rose</span> <span class='ocrx_word' id='word_1_98' title='bbox 462 1575 636 1647; x_wconf 88' lang='lat' dir='ltr'>perceptas</span> <span class='ocrx_word' id='word_1_99' title='bbox 654 1563 825 1628; x_wconf 90' lang='lat' dir='ltr'>mentibus</span> <span class='ocrx_word' id='word_1_100' title='bbox 841 1564 1030 1645; x_wconf 91' lang='lat' dir='ltr'>animisque</span> <span class='ocrx_word' id='word_1_101' title='bbox 1043 1566 1144 1630; x_wconf 86' lang='lat' dir='ltr'>altius</span> <span class='ocrx_word' id='word_1_102' title='bbox 1161 1566 1340 1651; x_wconf 82' lang='lat' dir='ltr'>infigerent</span> <span class='ocrx_word' id='word_1_103' title='bbox 1355 1588 1364 1645; x_wconf 87' lang='lat'>;</span> <span class='ocrx_word' id='word_1_104' title='bbox 1382 1563 1473 1629; x_wconf 88' lang='lat' dir='ltr'>intel-</span> 
     </span>
    </p>

    <p class='ocr_par' dir='ltr' id='par_1_13' title="bbox 372 1666 1476 1755">
     <span class='ocr_line' id='line_1_13' title="bbox 372 1666 1476 1755; baseline -0.005 -20"><span class='ocrx_word' id='word_1_105' title='bbox 372 1672 580 1755; x_wconf 85' lang='lat' dir='ltr'>ligerentque</span> <span class='ocrx_word' id='word_1_106' title='bbox 593 1666 1096 1750; x_wconf 89' lang='lat' dir='ltr'>praecipue,ScripturasDeum</span> <span class='ocrx_word' id='word_1_107' title='bbox 1108 1670 1287 1733; x_wconf 87' lang='lat' dir='ltr'>tradidisse</span> <span class='ocrx_word' id='word_1_108' title='bbox 1299 1669 1476 1743; x_wconf 85' lang='lat' dir='ltr'>Ecclesiae,</span> 
     </span>
    </p>

    <p class='ocr_par' dir='ltr' id='par_1_14' title="bbox 372 1770 1473 1857">
     <span class='ocr_line' id='line_1_14' title="bbox 372 1770 1473 1857; baseline -0.003 -20"><span class='ocrx_word' id='word_1_109' title='bbox 372 1794 439 1857; x_wconf 87' lang='lat' dir='ltr'>qua</span> <span class='ocrx_word' id='word_1_110' title='bbox 463 1772 589 1836; x_wconf 88' lang='lat' dir='ltr'>scilicet</span> <span class='ocrx_word' id='word_1_111' title='bbox 621 1770 706 1834; x_wconf 88' lang='lat' dir='ltr'>duce</span> <span class='ocrx_word' id='word_1_112' title='bbox 734 1780 768 1835; x_wconf 89' lang='lat' dir='ltr'>et</span> <span class='ocrx_word' id='word_1_113' title='bbox 796 1774 959 1855; x_wconf 83' lang='lat' dir='ltr'>magistra</span> <span class='ocrx_word' id='word_1_114' title='bbox 985 1775 1019 1836; x_wconf 85' lang='lat' dir='ltr'>in</span> <span class='ocrx_word' id='word_1_115' title='bbox 1043 1774 1195 1856; x_wconf 86' lang='lat' dir='ltr'>legendis</span> <span class='ocrx_word' id='word_1_116' title='bbox 1224 1775 1473 1856; x_wconf 87' lang='lat' dir='ltr'>tractandisque</span> 
     </span>
    </p>

    <p class='ocr_par' dir='ltr' id='par_1_15' title="bbox 246 1875 1559 2170">
     <span class='ocr_line' id='line_1_15' title="bbox 295 1875 1473 1965; baseline -0.004 -23"><span class='ocrx_word' id='word_1_117' title='bbox 295 1916 343 1965; x_wconf 79' lang='lat' dir='ltr'>SS.</span> <span class='ocrx_word' id='word_1_118' title='bbox 372 1878 513 1961; x_wconf 90' lang='lat' dir='ltr'>eloquiis</span> <span class='ocrx_word' id='word_1_119' title='bbox 538 1876 606 1939; x_wconf 89' lang='lat' dir='ltr'>suis</span> <span class='ocrx_word' id='word_1_120' title='bbox 633 1875 824 1939; x_wconf 87' lang='lat' dir='ltr'>certissima</span> <span class='ocrx_word' id='word_1_121' title='bbox 848 1888 1030 1941; x_wconf 90' lang='lat' dir='ltr'>uterentur.</span> <span class='ocrx_word' id='word_1_122' title='bbox 1058 1878 1127 1943; x_wconf 90' lang='lat' dir='ltr'>Ubi</span> <span class='ocrx_word' id='word_1_123' title='bbox 1153 1882 1242 1944; x_wconf 90' lang='lat' dir='ltr'>enirn</span> <span class='ocrx_word' id='word_1_124' title='bbox 1273 1881 1473 1947; x_wconf 82' lang='lat' dir='ltr'>charismata</span> 
     </span>
     <span class='ocr_line' id='line_1_16' title="bbox 246 1980 1559 2079; baseline -0.005 -32"><span class='ocrx_word' id='word_1_125' title='bbox 246 1980 344 2042; x_wconf 66' lang='lat' dir='ltr'>parfes,</span> <span class='ocrx_word' id='word_1_126' title='bbox 373 1982 513 2047; x_wconf 90' lang='lat' dir='ltr'>Domini</span> <span class='ocrx_word' id='word_1_127' title='bbox 530 1981 642 2061; x_wconf 88' lang='lat' dir='ltr'>posita</span> <span class='ocrx_word' id='word_1_128' title='bbox 654 1981 732 2057; x_wconf 93' lang='lat' dir='ltr'>sint,</span> <span class='ocrx_word' id='word_1_129' title='bbox 748 1980 794 2044; x_wconf 93' lang='lat' dir='ltr'>ibi</span> <span class='ocrx_word' id='word_1_130' title='bbox 805 1980 1002 2044; x_wconf 87' lang='lat' dir='ltr'>discendam</span> <span class='ocrx_word' id='word_1_131' title='bbox 1018 2002 1093 2047; x_wconf 91' lang='lat' dir='ltr'>esse</span> <span class='ocrx_word' id='word_1_132' title='bbox 1110 1985 1295 2060; x_wconf 89' lang='lat' dir='ltr'>veritatem,</span> <span class='ocrx_word' id='word_1_133' title='bbox 1310 1995 1415 2067; x_wconf 85' lang='lat' dir='ltr'>atque</span> <span class='ocrx_word' id='word_1_134' title='bbox 1429 1983 1470 2044; x_wconf 91' lang='lat' dir='ltr'>ab</span> <span class='ocrx_word' id='word_1_135' title='bbox 1558 2009 1559 2079; x_wconf 47' lang='grc' dir='ltr'>ι</span> 
     </span>
     <span class='ocr_line' id='line_1_17' title="bbox 373 2084 1559 2170; baseline -0.003 -20"><span class='ocrx_word' id='word_1_136' title='bbox 373 2089 448 2164; x_wconf 92' lang='lat' dir='ltr'>illis,</span> <span class='ocrx_word' id='word_1_137' title='bbox 463 2088 552 2168; x_wconf 91' lang='lat' dir='ltr'>apud</span> <span class='ocrx_word' id='word_1_138' title='bbox 578 2104 662 2167; x_wconf 90' lang='lat' dir='ltr'>quos</span> <span class='ocrx_word' id='word_1_139' title='bbox 689 2084 732 2147; x_wconf 93' lang='lat' dir='ltr'>sit</span> <span class='ocrx_word' id='word_1_140' title='bbox 757 2085 925 2148; x_wconf 87' lang='lat' dir='ltr'>successio</span> <span class='ocrx_word' id='word_1_141' title='bbox 951 2085 1148 2166; x_wconf 90' lang='lat' dir='ltr'>apostolica,</span> <span class='ocrx_word' id='word_1_142' title='bbox 1165 2087 1356 2170; x_wconf 88' lang='lat' dir='ltr'>Scripturas</span> <span class='ocrx_word' id='word_1_143' title='bbox 1385 2087 1470 2150; x_wconf 91' lang='lat' dir='ltr'>nullo</span> <span class='ocrx_word' id='word_1_144' title='bbox 1558 2084 1559 2111; x_wconf 50' lang='lat' dir='ltr'>l</span> 
     </span>
    </p>

    <p class='ocr_par' dir='ltr' id='par_1_16' title="bbox 373 2188 1471 2275">
     <span class='ocr_line' id='line_1_18' title="bbox 373 2188 1471 2275; baseline -0.005 -19"><span class='ocrx_word' id='word_1_145' title='bbox 373 2212 450 2256; x_wconf 93' lang='lat' dir='ltr'>curn</span> <span class='ocrx_word' id='word_1_146' title='bbox 477 2190 625 2273; x_wconf 89' lang='lat' dir='ltr'>periculo</span> <span class='ocrx_word' id='word_1_147' title='bbox 656 2188 793 2270; x_wconf 89' lang='lat' dir='ltr'>exponi,</span> <span class='ocrx_word' id='word_1_148' title='bbox 824 2188 891 2252; x_wconf 90' lang='lat' dir='ltr'>iam</span> <span class='ocrx_word' id='word_1_149' title='bbox 918 2199 1056 2253; x_wconf 86' lang='lat' dir='ltr'>sanctus</span> <span class='ocrx_word' id='word_1_150' title='bbox 1086 2192 1202 2255; x_wconf 88' lang='lat' dir='ltr'>docuit</span> <span class='ocrx_word' id='word_1_151' title='bbox 1234 2192 1471 2275; x_wconf 78' lang='lat' dir='ltr'>Irenaeus(2):</span> 
     </span>
    </p>

    <p class='ocr_par' dir='ltr' id='par_1_17' title="bbox 373 2294 1470 2377">
     <span class='ocr_line' id='line_1_19' title="bbox 373 2294 1470 2377; baseline -0.004 -19"><span class='ocrx_word' id='word_1_152' title='bbox 373 2296 466 2359; x_wconf 90' lang='lat' dir='ltr'>cuius</span> <span class='ocrx_word' id='word_1_153' title='bbox 488 2294 623 2375; x_wconf 86' lang='lat' dir='ltr'>quidem</span> <span class='ocrx_word' id='word_1_154' title='bbox 652 2301 908 2374; x_wconf 90' lang='lat' dir='ltr'>ceterorumque</span> <span class='ocrx_word' id='word_1_155' title='bbox 936 2294 1073 2357; x_wconf 90' lang='lat' dir='ltr'>Patrum</span> <span class='ocrx_word' id='word_1_156' title='bbox 1099 2297 1287 2360; x_wconf 88' lang='lat' dir='ltr'>doctrinam</span> <span class='ocrx_word' id='word_1_157' title='bbox 1317 2295 1470 2377; x_wconf 88' lang='lat' dir='ltr'>Synodus</span> 
     </span>
    </p>
   </div>
   <div class='ocr_carea' id='block_1_3' title="bbox 212 2396 1472 2514">
    <p class='ocr_par' dir='ltr' id='par_1_18' title="bbox 212 2396 1472 2514">
     <span class='ocr_line' id='line_1_20' title="bbox 212 2396 1472 2514; baseline 0.001 -54"><span class='ocrx_word' id='word_1_158' title='bbox 212 2407 293 2514; x_wconf 45' lang='lat' dir='ltr'>affl}</span> <span class='ocrx_word' id='word_1_159' title='bbox 305 2400 349 2513; x_wconf 57' lang='lat'>⁶2}</span> <span class='ocrx_word' id='word_1_160' title='bbox 374 2399 541 2462; x_wconf 88' lang='lat' dir='ltr'>Vaticana</span> <span class='ocrx_word' id='word_1_161' title='bbox 567 2397 729 2479; x_wconf 88' lang='lat' dir='ltr'>amplexa</span> <span class='ocrx_word' id='word_1_162' title='bbox 744 2405 804 2472; x_wconf 87' lang='lat' dir='ltr'>est,</span> <span class='ocrx_word' id='word_1_163' title='bbox 822 2398 959 2478; x_wconf 88' lang='lat' dir='ltr'>quando</span> <span class='ocrx_word' id='word_1_164' title='bbox 976 2396 1212 2463; x_wconf 88' lang='lat' dir='ltr'>Tridentinum</span> <span class='ocrx_word' id='word_1_165' title='bbox 1239 2401 1413 2465; x_wconf 87' lang='lat' dir='ltr'>decretum</span> <span class='ocrx_word' id='word_1_166' title='bbox 1435 2400 1472 2461; x_wconf 86' lang='lat' dir='ltr'>de</span> 
     </span>
    </p>
   </div>
   <div class='ocr_carea' id='block_1_4' title="bbox 202 2500 1473 2583">
    <p class='ocr_par' dir='ltr' id='par_1_19' title="bbox 202 2500 1473 2583">
     <span class='ocr_line' id='line_1_21' title="bbox 202 2500 1473 2583; baseline -0.002 -15"><span class='ocrx_word' id='word_1_167' title='bbox 202 2532 280 2581; x_wconf 72' lang='lat' dir='ltr'>Varie.</span> <span class='ocrx_word' id='word_1_168' title='bbox 306 2531 346 2579; x_wconf 83' lang='lat' dir='ltr'>do·</span> <span class='ocrx_word' id='word_1_169' title='bbox 373 2505 477 2567; x_wconf 92' lang='lat' dir='ltr'>divini</span> <span class='ocrx_word' id='word_1_170' title='bbox 509 2502 601 2564; x_wconf 92' lang='lat' dir='ltr'>verbi</span> <span class='ocrx_word' id='word_1_171' title='bbox 633 2500 746 2581; x_wconf 90' lang='lat' dir='ltr'>scripti</span> <span class='ocrx_word' id='word_1_172' title='bbox 777 2502 1057 2583; x_wconf 87' lang='lat' dir='ltr'>interpretatione</span> <span class='ocrx_word' id='word_1_173' title='bbox 1087 2525 1261 2583; x_wconf 86' lang='lat' dir='ltr'>renovans,</span> <span class='ocrx_word' id='word_1_174' title='bbox 1287 2506 1372 2569; x_wconf 81' lang='lat' dir='ltr'>hanc</span> <span class='ocrx_word' id='word_1_175' title='bbox 1387 2506 1473 2568; x_wconf 80' lang='lat' dir='ltr'>illius</span> 
     </span>
    </p>
   </div>
   <div class='ocr_carea' id='block_1_5' title="bbox 195 2604 1471 2725">
    <p class='ocr_par' dir='ltr' id='par_1_20' title="bbox 195 2604 1471 2725">
     <span class='ocr_line' id='line_1_22' title="bbox 195 2604 1471 2725; baseline -0.009 -46"><span class='ocrx_word' id='word_1_176' title='bbox 195 2604 346 2725; x_wconf 43' lang='lat' dir='ltr'>‘5233ss</span> <span class='ocrx_word' id='word_1_177' title='bbox 373 2617 510 2680; x_wconf 81' lang='lat' dir='ltr'>mentem</span> <span class='ocrx_word' id='word_1_178' title='bbox 522 2626 588 2668; x_wconf 83' lang='lat' dir='ltr'>esse</span> <span class='ocrx_word' id='word_1_179' title='bbox 596 2604 787 2683; x_wconf 82' lang='lat' dir='ltr'>declaravit,</span> <span class='ocrx_word' id='word_1_180' title='bbox 799 2615 838 2669; x_wconf 84' lang='lat' dir='ltr'>ut</span> <span class='ocrx_word' id='word_1_181' title='bbox 849 2605 884 2668; x_wconf 85' lang='lat' dir='ltr'>in</span> <span class='ocrx_word' id='word_1_182' title='bbox 909 2606 1097 2689; x_wconf 80' lang='lat' dir='ltr'>rebusfidei</span> <span class='ocrx_word' id='word_1_183' title='bbox 1109 2620 1141 2671; x_wconf 83' lang='lat' dir='ltr'>ct</span> <span class='ocrx_word' id='word_1_184' title='bbox 1156 2608 1352 2686; x_wconf 81' lang='lat' dir='ltr'>morum,ad</span> <span class='ocrx_word' id='word_1_185' title='bbox 1362 2605 1471 2688; x_wconf 79' lang='lat' dir='ltr'>aedifi·</span> 
     </span>
    </p>
   </div>
   <div class='ocr_carea' id='block_1_6' title="bbox 245 2708 1473 2794">
    <p class='ocr_par' dir='ltr' id='par_1_21' title="bbox 245 2708 1473 2794">
     <span class='ocr_line' id='line_1_23' title="bbox 245 2708 1473 2794; baseline -0.005 -19"><span class='ocrx_word' id='word_1_186' title='bbox 245 2742 346 2776; x_wconf 77' lang='lat' dir='ltr'>sensum</span> <span class='ocrx_word' id='word_1_187' title='bbox 372 2713 529 2777; x_wconf 78' lang='lat' dir='ltr'>rationem</span> <span class='ocrx_word' id='word_1_188' title='bbox 543 2710 709 2773; x_wconf 86' lang='lat' dir='ltr'>doctrinae</span> <span class='ocrx_word' id='word_1_189' title='bbox 719 2708 918 2773; x_wconf 79' lang='lat' dir='ltr'>chrz&#39;str&#39;anae</span> <span class='ocrx_word' id='word_1_190' title='bbox 921 2711 1169 2792; x_wconf 77' lang='lat' dir='ltr'>pertinentium,</span> <span class='ocrx_word' id='word_1_191' title='bbox 1180 2712 1209 2775; x_wconf 86' lang='lat' dir='ltr'>is</span> <span class='ocrx_word' id='word_1_192' title='bbox 1215 2724 1279 2794; x_wconf 83' lang='lat' dir='ltr'>pro</span> <span class='ocrx_word' id='word_1_193' title='bbox 1294 2732 1369 2774; x_wconf 83' lang='lat' dir='ltr'>vero</span> <span class='ocrx_word' id='word_1_194' title='bbox 1383 2730 1473 2774; x_wconf 83' lang='lat' dir='ltr'>sensu</span> 
     </span>
    </p>
   </div>
   <div class='ocr_carea' id='block_1_7' title="bbox 197 2808 1472 2922">
    <p class='ocr_par' dir='ltr' id='par_1_22' title="bbox 197 2808 1472 2922">
     <span class='ocr_line' id='line_1_24' title="bbox 197 2808 1472 2922; baseline -0.009 -36"><span class='ocrx_word' id='word_1_195' title='bbox 197 2808 348 2922; x_wconf 62' lang='lat' dir='ltr'>q,{{{,&#39;&#39;&#39;„‘,⁸,{{</span> <span class='ocrx_word' id='word_1_196' title='bbox 373 2838 484 2882; x_wconf 85' lang='lat' dir='ltr'>sacrae</span> <span class='ocrx_word' id='word_1_197' title='bbox 501 2814 693 2896; x_wconf 83' lang='lat' dir='ltr'>Scripturae</span> <span class='ocrx_word' id='word_1_198' title='bbox 706 2812 874 2876; x_wconf 77' lang='lat' dir='ltr'>habendus</span> <span class='ocrx_word' id='word_1_199' title='bbox 897 2815 952 2887; x_wconf 84' lang='lat' dir='ltr'>sit,</span> <span class='ocrx_word' id='word_1_200' title='bbox 966 2835 1061 2896; x_wconf 85' lang='lat' dir='ltr'>quern</span> <span class='ocrx_word' id='word_1_201' title='bbox 1085 2815 1193 2878; x_wconf 79' lang='lat' dir='ltr'>tenuit</span> <span class='ocrx_word' id='word_1_202' title='bbox 1213 2836 1252 2878; x_wconf 83' lang='lat' dir='ltr'>ac</span> <span class='ocrx_word' id='word_1_203' title='bbox 1266 2824 1351 2878; x_wconf 78' lang='lat' dir='ltr'>tenet</span> <span class='ocrx_word' id='word_1_204' title='bbox 1363 2823 1472 2877; x_wconf 72' lang='lat' dir='ltr'>sumtu</span> 
     </span>
    </p>
   </div>
   <div class='ocr_carea' id='block_1_8' title="bbox 198 2916 1483 3422">
    <p class='ocr_par' dir='ltr' id='par_1_23' title="bbox 198 2916 1478 3193">
     <span class='ocr_line' id='line_1_25' title="bbox 198 2916 1474 2999; baseline -0.005 -14"><span class='ocrx_word' id='word_1_205' title='bbox 198 2925 318 2975; x_wconf 72' lang='lat' dir='ltr'>Ecclesia.</span> <span class='ocrx_word' id='word_1_206' title='bbox 374 2921 491 2985; x_wconf 80' lang='lat' dir='ltr'>Mater</span> <span class='ocrx_word' id='word_1_207' title='bbox 504 2918 656 2995; x_wconf 81' lang='lat' dir='ltr'>Ecclesia,</span> <span class='ocrx_word' id='word_1_208' title='bbox 670 2916 763 2981; x_wconf 84' lang='lat' dir='ltr'>cuius</span> <span class='ocrx_word' id='word_1_209' title='bbox 784 2927 833 2980; x_wconf 82' lang='lat' dir='ltr'>est</span> <span class='ocrx_word' id='word_1_210' title='bbox 855 2917 1002 2981; x_wconf 76' lang='lat' dir='ltr'>riidt&#39;carc</span> <span class='ocrx_word' id='word_1_211' title='bbox 1019 2918 1060 2981; x_wconf 82' lang='lat' dir='ltr'>de</span> <span class='ocrx_word' id='word_1_212' title='bbox 1074 2940 1150 2983; x_wconf 81' lang='lat' dir='ltr'>vero</span> <span class='ocrx_word' id='word_1_213' title='bbox 1163 2939 1259 2982; x_wconf 84' lang='lat' dir='ltr'>sensu</span> <span class='ocrx_word' id='word_1_214' title='bbox 1275 2929 1306 2981; x_wconf 84' lang='lat' dir='ltr'>et</span> <span class='ocrx_word' id='word_1_215' title='bbox 1321 2919 1474 2999; x_wconf 81' lang='lat' dir='ltr'>interpre-</span> 
     </span>
     <span class='ocr_line' id='line_1_26' title="bbox 376 3021 1477 3105; baseline -0.008 -15"><span class='ocrx_word' id='word_1_216' title='bbox 376 3026 496 3091; x_wconf 82' lang='lat' dir='ltr'>tatione</span> <span class='ocrx_word' id='word_1_217' title='bbox 514 3024 764 3104; x_wconf 85' lang='lat' dir='ltr'>Scripturarum</span> <span class='ocrx_word' id='word_1_218' title='bbox 786 3032 977 3085; x_wconf 86' lang='lat' dir='ltr'>sanctarum</span> <span class='ocrx_word' id='word_1_219' title='bbox 989 3048 1005 3100; x_wconf 92' lang='lat'>,·</span> <span class='ocrx_word' id='word_1_220' title='bbox 1020 3033 1118 3105; x_wconf 81' lang='lat' dir='ltr'>atque</span> <span class='ocrx_word' id='word_1_221' title='bbox 1141 3021 1211 3085; x_wconf 80' lang='lat' dir='ltr'>ideo</span> <span class='ocrx_word' id='word_1_222' title='bbox 1235 3022 1362 3085; x_wconf 84' lang='lat' dir='ltr'>nemini</span> <span class='ocrx_word' id='word_1_223' title='bbox 1383 3022 1477 3084; x_wconf 83' lang='lat' dir='ltr'>licere</span> 
     </span>
     <span class='ocr_line' id='line_1_27' title="bbox 375 3124 1478 3193; baseline -0.006 0"><span class='ocrx_word' id='word_1_224' title='bbox 375 3140 485 3193; x_wconf 87' lang='lat' dir='ltr'>contra</span> <span class='ocrx_word' id='word_1_225' title='bbox 508 3127 593 3189; x_wconf 77' lang='lat' dir='ltr'>hunc</span> <span class='ocrx_word' id='word_1_226' title='bbox 611 3146 740 3188; x_wconf 81' lang='lat' dir='ltr'>sensum</span> <span class='ocrx_word' id='word_1_227' title='bbox 765 3124 938 3189; x_wconf 82' lang='lat' dir='ltr'>autetiam</span> <span class='ocrx_word' id='word_1_228' title='bbox 952 3136 1064 3191; x_wconf 83' lang='lat' dir='ltr'>contra</span> <span class='ocrx_word' id='word_1_229' title='bbox 1087 3127 1279 3190; x_wconf 82' lang='lat' dir='ltr'>unanimem</span> <span class='ocrx_word' id='word_1_230' title='bbox 1293 3146 1478 3189; x_wconf 83' lang='lat' dir='ltr'>consensum</span> 
     </span>
    </p>

    <p class='ocr_par' dir='ltr' id='par_1_24' title="bbox 199 3227 1483 3422">
     <span class='ocr_line' id='line_1_28' title="bbox 215 3227 1483 3340; baseline -0.008 -41"><span class='ocrx_word' id='word_1_231' title='bbox 215 3292 266 3340; x_wconf 64' lang='lat' dir='ltr'>Ma</span> <span class='ocrx_word' id='word_1_232' title='bbox 277 3307 349 3340; x_wconf 80' lang='lat' dir='ltr'>verae</span> <span class='ocrx_word' id='word_1_233' title='bbox 374 3236 520 3298; x_wconf 84' lang='lat' dir='ltr'>Patrum</span> <span class='ocrx_word' id='word_1_234' title='bbox 544 3232 648 3312; x_wconf 67' lang='lat' dir='ltr'>ipsam</span> <span class='ocrx_word' id='word_1_235' title='bbox 676 3229 886 3311; x_wconf 82' lang='lat' dir='ltr'>Scripturam</span> <span class='ocrx_word' id='word_1_236' title='bbox 907 3250 1037 3293; x_wconf 86' lang='lat' dir='ltr'>sacram</span> <span class='ocrx_word' id='word_1_237' title='bbox 1051 3230 1264 3312; x_wconf 61' lang='lat' dir='ltr'>interpretari</span> <span class='ocrx_word' id='word_1_238' title='bbox 1277 3230 1330 3313; x_wconf 85' lang='lat'><strong>(³).</strong></span> <span class='ocrx_word' id='word_1_239' title='bbox 1345 3264 1386 3275; x_wconf 91' lang='lat'><em>-</em></span> <span class='ocrx_word' id='word_1_240' title='bbox 1401 3227 1483 3310; x_wconf 83' lang='lat' dir='ltr'>Qua</span> 
     </span>
     <span class='ocr_line' id='line_1_29' title="bbox 199 3333 1479 3422; baseline -0.009 -17"><span class='ocrx_word' id='word_1_241' title='bbox 199 3358 347 3419; x_wconf 62' lang='lat' dir='ltr'>interprea-</span> <span class='ocrx_word' id='word_1_242' title='bbox 376 3341 475 3422; x_wconf 90' lang='lat' dir='ltr'>plena</span> <span class='ocrx_word' id='word_1_243' title='bbox 491 3336 675 3418; x_wconf 85' lang='lat' dir='ltr'>sapientiae</span> <span class='ocrx_word' id='word_1_244' title='bbox 686 3333 759 3415; x_wconf 83' lang='lat' dir='ltr'>lege</span> <span class='ocrx_word' id='word_1_245' title='bbox 770 3354 984 3416; x_wconf 90' lang='lat' dir='ltr'>nequaquam</span> <span class='ocrx_word' id='word_1_246' title='bbox 998 3333 1149 3397; x_wconf 90' lang='lat' dir='ltr'>Ecclesia</span> <span class='ocrx_word' id='word_1_247' title='bbox 1162 3334 1479 3415; x_wconf 85' lang='lat' dir='ltr'>pervestigationem</span> 
     </span>
    </p>
   </div>
   <div class='ocr_carea' id='block_1_9' title="bbox 210 3424 1478 3536">
    <p class='ocr_par' dir='ltr' id='par_1_25' title="bbox 210 3424 1478 3536">
     <span class='ocr_line' id='line_1_30' title="bbox 210 3424 1478 3536; baseline -0.005 -33"><span class='ocrx_word' id='word_1_248' title='bbox 210 3424 350 3536; x_wconf 44' lang='lat' dir='ltr'>3²³ssng</span> <span class='ocrx_word' id='word_1_249' title='bbox 376 3443 535 3507; x_wconf 85' lang='lat' dir='ltr'>scientiae</span> <span class='ocrx_word' id='word_1_250' title='bbox 553 3438 695 3503; x_wconf 85' lang='lat' dir='ltr'>biblicae</span> <span class='ocrx_word' id='word_1_251' title='bbox 711 3438 860 3501; x_wconf 87' lang='lat' dir='ltr'>retardat</span> <span class='ocrx_word' id='word_1_252' title='bbox 883 3449 943 3501; x_wconf 91' lang='lat' dir='ltr'>aut</span> <span class='ocrx_word' id='word_1_253' title='bbox 958 3444 1088 3501; x_wconf 74' lang='lat' dir='ltr'>coercet</span> <span class='ocrx_word' id='word_1_254' title='bbox 1103 3460 1112 3518; x_wconf 88' lang='lat'>;</span> <span class='ocrx_word' id='word_1_255' title='bbox 1127 3438 1187 3501; x_wconf 92' lang='lat' dir='ltr'>sed</span> <span class='ocrx_word' id='word_1_256' title='bbox 1202 3456 1278 3500; x_wconf 91' lang='lat' dir='ltr'>eam</span> <span class='ocrx_word' id='word_1_257' title='bbox 1305 3437 1414 3518; x_wconf 89' lang='lat' dir='ltr'>potius</span> <span class='ocrx_word' id='word_1_258' title='bbox 1430 3434 1478 3497; x_wconf 90' lang='lat' dir='ltr'>ab</span> 
     </span>
    </p>
   </div>
   <div class='ocr_carea' id='block_1_10' title="bbox 232 3541 1480 3626">
    <p class='ocr_par' dir='ltr' id='par_1_26' title="bbox 232 3541 1480 3626">
     <span class='ocr_line' id='line_1_31' title="bbox 232 3541 1480 3626; baseline -0.01 -15"><span class='ocrx_word' id='word_1_259' title='bbox 232 3554 349 3601; x_wconf 71' lang='lat' dir='ltr'>scientiae</span> <span class='ocrx_word' id='word_1_260' title='bbox 376 3566 484 3611; x_wconf 87' lang='lat' dir='ltr'>errore</span> <span class='ocrx_word' id='word_1_261' title='bbox 501 3547 666 3626; x_wconf 85' lang='lat' dir='ltr'>integram</span> <span class='ocrx_word' id='word_1_262' title='bbox 694 3550 852 3625; x_wconf 86' lang='lat' dir='ltr'>praestat,</span> <span class='ocrx_word' id='word_1_263' title='bbox 867 3541 1116 3625; x_wconf 88' lang='lat' dir='ltr'>plurimumque</span> <span class='ocrx_word' id='word_1_264' title='bbox 1142 3542 1184 3604; x_wconf 90' lang='lat' dir='ltr'>ad</span> <span class='ocrx_word' id='word_1_265' title='bbox 1214 3560 1327 3603; x_wconf 89' lang='lat' dir='ltr'>veram</span> <span class='ocrx_word' id='word_1_266' title='bbox 1343 3541 1480 3605; x_wconf 88' lang='lat' dir='ltr'>adiuvat</span> 
     </span>
    </p>
   </div>
   <div class='ocr_carea' id='block_1_11' title="bbox 232 3616 1479 3733">
    <p class='ocr_par' dir='ltr' id='par_1_27' title="bbox 232 3616 1479 3733">
     <span class='ocr_line' id='line_1_32' title="bbox 240 3616 1198 3677; baseline -0.018 -12"><span class='ocrx_word' id='word_1_267' title='bbox 240 3616 348 3677; x_wconf 81' lang='lat' dir='ltr'>biblicae,</span> <span class='ocrx_word' id='word_1_268' title='bbox 535 3649 541 3662; x_wconf 92' lang='lat'>.</span> <span class='ocrx_word' id='word_1_269' title='bbox 822 3646 830 3661; x_wconf 90' lang='lat'><strong>.</strong></span> <span class='ocrx_word' id='word_1_270' title='bbox 973 3646 981 3660; x_wconf 75' lang='lat'>,</span> <span class='ocrx_word' id='word_1_271' title='bbox 1190 3646 1198 3661; x_wconf 77' lang='grc'><strong>,</strong></span> 
     </span>
     <span class='ocr_line' id='line_1_33' title="bbox 232 3645 1479 3733; baseline -0.013 -13"><span class='ocrx_word' id='word_1_272' title='bbox 232 3682 349 3731; x_wconf 76' lang='lat' dir='ltr'>sedmur-</span> <span class='ocrx_word' id='word_1_273' title='bbox 377 3667 654 3733; x_wconf 82' lang='lat' dir='ltr'>progressionem.</span> <span class='ocrx_word' id='word_1_274' title='bbox 672 3646 762 3709; x_wconf 91' lang='lat' dir='ltr'>Nam</span> <span class='ocrx_word' id='word_1_275' title='bbox 780 3657 913 3728; x_wconf 80' lang='lat' dir='ltr'>privato</span> <span class='ocrx_word' id='word_1_276' title='bbox 929 3666 1050 3729; x_wconf 84' lang='lat' dir='ltr'>curque</span> <span class='ocrx_word' id='word_1_277' title='bbox 1070 3645 1199 3709; x_wconf 81' lang='lat' dir='ltr'>doctori</span> <span class='ocrx_word' id='word_1_278' title='bbox 1227 3665 1371 3729; x_wconf 82' lang='lat' dir='ltr'>magnus</span> <span class='ocrx_word' id='word_1_279' title='bbox 1385 3651 1479 3727; x_wconf 89' lang='lat' dir='ltr'>patet</span> 
     </span>
    </p>
   </div>
   <div class='ocr_carea' id='block_1_12' title="bbox 199 3744 1479 3938">
    <p class='ocr_par' dir='ltr' id='par_1_28' title="bbox 199 3744 1479 3938">
     <span class='ocr_line' id='line_1_34' title="bbox 200 3744 1479 3834; baseline -0.007 -20"><span class='ocrx_word' id='word_1_280' title='bbox 200 3748 348 3813; x_wconf 73' lang='lat' dir='ltr'>tunnipro-</span> <span class='ocrx_word' id='word_1_281' title='bbox 376 3771 524 3834; x_wconf 88' lang='lat' dir='ltr'>campus,</span> <span class='ocrx_word' id='word_1_282' title='bbox 541 3752 572 3812; x_wconf 96' lang='lat' dir='ltr'>in</span> <span class='ocrx_word' id='word_1_283' title='bbox 601 3770 677 3832; x_wconf 91' lang='lat' dir='ltr'>quo,</span> <span class='ocrx_word' id='word_1_284' title='bbox 695 3750 776 3813; x_wconf 91' lang='lat' dir='ltr'>tutis</span> <span class='ocrx_word' id='word_1_285' title='bbox 804 3749 964 3832; x_wconf 85' lang='lat' dir='ltr'>vestigiis,</span> <span class='ocrx_word' id='word_1_286' title='bbox 979 3769 1041 3812; x_wconf 90' lang='lat' dir='ltr'>sua</span> <span class='ocrx_word' id='word_1_287' title='bbox 1056 3750 1299 3830; x_wconf 90' lang='lat' dir='ltr'>interpretandi</span> <span class='ocrx_word' id='word_1_288' title='bbox 1316 3744 1479 3811; x_wconf 90' lang='lat' dir='ltr'>industria</span> 
     </span>
     <span class='ocr_line' id='line_1_35' title="bbox 199 3815 1479 3938; baseline -0.016 -10"><span class='ocrx_word' id='word_1_289' title='bbox 199 3815 349 3928; x_wconf 56' lang='lat' dir='ltr'>‘iginum</span> <span class='ocrx_word' id='word_1_290' title='bbox 377 3856 545 3938; x_wconf 90' lang='lat' dir='ltr'>praeclare</span> <span class='ocrx_word' id='word_1_291' title='bbox 562 3866 666 3918; x_wconf 90' lang='lat' dir='ltr'>certet</span> <span class='ocrx_word' id='word_1_292' title='bbox 683 3853 922 3937; x_wconf 86' lang='lat' dir='ltr'>Ecclesiaeque</span> <span class='ocrx_word' id='word_1_293' title='bbox 938 3853 1074 3917; x_wconf 90' lang='lat' dir='ltr'>utiliter.</span> <span class='ocrx_word' id='word_1_294' title='bbox 1091 3852 1132 3915; x_wconf 92' lang='lat' dir='ltr'>ln</span> <span class='ocrx_word' id='word_1_295' title='bbox 1161 3852 1243 3915; x_wconf 92' lang='lat' dir='ltr'>locis</span> <span class='ocrx_word' id='word_1_296' title='bbox 1267 3853 1401 3936; x_wconf 88' lang='lat' dir='ltr'>quidem</span> <span class='ocrx_word' id='word_1_297' title='bbox 1427 3849 1479 3911; x_wconf 89' lang='lat' dir='ltr'>di·</span> 
     </span>
    </p>
   </div>
   <div class='ocr_carea' id='block_1_13' title="bbox 199 3945 1474 4058">
    <p class='ocr_par' dir='ltr' id='par_1_29' title="bbox 199 3945 1474 4058">
     <span class='ocr_line' id='line_1_36' title="bbox 199 3945 1474 4058; baseline -0.003 -40"><span class='ocrx_word' id='word_1_298' title='bbox 199 3945 350 4058; x_wconf 53' lang='lat' dir='ltr'>mm</span> <span class='ocrx_word' id='word_1_299' title='bbox 376 3966 473 4029; x_wconf 88' lang='lat' dir='ltr'>vinae</span> <span class='ocrx_word' id='word_1_300' title='bbox 504 3958 696 4040; x_wconf 90' lang='lat' dir='ltr'>Scripturae</span> <span class='ocrx_word' id='word_1_301' title='bbox 727 3960 784 4042; x_wconf 94' lang='lat' dir='ltr'>qui</span> <span class='ocrx_word' id='word_1_302' title='bbox 816 3958 1063 4039; x_wconf 86' lang='lat' dir='ltr'>expositionem</span> <span class='ocrx_word' id='word_1_303' title='bbox 1094 3965 1220 4019; x_wconf 87' lang='lat' dir='ltr'>certam</span> <span class='ocrx_word' id='word_1_304' title='bbox 1251 3967 1285 4019; x_wconf 91' lang='lat' dir='ltr'>et</span> <span class='ocrx_word' id='word_1_305' title='bbox 1307 3954 1474 4021; x_wconf 88' lang='lat' dir='ltr'>definitam</span> 
     </span>
    </p>
   </div>
   <div class='ocr_carea' id='block_1_14' title="bbox 212 4057 1473 4143">
    <p class='ocr_par' dir='ltr' id='par_1_30' title="bbox 212 4057 1473 4143">
     <span class='ocr_line' id='line_1_37' title="bbox 212 4057 1473 4143; baseline -0.01 -12"><span class='ocrx_word' id='word_1_306' title='bbox 212 4077 351 4124; x_wconf 79' lang='lat' dir='ltr'>utilissima</span> <span class='ocrx_word' id='word_1_307' title='bbox 376 4067 486 4131; x_wconf 90' lang='lat' dir='ltr'>adhuc</span> <span class='ocrx_word' id='word_1_308' title='bbox 503 4064 704 4140; x_wconf 89' lang='lat' dir='ltr'>desiderant,</span> <span class='ocrx_word' id='word_1_309' title='bbox 720 4062 805 4126; x_wconf 87' lang='lat' dir='ltr'>effici</span> <span class='ocrx_word' id='word_1_310' title='bbox 822 4060 870 4124; x_wconf 86' lang='lat' dir='ltr'>ita</span> <span class='ocrx_word' id='word_1_311' title='bbox 880 4070 1002 4143; x_wconf 89' lang='lat' dir='ltr'>potest,</span> <span class='ocrx_word' id='word_1_312' title='bbox 1017 4080 1062 4123; x_wconf 86' lang='lat' dir='ltr'>ex</span> <span class='ocrx_word' id='word_1_313' title='bbox 1079 4061 1174 4124; x_wconf 92' lang='lat' dir='ltr'>suavi</span> <span class='ocrx_word' id='word_1_314' title='bbox 1192 4060 1257 4123; x_wconf 91' lang='lat' dir='ltr'>Dei</span> <span class='ocrx_word' id='word_1_315' title='bbox 1275 4057 1473 4141; x_wconf 88' lang='lat' dir='ltr'>providentis</span> 
     </span>
    </p>
   </div>
   <div class='ocr_carea' id='block_1_15' title="bbox 198 4147 1473 4190">
    <p class='ocr_par' dir='ltr' id='par_1_31' title="bbox 198 4147 1473 4190">
     <span class='ocr_line' id='line_1_38' title="bbox 198 4147 1473 4190; baseline -0.002 -1"><span class='ocrx_word' id='word_1_316' title='bbox 198 4147 265 4190; x_wconf 78' lang='lat' dir='ltr'>siml.</span> <span class='ocrx_word' id='word_1_317' title='bbox 1447 4180 1473 4189; x_wconf 88' lang='lat'>..</span> 
     </span>
    </p>
   </div>
   <div class='ocr_carea' id='block_1_16' title="bbox 377 4228 1469 4372">
    <p class='ocr_par' dir='ltr' id='par_1_32' title="bbox 377 4228 1469 4372">
     <span class='ocr_line' id='line_1_39' title="bbox 408 4228 1469 4290; baseline -0.012 -7"><span class='ocrx_word' id='word_1_318' title='bbox 408 4252 427 4283; x_wconf 91' lang='lat'>1.</span> <span class='ocrx_word' id='word_1_319' title='bbox 441 4238 464 4283; x_wconf 67' lang='lat' dir='ltr'>S</span> <span class='ocrx_word' id='word_1_320' title='bbox 481 4236 546 4280; x_wconf 87' lang='lat' dir='ltr'>Hier.</span> <span class='ocrx_word' id='word_1_321' title='bbox 560 4234 592 4279; x_wconf 85' lang='lat' dir='ltr'>ad</span> <span class='ocrx_word' id='word_1_322' title='bbox 605 4232 696 4279; x_wconf 88' lang='lat' dir='ltr'>Paulin.</span> <span class='ocrx_word' id='word_1_323' title='bbox 711 4233 748 4277; x_wconf 84' lang='lat' dir='ltr'>De</span> <span class='ocrx_word' id='word_1_324' title='bbox 757 4231 839 4277; x_wconf 80' lang='lat' dir='ltr'>studio</span> <span class='ocrx_word' id='word_1_325' title='bbox 849 4231 938 4290; x_wconf 80' lang='lat' dir='ltr'>Script.</span> <span class='ocrx_word' id='word_1_326' title='bbox 951 4236 985 4289; x_wconf 76' lang='lat' dir='ltr'>ep.</span> <span class='ocrx_word' id='word_1_327' title='bbox 998 4240 1056 4282; x_wconf 80' lang='lat' dir='ltr'>L111,</span> <span class='ocrx_word' id='word_1_328' title='bbox 1070 4244 1091 4286; x_wconf 78' lang='lat'>4.</span> <span class='ocrx_word' id='word_1_329' title='bbox 1105 4252 1135 4261; x_wconf 93' lang='lat'>-</span> <span class='ocrx_word' id='word_1_330' title='bbox 1150 4242 1171 4273; x_wconf 87' lang='lat'>2.</span> <span class='ocrx_word' id='word_1_331' title='bbox 1187 4228 1212 4274; x_wconf 85' lang='lat' dir='ltr'>C.</span> <span class='ocrx_word' id='word_1_332' title='bbox 1225 4228 1300 4281; x_wconf 64' lang='lat' dir='ltr'>haer„</span> <span class='ocrx_word' id='word_1_333' title='bbox 1312 4236 1346 4281; x_wconf 86' lang='lat' dir='ltr'>tv,</span> <span class='ocrx_word' id='word_1_334' title='bbox 1361 4228 1427 4285; x_wconf 50' lang='lat'>264</span> <span class='ocrx_word' id='word_1_335' title='bbox 1444 4248 1469 4257; x_wconf 89' lang='lat'><em>-</em></span> 
     </span>
     <span class='ocr_line' id='line_1_40' title="bbox 377 4299 1465 4372; baseline -0.011 -18"><span class='ocrx_word' id='word_1_336' title='bbox 377 4310 471 4372; x_wconf 43' lang='lat' dir='ltr'>&amp;Seru</span> <span class='ocrx_word' id='word_1_337' title='bbox 484 4318 522 4361; x_wconf 91' lang='grc' dir='ltr'>ιιι,</span> <span class='ocrx_word' id='word_1_338' title='bbox 535 4312 584 4365; x_wconf 84' lang='lat' dir='ltr'>cap.</span> <span class='ocrx_word' id='word_1_339' title='bbox 600 4315 628 4358; x_wconf 92' lang='grc' dir='ltr'>ιι,</span> <span class='ocrx_word' id='word_1_340' title='bbox 646 4306 674 4349; x_wconf 85' lang='lat' dir='ltr'>de</span> <span class='ocrx_word' id='word_1_341' title='bbox 689 4306 759 4349; x_wconf 82' lang='lat' dir='ltr'>revel.</span> <span class='ocrx_word' id='word_1_342' title='bbox 779 4303 817 4363; x_wconf 86' lang='lat' dir='ltr'>Cs.</span> <span class='ocrx_word' id='word_1_343' title='bbox 828 4302 903 4349; x_wconf 88' lang='lat' dir='ltr'>Conc.</span> <span class='ocrx_word' id='word_1_344' title='bbox 921 4302 989 4355; x_wconf 86' lang='lat' dir='ltr'>Trid,</span> <span class='ocrx_word' id='word_1_345' title='bbox 1005 4316 1056 4348; x_wconf 84' lang='lat' dir='ltr'>ress.</span> <span class='ocrx_word' id='word_1_346' title='bbox 1073 4310 1107 4353; x_wconf 78' lang='lat' dir='ltr'>w,</span> <span class='ocrx_word' id='word_1_347' title='bbox 1125 4299 1188 4347; x_wconf 81' lang='lat' dir='ltr'>decr.</span> <span class='ocrx_word' id='word_1_348' title='bbox 1204 4299 1234 4345; x_wconf 80' lang='lat' dir='ltr'>de</span> <span class='ocrx_word' id='word_1_349' title='bbox 1247 4299 1304 4346; x_wconf 77' lang='lat' dir='ltr'>edit.</span> <span class='ocrx_word' id='word_1_350' title='bbox 1314 4304 1345 4365; x_wconf 54' lang='grc' dir='ltr'>ξι</span> <span class='ocrx_word' id='word_1_351' title='bbox 1355 4314 1397 4344; x_wconf 77' lang='lat' dir='ltr'>usu</span> <span class='ocrx_word' id='word_1_352' title='bbox 1413 4309 1465 4343; x_wconf 81' lang='lat' dir='ltr'>sacr.</span> 
     </span>
    </p>
   </div>
   <div class='ocr_carea' id='block_1_17' title="bbox 377 4383 460 4430">
    <p class='ocr_par' dir='ltr' id='par_1_33' title="bbox 377 4383 460 4430">
     <span class='ocr_line' id='line_1_41' title="bbox 377 4383 460 4430; baseline -0.084 0"><span class='ocrx_word' id='word_1_353' title='bbox 377 4383 460 4430; x_wconf 75' lang='lat' dir='ltr'>libror,</span> 
     </span>
    </p>
   </div>
   <div class='ocr_carea' id='block_1_18' title="bbox 0 0 1571 4859">
    <p class='ocr_par' dir='ltr' id='par_1_34' title="bbox 0 0 1571 4859">
     <span class='ocr_line' id='line_1_42' title="bbox 0 0 1571 4859; baseline 0 0"><span class='ocrx_word' id='word_1_354' title='bbox 0 0 1571 4859; x_wconf 95' lang='lat' dir='ltr'> </span> 
     </span>
    </p>
   </div>
  </div>
 </body>
</html>
