3117 4859
308 330 381 401 280
470 345 653 397 nersrom
679 346 911 397 neosronrcn
941 334 961 363 “
982 346 1212 411 resecetur.
1229 325 1248 353 ''

137 513 192 560 dam
203 510 276 559 riber-
306 510 421 564 tamen
444 499 581 563 libertas
598 518 665 561 non
682 507 734 561 est
749 498 926 573 eiusmodi,
942 508 978 561 ut
995 496 1100 562 ullum
1118 500 1177 562 det
1192 497 1418 562 aemulationi

127 586 276 691 ‘ff‘ifflj
305 604 515 685 invidiaeque
535 601 645 664 locum
663 624 670 663 :
685 619 754 663 non
770 602 859 663 enim
874 602 1061 682 potentiam
1072 612 1286 667 consectatur
1299 602 1417 665 Eccle-

126 716 173 757 rem
192 708 280 783 ¹⁴¹3?st
304 710 362 784 sia,
387 725 496 789 neque
515 704 584 767 ulla
603 704 790 786 cupiditate
806 724 866 767 sua
883 702 1075 783 impellitur,
1092 704 1151 769 sed
1169 706 1234 769 hoc
1251 707 1333 782 vult,
1351 704 1419 767 hoc

127 788 276 887 „„„‘²‚”””⁰'
303 812 434 893 expetit
450 810 555 885 unice,
570 808 655 871 tueri
672 808 705 871 in
722 807 915 871 hominibus
931 806 1040 871 officia
1051 811 1224 888 virtutum,
1235 821 1270 874 et
1288 812 1350 874 hac
1365 830 1419 873 ra-

169 938 277 1001 Dejm
303 914 403 986 tione,
418 912 480 975 hac
497 911 559 987 via,
574 912 799 992 sempiternae
815 930 930 974 eorum
947 912 1047 975 saluti
1063 913 1246 979 consulere.
1265 914 1420 995 ideoque

125 1004 277 1133 wigii
303 1017 498 1081 facilitatem
515 1016 829 1098 indulgentiamque
847 1025 1033 1079 maternam
1049 1017 1209 1081 adhibere
1221 1018 1307 1081 solet
1321 1042 1329 1080 :
1345 1018 1420 1080 imo

185 1134 277 1210 nedum
303 1124 405 1185 etiam
432 1139 497 1183 non
524 1139 598 1182 raro
623 1119 799 1200 contingit,
828 1130 864 1182 ut
890 1120 984 1200 plura
1013 1122 1222 1202 temporibus
1238 1122 1419 1184 civitatum

125 1200 277 1329 miii
304 1227 463 1300 tribuens,
492 1224 541 1287 uti
573 1224 643 1288 iure
669 1242 731 1287 suo
758 1223 950 1288 abstineat:
980 1225 1071 1307 quod
1099 1245 1180 1288 sane
1208 1234 1308 1306 pacta
1335 1226 1414 1307 ipsa

142 1330 276 1420 afdejeff
303 1328 438 1393 abunde
463 1336 628 1391 testantur
651 1345 728 1389 cum
756 1326 906 1407 imperiis
933 1347 1034 1409 saepe
1063 1339 1238 1392 conventa.
1261 1366 1304 1377 —
1320 1327 1418 1393 Nihil

155 1403 276 1509 'malm
305 1434 412 1515 magis
428 1430 473 1494 ab
489 1452 529 1494 ea
545 1432 705 1507 alienum,
724 1450 827 1513 quam
845 1451 960 1513 rapere
977 1434 1019 1495 ad
1037 1454 1072 1495 se
1088 1434 1268 1515 quicquam
1284 1433 1326 1497 de
1343 1433 1419 1495 iure

126 1533 280 1654 dms
304 1536 456 1618 imperii:
483 1536 542 1597 sed
570 1535 715 1598 vicissim
741 1545 895 1599 vereatur
923 1536 1100 1617 imperium
1119 1556 1254 1600 necesse
1269 1545 1321 1598 est
1338 1538 1417 1599 iura

175 1656 277 1720 perium
307 1641 486 1716 Ecclesiae,
501 1649 686 1721 caveatque
702 1659 745 1702 ne
761 1638 863 1702 ullam
881 1660 925 1703 ex
943 1640 982 1703 iis
999 1650 1129 1722 partem
1142 1642 1185 1703 ad
1199 1660 1234 1704 se
1248 1642 1419 1704 traducat.

124 1722 276 1798 jrfraEccle-
305 1786 348 1795 -
370 1744 469 1808 Nunc
497 1764 584 1819 vero,
612 1746 639 1806 si
668 1763 719 1807 res
746 1752 780 1806 et
809 1743 896 1806 iacta
924 1755 1127 1827 spectentur,
1151 1746 1337 1809 cuiusmodi
1362 1754 1419 1809 est

126 1802 185 1835 eae.
209 1852 278 1901 Haec
305 1863 494 1933 temporum
522 1853 662 1911 cursus?
693 1848 879 1911 Ecclesiam
897 1848 1053 1911 videlicet
1070 1858 1262 1931 suspectam
1279 1849 1418 1925 habere,

126 1933 277 2047 ἪᾝῘ
304 1955 463 2031 fastidire,
477 1952 598 2025 odisse,
613 1952 777 2017 invidiose
789 1951 957 2015 criminari
972 1952 1070 2016 nimis
1085 1953 1181 2015 multi
1194 1972 1416 2017 consuevere:

152 2049 280 2161 ruffi
304 2061 460 2143 quodque
487 2056 595 2121 multo
611 2058 754 2139 gravius,
770 2057 804 2119 id
822 2066 929 2137 agunt
945 2058 1038 2119 omni
1055 2076 1119 2138 ope
1134 2066 1168 2119 et
1185 2057 1414 2133 contentione,

128 2186 215 2237 actare,
304 2172 342 2226 ut
364 2163 483 2226 ditioni
511 2162 775 2244 gubernatorum
792 2161 937 2224 civitatis
954 2160 1078 2224 faciant
1091 2160 1299 2224 servientem.
1319 2160 1414 2224 Hinc

304 2287 364 2329 sua
390 2267 453 2348 ipsi
479 2274 513 2328 et
537 2274 652 2345 erepta
677 2264 776 2342 bona,
792 2274 826 2327 et
841 2264 986 2328 deducta
1003 2264 1036 2325 in
1054 2276 1235 2345 angustum
1253 2262 1414 2327 libertas:

303 2371 381 2433 hinc
411 2370 623 2433 alumnorum
648 2369 733 2432 sacri
760 2368 887 2432 ordinis
915 2368 1128 2431 circumiecta
1156 2366 1413 2432 difficultatibus

304 2473 492 2536 institutio:
519 2472 666 2553 perlatae
693 2472 726 2535 in
754 2473 879 2535 clerum
908 2470 1068 2553 singulari
1096 2472 1274 2535 severitate
1298 2471 1412 2553 leges:

302 2574 493 2651 dissolutae,
520 2575 717 2657 prohibitae,
741 2576 872 2657 optima
887 2574 1057 2637 christiani
1075 2574 1220 2637 nominis
1237 2572 1413 2657 praesidia,

305 2681 533 2761 religiosorum
551 2678 769 2741 sodalitates:
789 2676 893 2753 brevi,
912 2676 1147 2759 regalistarum
1164 2684 1341 2759 praecepta
1361 2686 1412 2738 at·

304 2804 370 2866 que
385 2791 460 2845 acta
472 2783 624 2846 acerbius
640 2780 895 2846 renovataHoc
908 2783 1044 2864 quidem
1058 2790 1110 2844 est
1126 2782 1193 2843 vim
1208 2779 1323 2843 afferre
1335 2798 1412 2843 san-

192 2896 281 2958 meglio
305 2886 460 2950 ctissimis
472 2885 643 2949 Ecclesiae
659 2886 785 2950 iuribus
800 2886 910 2967 :quod
928 2885 1081 2948 maxima
1093 2885 1203 2965 gignit
1219 2881 1413 2946 civitatibus

128 2954 280 3061 mm.
306 2992 403 3068 mala,
428 3000 604 3073 propterea
631 2992 720 3072 quod
745 3010 821 3052 cum
838 2991 961 3053 divinis
977 2988 1124 3052 consiliis
1143 2998 1257 3071 aperte
1274 2998 1412 3070 pugnat

130 3084 280 3191 'mm
306 3096 462 3175 Princeps
478 3093 567 3158 enim
580 3106 682 3175 atque
697 3094 814 3175 opifex
828 3092 944 3155 mundi
958 3092 1062 3168 Deus,
1077 3094 1133 3174 qui
1145 3092 1320 3156 hominum
1334 3110 1414 3154 con·

149 3208 282 3257 distinctas
304 3200 490 3283 gregationi
506 3208 540 3261 et
555 3198 686 3261 civilem
703 3209 735 3260 et
752 3218 882 3262 sacram
900 3208 1104 3279 potestatem
1119 3196 1413 3280 providentissime

135 3280 280 3388 mm
305 3303 505 3386 praeposuit,
520 3302 696 3364 distinctas
712 3303 849 3383 quidem
867 3321 1064 3382 permanere
1080 3322 1137 3365 eas
1155 3301 1270 3375 voluit,
1282 3312 1317 3364 at
1333 3318 1413 3363 vero

128 3414 279 3519 ”miii
304 3410 471 3471 seiunctas
497 3426 569 3468 esse
596 3416 630 3468 et
656 3405 836 3486 confligere
863 3406 977 3468 vetuit.
1006 3403 1097 3486 Quin
1123 3405 1229 3468 immo
1252 3424 1328 3467 cum
1347 3403 1412 3466 Dei

156 3507 281 3584 usum}
304 3510 408 3590 ipsius
431 3508 596 3583 voluntas,
625 3516 697 3570 tum
715 3526 894 3571 commune
910 3507 1082 3570 societatis
1099 3508 1268 3571 humanae
1284 3505 1412 3569 bonum

145 3600 281 3730 'm‘q‘ss
305 3614 444 3676 omnino
468 3610 626 3693 postulat,
651 3620 687 3673 ut
711 3620 862 3694 potestas
885 3610 991 3674 civilis
1008 3610 1041 3673 in
1059 3612 1207 3693 regendo
1223 3612 1413 3692 gubernan-

160 3731 282 3780 socieraris
305 3717 416 3798 doque
440 3734 515 3777 cum
541 3714 767 3778 ecclesiastica
793 3716 981 3778 conveniat.
1011 3714 1104 3777 Hinc
1130 3734 1190 3777 sua
1215 3724 1250 3777 et
1277 3713 1413 3795 propria

128 3798 281 3925 bssmffi
305 3829 383 3884 sunt
407 3818 547 3900 imperio
573 3820 644 3880 iura
671 3828 773 3899 atque
797 3815 916 3893 officia,
942 3836 1002 3879 sua
1027 3818 1108 3881 item
1138 3816 1328 3879 Ecclesiae:
1352 3817 1411 3879 sed

128 3928 196 3976 tular
214 3930 278 3976 utri·
305 3921 444 3983 alterum
469 3938 546 3981 cum
572 3918 677 3980 altera
703 3918 902 3981 concordiae
927 3918 1038 3980 vinclo
1053 3917 1249 3998 colligatum
1266 3936 1339 3980 esse
1356 3933 1413 3977 ne-

153 4002 280 4106 mm}
304 4044 396 4087 cesse
426 4032 485 4086 est.
510 4058 554 4069 -
581 4022 635 4084 Ita
660 4040 740 4084 sane
766 4019 925 4099 futurum,
950 4029 987 4085 ut
1015 4018 1187 4085 Ecclesiae
1214 4020 1413 4101 imperiique

128 4137 278 4235 ‘Amr'
305 4126 567 4193 necessitudines
581 4137 719 4189 mutuae
734 4125 777 4188 ab
794 4124 851 4189 illa
863 4145 936 4188 sese
946 4124 1133 4206 expediant
1148 4122 1413 4204 perturbatione,

201 4223 207 4234 ¹
304 4253 390 4317 quae
406 4251 494 4295 nunc
511 4240 571 4305 est,
583 4250 650 4293 non
669 4249 736 4292 uno
753 4228 890 4291 nomine
906 4228 1106 4309 improvida,
1123 4226 1288 4308 bonisque
1304 4225 1413 4289 omni-

305 4339 367 4400 bus
383 4333 606 4415 permolesta:
622 4332 813 4412 pariterque
830 4326 1075 4412 impetrabitur,
1091 4338 1209 4393 utnon
1224 4327 1413 4410 permixtis,
