3117 4859
216 371 267 420 DE
287 370 690 422 PEREGRlNA'ilONlBUS
708 372 759 419 AD
779 371 928 421 SANCTA
947 368 1054 420 LOCA.
1126 363 1193 434 137

83 515 392 600 peregrinationum
409 526 681 590 memoratarum,
697 526 769 578 tum
791 517 865 598 piae
884 513 1118 579 associationis
1140 529 1194 576 ca·

81 619 204 683 nonice
220 617 266 683 ibi
284 619 461 684 institutae
482 639 544 703 pro
569 615 737 702 suffragiis
762 619 825 684 rite
849 617 994 683 ferendis
1017 617 1194 681 animabus

79 723 230 787 fidelium
246 722 484 788 defunctorum
502 742 548 787 ex
565 722 715 786 ecclesiis
731 732 804 788 turn
823 722 973 788 Orientis
996 742 1102 805 quum
1127 720 1193 786 Oc·

80 827 329 908 cidentis,quae
341 825 537 910 purgatorio
550 828 582 892 in
597 827 675 909 igne
687 828 911 893 detineantur.
922 828 1078 890 Iamvero
1087 844 1192 908 quum
1261 853 1371 911 sogam

79 933 153 1014 ipse
175 930 392 1013 Praepositus
416 930 585 1014 generalis
612 931 940 1012 Augustinianorum
968 930 1012 994 ab
1049 930 1192 993 Assum·
1217 912 1355 968 P'W'm

1213 973 1327 1030 generali

79 1035 198 1117 ptions
212 1035 333 1098 enixas
349 1034 458 1099 Nobis
474 1034 647 1098 humiliter
669 1053 786 1116 preces
811 1034 1002 1098 adhibuerit
1018 1043 1055 1097 ut
1082 1031 1192 1097 indui·
1217 1032 1351 1138 2352&

78 1139 221 1222 gentias,
234 1136 375 1219 singulis
390 1137 498 1215 annis,
510 1140 542 1202 vi
553 1157 654 1221 supra
665 1132 831 1202 dictarum
849 1138 1036 1202 litterarum
1050 1138 1191 1200 Nostra·
1217 1151 1353 1221 aramm-

79 1262 164 1319 rum,
179 1241 220 1304 iis
236 1241 564 1324 peregrinationibus
585 1261 762 1305 concessas
782 1229 815 1304 in
839 1250 1038 1324 perpetuum
1060 1240 1191 1321 elargiri
1212 1216 1302 1270 Μ’·

79 1343 311 1426 nonnullaque
339 1345 463 1408 addere
493 1344 670 1428 privilegia
697 1346 739 1408 de
769 1343 982 1428 benignitate
1007 1343 1193 1426 apostolica

78 1448 223 1511 velimus
248 1467 256 1524 ;
282 1448 356 1511 Nos
384 1458 421 1513 ut
448 1456 518 1512 tam
545 1447 724 1530 frugiferae
752 1450 889 1531 pietatis
920 1467 1026 1530 opera
1057 1448 1195 1523 maiora,

79 1553 216 1616 favente
226 1551 387 1630 Domino,
397 1553 583 1635 suscipiant
593 1553 851 1630 incrementa,et
859 1553 1056 1635 praesertim
1070 1571 1194 1634 preces,

79 1675 168 1736 quae
194 1656 362 1720 dictorum
390 1675 530 1738 operum
557 1677 636 1719 cura
663 1676 724 1738 pro
756 1656 974 1720 ecclesiarum
1003 1657 1127 1720 unione
1149 1658 1191 1718 ad

80 1760 194 1824 Deum
211 1759 309 1824 iuxta
334 1767 483 1824 mentem
513 1761 673 1824 Nostram
699 1757 926 1839 effunduntur,
949 1759 1094 1823 uberiori
1111 1757 1194 1822 fiant

80 1882 159 1926 cum
172 1864 365 1928 animarum
381 1863 501 1940 fructu,
515 1863 580 1946 piis
603 1863 655 1926 his
678 1863 766 1927 votis
790 1863 1008 1926 annuendum
1026 1882 1193 1946 propensa

80 1966 256 2030 voluntate
276 1967 558 2030 existimavimus.
577 1968 696 2048 ltaque
720 1976 790 2030 tam
819 1962 992 2048 religiosos
1013 1977 1125 2048 patres
1149 1965 1194 2028 ab
1216 2008 1332 2067 ms„

80 2071 330 2153 Assumptione
347 2071 467 2153 quibus
488 2071 681 2134 earumdem
709 2071 1018 2152 peregrinationum
1042 2071 1190 2152 regimen
1217 2068 1324 2138 (⁰¹¹⁶‘d1'1

1218 2133 1268 2173 rtrr
1279 2129 1314 2172 ad

82 2181 134 2236 est
150 2173 406 2252 demandatum,
421 2194 523 2256 quam
541 2172 657 2237 fideles
681 2176 739 2256 qui
764 2175 798 2236 in
822 2173 1022 2238 exercitium
1047 2174 1193 2256 pietatis,
1218 2193 1303 2232 sancta
1320 2188 1372 2232 oca

82 2278 307 2355 obedientiae,
324 2277 602 2356 mortificationis,
617 2288 651 2341 et
678 2277 916 2360 abnegationis
939 2279 990 2342 sui
1017 2279 1131 2360 ipsius,
1151 2277 1193 2340 si·
1218 2250 1364 2352 iiiim'

83 2380 222 2462 mulque
239 2383 272 2445 in
290 2381 408 2464 spiritu
425 2382 575 2445 caritatis
590 2393 625 2445 et
641 2401 787 2464 precum,
806 2381 895 2446 idem
920 2383 984 2445 iter
999 2382 1194 2464 suscipiant,
1219 2366 1374 2471 §mm

82 2483 243 2567 peculiari
269 2485 502 2549 benevolentia
533 2485 712 2567 complecti
738 2485 892 2549 volentes
918 2497 952 2549 et
974 2505 997 2549 a
1021 2486 1195 2568 quibusvis
1217 2486 1334 2544 rentiam.

84 2589 448 2653 excommunicationis
465 2599 498 2652 et
514 2589 683 2652 interdicti
698 2589 842 2672 aliisque
864 2590 1098 2654 ecclesiasticis
1108 2611 1194 2656 ‚sen-

84 2693 209 2770 tentiis,
219 2694 366 2756 censuris
382 2705 415 2756 et
432 2693 549 2776 poenis
564 2691 684 2775 quovis
700 2695 804 2757 modo
820 2694 872 2756 vei
888 2695 1007 2776 quavis
1024 2696 1067 2759 de
1078 2713 1196 2759 caussa

85 2798 173 2875 latis,
186 2797 214 2860 si
230 2817 314 2880 quas
331 2797 417 2861 sorte
431 2799 641 2874 incurrerint,
656 2799 755 2861 huius
777 2807 911 2862 tantum
936 2801 981 2861 rei
1007 2801 1115 2880 gratia
1138 2801 1196 2864 ab·

84 2899 257 2965 soluentes
280 2911 315 2966 et
336 2901 510 2965 absolutos
534 2899 605 2964 fore
631 2911 816 2978 censentes,
843 2901 1046 2984 Apostolica
1073 2903 1197 2966 Nostra

85 3007 299 3082 auctoritate,
314 3006 542 3088 praesentium
566 3016 693 3084 tenore,
709 3005 751 3069 ad
775 3014 895 3069 nutum
923 3006 1023 3070 Sedis
1049 3008 1196 3090 Aposto-

85 3112 288 3189 licae,lraec,
305 3113 494 3193 quaeinfre
517 3113 640 3193 scripta
668 3123 756 3186 sunt,
781 3112 998 3175 concedimus
1023 3122 1126 3195 atque
1149 3115 1197 3177 in·

86 3216 276 3298 dulgemus.
293 3217 462 3280 Nimirum
480 3217 637 3280 omnibus
654 3225 688 3280 et
703 3215 845 3298 singulis
861 3216 1024 3292 fidelibus,
1036 3219 1093 3299 qui
1110 3239 1198 3282 nunc

86 3331 121 3384 et
136 3321 170 3382 in
188 3328 361 3402 posterum
378 3320 531 3403 quolibet
548 3339 638 3383 anno
655 3318 881 3401 expiatoriam
897 3320 1091 3384 huiusmodi
1107 3341 1199 3404 pere·

87 3423 315 3506 grioationem
334 3425 555 3506 susceperint,
565 3430 599 3488 et
609 3425 642 3486 in
655 3424 729 3506 ipso
744 3423 871 3487 itineris
884 3424 1035 3506 ingressu
1048 3426 1199 3489 modera-

87 3528 152 3592 tori
169 3549 230 3610 pro
247 3537 401 3610 tempore
417 3528 567 3590 debitam
585 3527 814 3591 obedientiam
829 3527 971 3608 professi
987 3529 1064 3606 sint,
1082 3529 1200 3610 plena·

87 3634 172 3696 riam
189 3632 409 3696 concedimus
426 3631 672 3714 indulgentiam
687 3649 747 3714 pro
759 3630 815 3695 die
829 3632 1007 3710 discessus,
1019 3653 1058 3695 ac
1074 3652 1136 3714 pro
1146 3634 1201 3697 die

87 3737 131 3801 ab
147 3755 352 3818 unoquoque
368 3736 530 3818 eligendo
544 3737 687 3800 durante
702 3737 973 3818 peregrinatione
988 3757 996 3814 ;
1012 3739 1201 3801 dummodo

89 3841 151 3904 rite
166 3839 312 3904 confessi
329 3859 491 3922 sacraque
504 3839 752 3904 Communione
767 3837 882 3904 refecti
892 3838 1089 3921 aliquandiu
1103 3841 1202 3903 iuxta

90 3946 220 4009 romani
235 3942 410 4008 Pontificis
426 3954 575 4007 mentem
588 3953 685 4007 orent
700 3945 762 4025 pro
773 3943 1003 4025 extirpatione
1015 3943 1202 4023 haeresum,

91 4051 294 4132 sanctaeque
308 4047 482 4111 Ecclesiae
494 4047 749 4111 necessitatibus
760 4056 795 4110 et
807 4045 1024 4111 exaltatione.
1037 4047 1111 4110 Has
1123 4068 1203 4112 vero

93 4154 303 4219 conditiones
319 4153 469 4216 adiectas
484 4151 639 4216 volumus
655 4151 729 4214 aliis
745 4151 905 4216 omnibus
920 4151 1079 4233 plenariis
1094 4153 1201 4217 indul-

94 4259 217 4340 gentiis
247 4255 333 4321 inira
364 4255 598 4334 concedendis,
628 4275 712 4338 quas
742 4255 914 4320 universas
946 4257 979 4319 in
1004 4255 1200 4339 suffragium

93 4361 195 4425 ctiam
212 4360 362 4427 converti
379 4379 477 4442 posse
493 4359 718 4441 permittimus
735 4356 884 4421 fidelium
901 4359 1054 4422 omnium
1075 4360 1132 4440 qui
1148 4361 1203 4442 pic
