3117 4859
344 379 394 430 un
422 379 594 430 uurrnrs
623 379 840 431 ucccssruu.
1086 366 1153 454 163

44 520 215 587 CHR1STO
233 523 409 586 inchoetur
425 533 538 604 caput,
553 521 638 586 alius
654 521 856 600 CHRISTUS,
867 525 895 586 si
912 535 1045 607 praeter
1069 546 1155 604 eam,
1241 561 1272 606 ,ρ

44 646 132 708 quae
143 647 264 710 corpus
274 627 347 692 eius
359 637 420 705 est,
434 625 513 710 fingi
526 627 713 691 Ecclesiam
726 629 865 692 alteram
880 628 990 693 libeat.
1001 643 1018 698 ‹
1029 630 1155 696 Videte
1213 607 1303 723 1,ῑέἔῖ

48 744 66 797 ‹
83 731 163 812 quid
180 734 339 810 caveatis,
351 730 555 814 videtequid
573 731 768 809 observetis,
777 733 890 797 videte
905 734 987 816 quid
998 735 1155 802 timeatis.

49 847 67 901 t
83 832 270 918 Contingit,
287 843 323 899 ut
339 836 372 898 in
390 855 529 918 corpore
546 836 703 913 humano,
719 835 789 899 imo
804 837 847 899 de
862 858 1001 920 corpore
1018 838 1155 920 aliquod

50 940 298 1020 (praecidatur
332 940 528 1016 membrum,
556 959 686 1016 manus,
722 939 859 1022 digitus,
884 960 963 1023 pes:
991 942 1155 1024 numquid

50 1055 69 1110 ‹
84 1042 270 1124 praecisum
285 1044 436 1126 sequitur
449 1043 587 1107 anima?
601 1043 687 1109 Cum
702 1044 734 1106 in
752 1063 890 1126 corpore
907 1055 995 1109 esset
1011 1045 1156 1110 vivebat:

48 1161 68 1213 t
85 1147 272 1227 praecisum
290 1148 418 1211 amittit
434 1149 549 1212 vitam.
566 1147 623 1212 Sic
639 1156 673 1211 et
689 1147 793 1212 homo
813 1148 1016 1212 christianus
1042 1150 1157 1215 catho-

48 1262 68 1316 t
85 1249 167 1314 licus
183 1250 326 1328 est,dum
338 1251 370 1313 in
385 1270 525 1335 corpore
537 1250 617 1314 vivit
633 1275 640 1315 :
656 1251 836 1332 praecisus,
851 1253 1039 1316 haereticus
1049 1253 1159 1319 sactus

48 1365 67 1420 t
85 1363 157 1417 est:
174 1354 362 1418 membrum
379 1362 593 1434 amputatum
607 1375 674 1418 non
687 1355 840 1438 sequitur
849 1356 987 1438 spiritus
1004 1355 1055 1438 (¹).
1072 1356 1159 1428 »Est
1190 1377 1336 1423 Praeceden-

47 1458 153 1539 igitur
181 1458 335 1522 Ecclesia
361 1458 520 1525 CHRISTI
546 1459 647 1522 unica
674 1470 707 1523 et
743 1468 928 1542 perpetua:
953 1461 1159 1544 quicumque
1184 1438 1312 1542 {mn

47 1577 198 1624 seorsum
210 1561 667 1639 eant,aberrantavoluntate
679 1569 714 1625 et
726 1563 989 1645 praescriptione
1000 1563 1159 1630 CHRISTI

47 1662 200 1742 Domini,
223 1665 406 1748 relictoque
431 1666 548 1730 salutis
574 1666 701 1744 itinere,
717 1665 760 1730 ad
777 1666 950 1730 interitum
966 1669 1159 1750 digrediun-

47 1777 142 1837 tur.t
158 1769 320 1854 Quisquis
337 1772 381 1834 ab
398 1769 551 1834 Ecclesia
566 1779 762 1852 segregatus
779 1769 954 1836 adulterae
968 1772 1158 1856 iungitur,a

50 1887 68 1940 t
86 1875 257 1955 promissis
276 1874 448 1938 Ecclesiae
473 1884 657 1956 separatur,
672 1894 732 1938 nec
750 1875 922 1956 perveniet
937 1876 980 1939 ad
999 1876 1160 1942 CHRISTI
1271 1876 1273 1879 ’

50 1979 234 2058 (praemia
249 1980 306 2061 qui
332 1977 466 2060 reliquit
492 1977 678 2042 Ecclesiam
709 1976 917 2042 CHR1ST1....
936 1980 1036 2043 Hanc
1052 1982 1160 2045 unita·

51 2096 71 2149 I
87 2091 155 2145 tem
172 2083 310 2164 quinon
328 2091 432 2160 tenet,
448 2102 516 2146 uon
533 2092 626 2147 tenet
643 2083 708 2146 Dei
721 2081 842 2164 legem,
858 2103 925 2146 uon
943 2093 1037 2148 tenet
1051 2085 1161 2149 Patris

54 2195 75 2252 ('
90 2195 124 2249 et
140 2185 216 2249 Filii
233 2184 345 2262 fidem,
360 2186 464 2250 vitam
482 2207 550 2250 non
567 2197 659 2251 tenet
676 2197 709 2248 et
726 2186 869 2250 salutern
887 2187 937 2269 (²).
956 2202 974 2256 I

98 2290 146 2354 At
162 2311 241 2355 vero
265 2293 323 2374 qui
349 2293 482 2356 unicam
510 2292 672 2368 condidit,
688 2293 716 2354 is
742 2291 832 2355 idem
858 2292 1011 2357 condidit
1036 2315 1161 2358 unam:
1276 2312 1337 2381 ‚pur

50 2395 210 2460 videlicet
226 2397 402 2474 eiusmodi,
419 2407 455 2460 ut
471 2406 640 2479 quotquot
656 2397 688 2460 in
706 2396 780 2477 ipsa
793 2395 893 2459 futuri
907 2408 1028 2474 essent,
1045 2398 1160 2461 arctis·
1186 2371 1323 2476 ξζῖζξᾷω

52 2499 149 2563 simis
163 2499 305 2564 vinculis
322 2501 441 2566 sociati
458 2509 661 2576 tenerentur,
677 2500 724 2564 ita
741 2520 877 2580 prorsus
894 2512 931 2563 ut
955 2520 1056 2564 unam
1079 2521 1160 2583 gen·
1187 2490 1340 2596 'mian'

52 2611 135 2679 tem,
150 2623 253 2667 unum
272 2624 422 2686 regnum,
436 2623 559 2685 corpus
576 2623 679 2666 unum
698 2601 888 2666 efficerent:
910 2603 1021 2668 Uarrum
1038 2614 1161 2685 corpus,
1187 2609 1256 2655 didit
1294 2671 1299 2678 ,

51 2717 84 2771 et
114 2728 200 2771 unus
214 2709 360 2790 spiritus,
374 2711 460 2772 sicut
482 2708 591 2772 vocati
609 2708 687 2771 estis
703 2708 737 2771 in
754 2727 823 2771 una
836 2719 890 2790 spe
908 2709 1085 2772 vocationis
1110 2730 1162 2771 ve·
1187 2683 1339 2788 millo·

51 2813 207 2895 strac(³).
233 2812 456 2878 Voluntatem
484 2815 547 2876 hac
577 2813 620 2877 de
647 2832 682 2876 re
707 2833 803 2876 suarn
832 2813 942 2878 lusus
969 2813 1163 2880 CHRISTUS
1188 2793 1310 2893 ml?

53 2917 180 2994 sanxit,
196 2919 385 3000 propinqua
409 2917 476 2980 iam
506 2926 622 2993 morte,
647 2925 857 2999 augusteque
882 2918 1100 2996 consecravit,
1117 2919 1164 2982 ita
1188 2906 1343 3012 {cmm

54 3021 190 3084 Patrem
208 3022 409 3103 adprecatus
423 3041 430 3083 :
445 3020 523 3083 Non
528 3031 592 3102 pro
606 3019 654 3082 cis
669 3039 745 3101 rogo
754 3028 896 3098 tantum,
910 3021 969 3083 sed
982 3030 1014 3084 et
1024 3033 1090 3103 pro
1109 3021 1166 3097 eis,
1191 2974 1305 3071 clamem

52 3123 116 3206 qui
136 3123 297 3187 credituri
317 3133 396 3187 sunt
411 3134 475 3204 per
499 3122 632 3186 verbum
648 3143 759 3187 eorum
776 3122 812 3185 in
828 3142 929 3200 mc,...
948 3132 986 3187 ut
999 3133 1032 3186 et
1046 3123 1113 3204 ipsi
1126 3125 1163 3186 in
1190 3085 1305 3202 2ίὲἶῖῗῇ

53 3226 148 3290 nobc's
162 3248 265 3291 unum
280 3228 397 3306 sint...
411 3236 449 3290 ut
461 3228 531 3290 sint
544 3225 764 3290 consummati
776 3226 810 3289 in
827 3226 1164 3309 unum(⁴).1motarn

54 3331 176 3394 intime
187 3350 312 3395 nexam
323 3331 542 3394 iussitessein
553 3329 773 3394 sectatoribus
784 3329 1165 3413 suisunitatemtamque

56 3432 251 3519 perlectam,
267 3446 304 3500 ut
320 3435 590 3500 coniunctionem
602 3454 677 3498 curn
692 3433 791 3498 Patre
802 3452 898 3497 suam
905 3434 1040 3498 'ratione
1053 3435 1164 3519 aliqua

55 3538 265 3604 imitaretur:
286 3541 419 3622 Rogo...
438 3549 475 3603 ut
488 3559 597 3603 omnes
623 3557 725 3601 unum
746 3536 823 3614 sint,
837 3537 923 3600 sicut
938 3547 982 3615 tu,
1000 3538 1113 3618 Pater,
1128 3539 1165 3604 in

55 3665 118 3721 me,
132 3654 163 3708 et
177 3665 232 3728 ego
249 3645 283 3706 in
299 3654 329 3708 te
346 3644 396 3726 (5).
413 3643 546 3706 Tantae
562 3651 675 3706 autern
693 3640 780 3705 inter
796 3641 952 3705 homines
967 3662 1007 3705 ac
1023 3652 1093 3707 tam
1107 3644 1164 3708 ab·
1191 3691 1310 3748 hujusque

55 3749 188 3815 solutae
208 3747 408 3812 concordiae
435 3743 659 3810 necessarium
685 3744 946 3808 fundamentum
975 3756 1027 3808 est
1043 3766 1164 3811 conve·
1192 3751 1333 3796 curcurim

56 3853 187 3918 nientia
201 3853 462 3933 coniunctioque
478 3849 643 3913 mentium
660 3873 666 3911 :
683 3869 727 3912 ex
743 3867 813 3930 quo
827 3849 1034 3930 conspiratio
1049 3849 1165 3913 volun·
1185 3810 1337 3928 lllndllllll

56 3967 167 4023 tatum
185 3967 287 4040 atque
303 3957 511 4038 agendorum
528 3953 714 4016 similitudo
726 3955 846 4016 natura
867 3953 1024 4033 gignitur.
1038 3953 1166 4036 Quam.
1193 3930 1333 4040 ssgss'um·

56 4065 185 4143 obrem,
200 4084 261 4147 pro
277 4064 328 4126 sui
344 4060 520 4126 divinitate
536 4056 673 4134 consilii,
690 4057 850 4120 unitatem
856 4056 946 4138 fidei
963 4057 996 4119 in
1014 4057 1167 4122 Ecclesia

58 4187 120 4232 sua
136 4168 231 4232 iussit
247 4185 341 4230 esse:
358 4183 444 4247 quae
460 4162 596 4245 quidem
613 4162 717 4224 virtus
744 4161 891 4241 primum
908 4159 1007 4223 estin
1024 4159 1167 4224 vinculis

82 4321 111 4388 ¹r.
132 4341 157 4388 S.
170 4342 327 4400 Augustinus,
348 4352 427 4386 sermo
448 4347 566 4390 ccuxvrr,
586 4351 609 4384 n.
632 4353 655 4395 4.
672 4361 701 4370 —
718 4349 739 4382 2.
762 4335 787 4382 S.
800 4336 943 4393 Cyprianus,
967 4334 1076 4382 Decatl.
1100 4337 1166 4388 Bccl.

62 4411 174 4463 Unitale,
186 4423 209 4456 n.
220 4410 241 4455 6.
255 4433 284 4442 -
300 4421 321 4466 3,
340 4408 434 4467 Epher..
449 4417 484 4459 lv,
496 4421 518 4463 4.
536 4431 566 4439 -
586 4407 908 4462 4loan.,xv11,ao21-23.
926 4417 992 4461 -5
1016 4403 1060 4458 ln,
1081 4417 1116 4450 ar.
