3117 4859
418 417 521 467 DE
573 418 1053 469 CHRISTIANA
1107 419 1453 471 UNITATE
1501 420 1709 471 APUD
1764 419 2068 473 COPTOS.
2285 416 2370 493 71

143 562 484 639 disiuncti,
514 581 636 624 vos
668 561 754 625 ad
788 580 998 625 unum
1033 580 1288 639 omneS,
1319 563 1788 645 prosequimur
1830 563 2277 647 cupimusque
2307 562 2378 628 in
2555 604 2615 638 η

143 665 502 731 visceribus
529 664 720 728 Iaso
743 662 1050 731 CHRISTI
1078 664 1185 748 (¹).
1218 664 1455 743 Sinite,
1480 665 1718 731 fratres
1750 674 1818 730 et
1852 665 2027 732 filios
2045 667 2227 732 dulci
2258 686 2380 732 vos
2493 650 2673 770 'fg-§¹

143 770 482 835 desiderio
510 768 965 851 appellemus3
997 769 1197 833 sinite
1226 769 1489 834 alamus
1520 789 1715 854 spem
1750 790 1959 853 quam
2015 771 2103 835 de
2157 769 2378 836 reditu
2430 819 2660 867 uoluam

142 883 370 939 vestro
419 892 554 936 non
604 883 878 937 tenuem
933 873 1291 938 exhibetis,
1324 873 1696 958 Comperta
1724 876 1988 958 quippe
2021 884 2125 939 est
2156 883 2380 941 vestra
2426 880 2677 988 amsa&-

142 979 213 1042 in
266 977 414 1041 Nos
455 995 535 1039 ac
587 986 853 1041 nostros
902 976 1309 1041 benevolens
1354 978 1607 1059 gratia3
1648 996 1865 1061 aeque
1911 997 1991 1042 ac
2026 998 2216 1042 mens
2248 980 2378 1062 pia,
2594 954 2662 984 'ff

140 1101 280 1165 qua
316 1079 569 1145 facturn
602 1080 1154 1145 commiserantes
1185 1091 1475 1164 patrum,
1498 1090 1808 1165 tempora
1842 1081 1981 1161 illa,
1998 1083 2378 1148 sanctitatis

142 1185 432 1252 fecunda
474 1194 542 1249 et
588 1183 863 1267 gloriae,
894 1184 1162 1267 saepius
1196 1186 1538 1250 revocatis.
1577 1186 1790 1270 quue
1834 1185 2153 1252 fiduciam
2186 1188 2378 1253 addit

141 1290 328 1373 quod
381 1288 762 1370 complures
810 1288 897 1352 ad
948 1289 1124 1352 hanc
1173 1290 1349 1354 Petri
1405 1289 1844 1369 Cathedram,
1881 1300 2233 1374 tamquam
2290 1292 2374 1356 ad

140 1413 368 1459 arcem
401 1393 703 1457 veritatis
734 1400 803 1456 et
834 1390 1072 1456 salutis
1103 1392 1505 1477 perfugium,
1537 1414 1673 1458 non
1716 1395 1861 1458 sine
1899 1397 2140 1460 ardore
2173 1400 2374 1480 respi-

141 1498 316 1576 citis,
368 1497 532 1560 nihil
576 1497 714 1560 sere
767 1495 901 1560 iam
935 1496 1327 1562 dubitantes
1357 1499 1444 1567 ad
1477 1497 1740 1581 optima
1775 1518 1939 1581 erga
1971 1500 2185 1581 ipsam
2217 1520 2378 1564 ccm-

141 1601 294 1665 silia
326 1599 666 1664 inclinare.
695 1637 784 1649 —
814 1599 1114 1664 Consilia
1164 1601 1517 1679 eiusmodi,
1567 1602 1765 1666 rectis
1810 1603 2055 1667 animis
2104 1612 2378 1668 auctore
2534 1652 2735 1700 Adam

142 1704 378 1768 divino
412 1703 668 1786 Spiritu
700 1704 965 1781 iniecta,
1015 1713 1091 1767 ut
1141 1704 1443 1770 studiose
1494 1704 1641 1768 Nos
1690 1705 2044 1789 complexi
2092 1708 2378 1772 antehac
2434 1716 2606 1772 niaque
2610 1728 2666 1760 σε

145 1827 400 1885 sumus,
445 1809 540 1871 sic
582 1808 856 1871 incensa
906 1807 1124 1890 magis
1176 1810 1527 1892 magisque
1580 1809 1859 1874 volunta
1875 1817 1942 1873 te
1989 1811 2378 1894 complenti·
2426 1776 2690 1884 Effffiff

153 1932 324 1990 mur,
373 1912 659 1994 Deoque
720 1911 1133 1976 misericordi
1182 1913 1357 1977 votis
1421 1913 1741 1977 maximis
1803 1915 2382 1984 commendamus
2426 1892 2731 2012 Εξέξζῗῄ

154 2014 510 2099 Quidquid
542 2026 771 2079 autem
802 2015 1016 2098 possit
1047 2036 1137 2079 ex
1171 2016 1700 2098 Nobismetipsis
1734 2017 1820 2082 ad
1860 2038 1940 2082 ea
1974 2017 2382 2100 perficienda

152 2120 553 2197 conducere,
584 2118 650 2184 id
700 2119 867 2197 Nos,
918 2119 1368 2185 certissimum
1400 2121 1740 2199 habetote,
1785 2141 1923 2185 non
1957 2122 2163 2189 modo
2195 2124 2382 2188 nulla

155 2226 224 2287 in
257 2233 451 2307 parte
481 2224 844 2287 desiderari
878 2226 1231 2305 patiemur,
1262 2226 1380 2289 sed
1416 2226 1596 2289 ultro
1626 2225 2039 2309 abundeque
2070 2246 2192 2309 pro
2224 2247 2382 2292 cun-

152 2327 476 2392 scientiae
524 2325 748 2392 officio
798 2328 1309 2410 praestabimus.
1343 2328 1612 2411 Nempe
1658 2329 1933 2413 plenam
1982 2330 2382 2412 prudentiae
2434 2367 2642 2424 exempta

154 2442 221 2495 et
254 2430 695 2513 benignitatis
726 2431 1055 2497 rationem
1089 2452 1295 2515 quam
1344 2434 1410 2497 in
1445 2434 1684 2497 eadem
1718 2453 1788 2497 re
1824 2433 2137 2498 adhibuit
2169 2434 2378 2498 Bene·
2438 2424 2618 2472 emsa*
2618 2424 2686 2468 Μ’

152 2537 377 2600 dictus
421 2535 618 2614 XIV,
657 2536 970 2600 decessor
1015 2536 1288 2601 illustris
1337 2537 1644 2621 beneque
1696 2538 1783 2602 de
1840 2539 2116 2602 natione
2160 2548 2382 2604 vestra
2438 2484 2598 2604 gii
2606 2484 2736 2612 ἐξᾴ-

152 2640 575 2722 promerituS,
592 2640 1041 2704 deliberatum
1069 2639 1287 2704 Nobis
1308 2650 1414 2705 est
1437 2642 1719 2721 imitari;
1750 2642 1865 2726 qui
1903 2642 2119 2706 multa
2143 2662 2382 2725 pernp-
2434 2620 2506 2648 ῃ
2530 2620 2602 2648 Η
2578 2608 2710 2656 ‘³¹⁸³‘

153 2753 441 2826 portune
473 2743 843 2821 constituit,
873 2743 1347 2808 auctoritatem
1383 2754 1769 2829 temperans
1805 2745 2250 2828 indulgentia.
2274 2744 2382 2808 Ex
2434 2764 2570 2824 cuja-es
2598 2776 2739 2808 nm

151 2847 491 2929 ltacporro
543 2847 977 2929 indulgentia,
1017 2848 1324 2912 similiter
1380 2849 1525 2912 Nos
1577 2858 1654 2913 ut
1708 2860 1809 2913 est
1862 2850 1975 2914 ille
2026 2849 2382 2933 professisa,
2430 2824 2698 2928 {ffiffisss

152 2953 411 3017 uberem
443 2951 512 3015 in
544 2952 683 3015 dies
716 2950 1175 3033 spiritualium
1206 2952 1617 3034 gaudiorum
1666 2973 1936 3017 messem
1965 2963 2282 3035 evectam
2290 2976 2386 3036 us,
2430 2944 2594 3000 fffflffi

148 3056 408 3120 lucrum
437 3055 677 3119 scilibet
697 3056 1085 3120 animarum
1107 3055 1207 3118 ad
1218 3057 1555 3137 gremium
1580 3056 1904 3121 Ecclesiae
1925 3057 2338 3122 redeuntium
2362 3083 2382 3124 :

138 3160 339 3244 probe
381 3161 558 3223 enim
601 3159 983 3242 intellig-ent,
1033 3159 1180 3223 Nos
1221 3161 1514 3242 pastoris
1567 3161 1719 3224 Iesu
1782 3160 2037 3227 Christi
2079 3161 2280 3225 vicem
2314 3164 2386 3224 in

148 3265 350 3330 terris
371 3274 668 3339 tenentes,
697 3272 960 3327 tantum
983 3285 1294 3346 quaerere
1314 3275 1377 3327 et
1395 3267 1660 3328 salvum
1684 3266 1843 3329 velle
1864 3264 2046 3347 quod
2058 3265 2386 3347 perier-an·

151 3389 421 3450 ovesque
474 3368 794 3445 inventas,
843 3388 971 3431 non
1025 3368 1222 3450 virga
1275 3369 1551 3446 timoris,
1590 3369 1712 3432 sed
1733 3368 1938 3452 officio
1964 3368 2270 3432 caritatis
2298 3368 2398 3432 nei

150 3473 322 3538 ovile
364 3492 752 3555 congregare
777 3472 883 3554 (2).
913 3508 1002 3520 —
1032 3471 1169 3536 Cor
1222 3472 1551 3537 Nostrum
1610 3474 1703 3537 ita
1752 3481 1943 3555 patet
1989 3473 2076 3537 ad
2129 3491 2286 3537 vos:
2318 3484 2386 3536 et

153 3577 474 3661 quoniam
526 3576 659 3639 alia
691 3574 876 3639 nulla
910 3573 1056 3640 Nos
1090 3586 1319 3640 movet
1350 3577 1435 3640 ad
1488 3577 1902 3642 hortandum
1962 3596 2222 3653 caussa,
2260 3576 2386 3640 nisi

155 3683 399 3746 caritas
449 3679 769 3744 CHRISTI
806 3679 1006 3758 IESU,
1059 3680 1124 3743 in
1181 3698 1372 3743 suam
1425 3701 1546 3744 vos
1580 3681 2032 3746 hereditatem
2064 3680 2390 3756 vocantia,

153 3784 394 3850 eadem
424 3804 546 3848 vos
577 3783 665 3846 ad
701 3783 1256 3866 respondendum
1293 3794 1565 3850 moveat
1607 3784 2050 3868 impelletque
2080 3784 2386 3850 obsecra-

157 3907 331 3953 mus.

243 3990 440 4075 Quae
492 4010 701 4073 quum
753 3990 848 4055 ita
897 3991 1052 4068 sint,
1100 3991 1155 4054 si
1211 3993 1490 4056 unitatis
1539 3991 1920 4057 catholicae
1970 3991 2197 4057 studia
2242 4000 2390 4056 tnta
2502 4016 2574 4064 E
2574 4016 2743 4064 ursin

155 4094 485 4177 Aegypto
514 4093 819 4177 quotidie
851 4094 1287 4173 invalescant,
1316 4097 1569 4179 quique
1602 4116 1884 4179 coepere
1922 4095 2084 4160 boni
2119 4094 2390 4172 fructae,
2438 4076 2743 4204 ξᾘζξῇζξζ

155 4198 428 4264 uberius
459 4207 981 4280 consequantur,
1013 4209 1157 4262 tum
1193 4219 1353 4262 vero
1383 4201 1633 4282 poterit
1668 4199 2146 4264 Alexandrina
2176 4200 2386 4264 eccle·
2438 4212 2566 4240 ΗΜ
2586 4208 2706 4240 ‘²³²²‘

2442 4252 2686 4304 namsi

154 4304 274 4379 sia,
302 4303 488 4385 quod
519 4319 642 4364 vos
674 4321 1038 4385 pet-cupere
1070 4300 1521 4385 significastiS‚
1551 4304 1641 4368 ad
1676 4304 2165 4387 praestantiam
2205 4312 2386 4368 vete·
2429 4312 2706 4420 ssnssssffa-

217 4461 259 4493 x.
282 4446 526 4507 Philipp..
534 4449 685 4501 1,8.—
699 4460 743 4494 a.
766 4447 1024 4496 Pastor-alis
1042 4448 1179 4495 lustr.
1188 4449 1254 4496 ad
1267 4448 1470 4508 Coptos,
1476 4418 2386 4516 Bm
