3117 4859
472 412 594 463 ruuax
620 411 875 462 auarrrrcus.
1158 412 1227 483 331

122 565 309 634 synodalibus
319 566 441 622 decretis
454 565 645 621 humilitatem
661 565 837 621 Clericorum
850 567 1045 635 spectantibus
1053 564 1096 635 65.
1110 594 1145 605 -
1159 566 1232 623 Lau-

122 652 171 707 dat
184 653 249 707 illos
271 654 300 709 S,
314 652 398 709 Sedis
417 652 698 722 observantissimos,
712 663 800 724 atque
818 654 950 707 hortatur
962 662 992 707 ut
1000 653 1107 708 arctius
1127 652 1155 707 in
1169 654 1232 711 dies

123 740 251 796 Clericus
264 752 293 796 et
311 742 412 797 fideles
431 742 612 813 adstringant
633 744 664 797 B.
686 741 762 797 Petri
784 742 959 809 Cathedrae,
984 741 1232 813 Nestorianosque

120 828 260 884 reducant
273 829 312 883 ad
322 829 495 886 catholicam
510 830 660 885 Unitatem
673 828 764 900 65-66.
777 860 814 869 —
826 830 978 885 Benedicit
990 829 1033 884 66.

155 972 202 1023 19.
225 973 435 1024 EPISTOLA
448 974 712 1025 APOSTOLICA
725 975 770 1025 ad
783 974 909 1036 Coptos.
925 974 973 1024 Do
986 975 1142 1026 ohrlslla-

121 1062 609 1114 anuntiare-nsunursss
1074 1076 1139 1130 pag.
1194 1062 1229 1128 ⁶7

154 1184 202 1238 Ad
215 1186 299 1241 binas
317 1204 335 1242 a
349 1187 449 1257 Coptis
462 1186 613 1243 catholicis
632 1196 767 1258 acceptas
786 1187 897 1243 litteras
909 1187 1071 1243 rescribens
1089 1189 1230 1257 Pontifex,

120 1288 201 1327 suam
215 1272 244 1327 in
263 1275 420 1344 Coptorum
442 1286 559 1345 gentem
572 1275 804 1331 benevolentiam
822 1286 944 1332 testatur
962 1276 1005 1341 67.
1023 1307 1059 1315 —
1079 1277 1165 1331 lnitia
1183 1295 1231 1333 ex·

119 1360 214 1429 sponit
243 1363 383 1418 ecclesiae
410 1364 620 1419 Alexandrinae
640 1380 727 1435 quarn
758 1364 876 1434 quidem
899 1363 961 1431 viri,
992 1363 1183 1419 sanctimonia
1201 1374 1230 1420 et

119 1449 262 1517 sapientia
275 1450 410 1520 insignes,
421 1469 534 1507 necnon
547 1453 648 1507 schola
660 1452 862 1522 philosophiae
875 1453 1071 1519 celeberrima,
1079 1462 1107 1506 et
1118 1452 1229 1507 Eremi-

119 1545 211 1590 tarum
223 1536 343 1594 virtutes
356 1539 569 1595 illustraverunt
581 1539 671 1606 67-68.
686 1570 722 1580 -
741 1542 886 1594 Memorat
903 1540 1155 1611 unitatem'postea
1172 1539 1229 1595 dis·

118 1634 240 1693 ruptam,
254 1626 292 1679 ab
306 1626 437 1696 Eugenio
451 1628 492 1681 lV
502 1625 698 1694 instauratam,
708 1628 871 1697 iterumque
879 1626 1048 1697 disruptam,
1056 1626 1228 1683 nihiltamen
1265 1632 1273 1651 ⁸

119 1720 229 1766 mutata
243 1713 440 1769 Romanorum
456 1714 627 1769 Pontificum
637 1714 665 1769 iu
678 1713 827 1770 discordes
840 1714 913 1769 filios
925 1713 1127 1769 benevolentia
1139 1714 1181 1768 68.
1193 1744 1229 1754 -

121 1800 245 1869 Exponit
270 1818 287 1856 a
312 1818 344 1857 se
369 1801 432 1873 ipso
454 1803 490 1858 de
518 1803 676 1874 Coptorum
695 1814 781 1871 gente
800 1813 950 1873 susceptas
971 1820 1077 1857 curas:
1096 1804 1228 1857 alumnos

120 1888 271 1944 Societatis
292 1891 362 1960 Jesu
384 1900 473 1963 atque
487 1890 672 1947 Missionales
685 1891 838 1946 Africanos
862 1891 1071 1959 Lugdunenses
1091 1892 1130 1945 ad
1147 1891 1226 1945 illam

117 1976 231 2045 missos,
243 1988 272 2032 et
286 1980 463 2049 Episcopum
477 1997 511 2036 ex
525 1980 626 2050 Coptis
638 1990 819 2049 assumptum
837 1980 929 2047 68-69,
943 2009 977 2019 -
989 1979 1037 2033 Ad
1050 1980 1131 2048 plura
1144 1994 1226 2049 para·

115 2071 162 2117 tus
177 2064 313 2135 ingentis
328 2067 460 2136 salutem,
475 2068 606 2123 hortatur
620 2068 728 2137 Coptos
736 2068 894 2123 catholicos
908 2079 937 2122 ut
946 2065 1111 2137 conspirent
1119 2082 1225 2134 secum,

117 2152 295 2224 multumque
315 2155 495 2224 Sacerdotes,
520 2167 549 2211 et
570 2172 666 2211 sacras
684 2156 818 2225 Virgines
836 2157 878 2211 rei
896 2155 1046 2225 religiosae
1066 2155 1227 2224 profuturos

117 2240 235 2295 confidit
247 2242 339 2309 6970.
353 2271 387 2281 —
411 2243 603 2297 Concordiam
626 2254 686 2299 tum
700 2242 820 2299 Clericis
837 2253 897 2298 tum
917 2243 998 2297 laicis
1016 2243 1127 2311 suadet,
1139 2243 1227 2296 allata

117 2331 263 2398 praeclara
285 2332 316 2385 B.
344 2331 441 2400 Cyrilli
464 2332 685 2396 cohortatione;
706 2332 786 2401 cujus
804 2331 921 2401 quidem
940 2330 1112 2386 concordiae
1132 2346 1226 2385 exem·

116 2418 193 2485 plum
217 2418 491 2490 opportunissimum
512 2418 590 2475 ducit
609 2419 830 2475 reconciliandis
851 2419 1001 2474 Ecclesiae
1019 2419 1225 2473 dissidentibus

115 2518 159 2569 70.
169 2535 204 2544 —
218 2508 281 2561 Hos
292 2506 352 2576 jam
365 2508 402 2561 ad
415 2508 646 2563 communionem
665 2508 837 2563 catholicam
847 2507 929 2562 enixe
948 2508 1116 2562 adhortatur
1135 2518 1225 2573 7o71.

115 2624 150 2631 -
162 2593 208 2648 Ad
227 2596 326 2649 omnia
338 2612 412 2665 quae
425 2596 575 2665 proficiant
596 2597 720 2664 adeam,
741 2596 872 2650 Pontifex
890 2605 1007 2666 paratus
1025 2607 1078 2662 est,
1093 2594 1224 2665 exemplo

116 2682 264 2736 Benedicti
288 2684 367 2751 XIV,
382 2684 418 2738 de
433 2684 532 2754 Coptis
545 2684 655 2754 optime
667 2684 770 2753 meriti,
790 2684 871 2754 cujus
892 2692 1009 2753 usurpat
1027 2684 1114 2737 verba
1133 2682 1225 2737 chari-

115 2768 181 2824 tatis
201 2771 287 2840 plena
309 2784 351 2836 71.
374 2801 408 2811 -
422 2772 571 2827 Ecclesiae
584 2772 795 2827 Alexandrinae
814 2772 992 2829 faustissime
1021 2771 1175 2837 ominatur,
1200 2770 1226 2825 si

114 2857 197 2912 fuerit
209 2860 358 2916 Romanae
371 2860 473 2915 iterum
483 2862 584 2931 juncta
600 2878 607 2915 :
620 2860 752 2930 auspices
766 2860 883 2916 adstent
897 2860 1005 2928 Sancti,
1018 2860 1142 2931 Aegypti
1154 2860 1224 2914 olim

115 2942 234 3013 incolae,
245 2958 274 3002 et
288 2945 350 3015 ipsa
365 2946 470 3001 Sacas
485 2948 623 3001 Fauiam
637 2960 728 3013 7¹·72·

149 3081 202 3131 20.
226 3082 434 3133 EPISTOLA
448 3084 490 3134 ad
501 3084 672 3146 Ignatlum
687 3083 840 3133 Bonnam
855 3083 969 3141 Rimul,
991 3082 1137 3144 patalar-

114 3168 213 3219 oham
239 3169 478 3221 antiochenum
501 3171 671 3233 Syrorum,
687 3170 727 3219 de
746 3169 1012 3221 reconolllatlone
1036 3168 1135 3220 dlssl-

113 3256 275 3306 dentium.
304 3258 589 3309 —1Ju1111895.
1065 3268 1132 3322 pag.
1188 3263 1222 3319 73

149 3356 284 3410 Laetatus
303 3356 435 3412 Pontifex
455 3356 557 3413 litteris
576 3373 594 3411 a
612 3356 778 3411 Patriarcha
797 3354 933 3426 acceptis,
946 3356 1117 3423 Orientales,
1133 3354 1222 3411 etiam

112 3442 296 3515 dissidentes,
315 3446 375 3501 vult
394 3446 431 3502 de
456 3462 508 3501 sua
537 3446 738 3501 benevolentia
762 3445 925 3501 confirmari
956 3456 1048 3513 73.—
1073 3443 1224 3499 Dissiden-

111 3530 182 3587 tiutn
203 3533 428 3589 reconciliationi
463 3534 630 3588 incumbant
664 3533 742 3588 omni
775 3550 830 3603 ope
852 3532 995 3599 catholici,
1024 3531 1171 3587 Pontificis
1192 3540 1221 3587 et

112 3620 236 3675 maxime
256 3622 312 3677 Dei
325 3620 430 3676 auxilio
441 3622 506 3677 freti
521 3634 611 3691 7374.

147 3744 193 3794 21.
216 3747 425 3797 EPISTOLA
450 3748 493 3797 ad
517 3748 731 3796 Franolsoum
758 3747 877 3796 Ploard
906 3748 1132 3809 praepositum

111 3834 436 3897 Augustlulanorum
446 3834 489 3883 ab
503 3836 745 3896 Assumptlone,
754 3834 796 3883 de
805 3834 926 3883 horum
936 3835 1134 3885 mlnlsterlls

111 3922 585 3975 moriente-adulturae&
1064 3936 1129 3988 pag.
1185 3931 1219 3989 75

148 4032 265 4087 Laudat·
273 4032 404 4087 Pontifex
423 4032 649 4102 Augustinianos
661 4030 698 4085 de
718 4030 803 4085 rebus
823 4029 949 4084 Orientis
967 4031 1075 4099 optime
1094 4032 1222 4102 meritos,

111 4119 295 4190 ipsorumque
306 4122 458 4174 consulens
472 4120 657 4184 incremento,
679 4118 778 4171 statuit
791 4133 890 4171 eorum
909 4118 995 4172 sedes
1013 4119 1050 4174 ad
1070 4119 1221 4175 Stamboul

110 4219 139 4265 et
152 4210 190 4263 ad
205 4205 369 4264 Kadi·Keul
381 4224 447 4261 esse
459 4206 640 4276 ampliandas
653 4216 695 4273 75.
708 4234 744 4244 -
758 4206 804 4259 De
813 4203 1061 4261 administratione
1072 4206 1221 4277 spirituali,

110 4298 148 4351 de
161 4297 270 4364 ritibus,
283 4297 319 4350 de
328 4295 555 4351 adolescentium
569 4292 747 4347 institutione
756 4293 895 4347 nonnulla
906 4310 957 4348 eos
964 4302 1072 4362 monet,
1080 4294 1221 4350 animum·

111 4402 167 4455 que
180 4384 221 4439 eis
235 4383 314 4439 addit
327 4396 355 4439 et
369 4382 513 4441 benedicit
527 4396 542 4449 7
546 4382 618 4452 5-76.
