3117 4859
82 344 1190 569 ssffifflfflfflfifflwfflffifflffiss

471 504 794 588 EPISTOLA

290 1165 560 1219 PECTAT10NEM
598 1151 754 1216 desiderii
794 1152 911 1216 Nostri
950 1152 1087 1217 mirifice
1126 1174 1186 1217 ex·
1253 1160 1319 1248 οῇῑγ

283 1258 457 1339 pleverunt
473 1276 513 1319 ea
542 1275 630 1339 quae
656 1255 799 1338 legimus
817 1256 850 1319 in
885 1256 1005 1320 litteris
1033 1258 1108 1331 tuis,
1131 1258 1185 1321 die
1249 1259 1322 1323 189²·

82 1244 105 1465 Ξ
133 1276 205 1435 E
281 1374 359 1424 xxv
376 1359 535 1426 Octobris
547 1359 646 1436 datis,
657 1359 701 1422 de
723 1360 763 1422 iis
774 1379 862 1441 quae
879 1379 984 1442 nuper
1008 1372 1077 1425 ate
1089 1371 1185 1444 gesta
1248 1374 1346 1453 Gafrdfo

82 1468 261 1543 m&
284 1478 372 1541 sunt,
385 1476 422 1528 ut
435 1464 561 1541 Clerus,
571 1464 624 1527 cui
635 1484 759 1545 praees,
772 1464 895 1545 agendi
912 1465 1076 1529 rationem
1089 1486 1183 1529 suam
1203 1440 1336 1570 ffljss

83 1571 119 1632 ad
147 1590 301 1634 normam
330 1570 447 1652 exigat
476 1571 767 1645 documentorum,
798 1589 884 1651 quae
903 1568 1021 1632 litteris
1051 1570 1184 1635 Nostris
1212 1572 1354 1687 abfficq·
1436 1582 1439 1591 '

84 1675 254 1755 encyclicis
277 1676 365 1738 circa
388 1684 597 1756 praesentem
614 1672 801 1738 Galliarum
825 1682 961 1751 statum,
972 1674 1112 1758 aliisque
1129 1697 1183 1742 eo·
1206 1636 1363 1753 {lema

84 1778 153 1840 dem
167 1778 415 1859 pertinentibus
431 1778 602 1859 complexi
617 1798 743 1841 sumus.
756 1777 796 1840 ld
808 1798 889 1841 sane
900 1777 1008 1841 Nobis
1022 1799 1088 1843 non
1103 1780 1185 1861 leve,
1211 1768 1363 1884 ἑξῖἶΐξ

86 1890 175 1960 prout
190 1884 276 1947 scite
291 1880 473 1961 coniecisti,
482 1881 639 1947 solatium
656 1882 778 1960 attulit,
789 1902 952 1965 spemque
969 1884 1182 1967 auxit,quam
1207 1852 1353 1965 gratiacu-

85 1983 235 2063 fovemus,
250 1986 367 2070 ampla
389 1986 532 2050 subinde
562 1986 712 2069 praemia
736 1984 837 2050 docili
863 1986 940 2050 huic
971 1987 1183 2053 obedientiae
1210 1971 1334 2029 “W''

82 2090 186 2153 datum
203 2091 243 2154 iri
261 2091 305 2155 ab
321 2100 467 2169 aeterno,
481 2092 576 2155 cuius
589 2091 697 2155 vicem
707 2092 864 2174 gerimus,
879 2090 1049 2154 Ecclesiae
1066 2092 1182 2155 Pasto-

81 2194 174 2260 reAt
188 2216 270 2261 vero
286 2196 364 2259 huic
390 2196 538 2261 laetitiae
559 2196 705 2260 Nostrae
730 2196 825 2278 quasi
856 2196 979 2260 nubem
997 2196 1180 2279 quamdam
1217 2264 1222 2275 ,
1243 2198 1317 2276 Dolet

85 2299 229 2365 tristitiae
256 2322 358 2384 quam
381 2301 473 2364 brevi
497 2301 675 2364 evanidam
697 2300 768 2364 iore
791 2320 974 2383 speramus,
989 2300 1181 2366 offuderunt
1204 2270 1360 2394 {miii}

85 2421 217 2487 eaquae
243 2406 382 2470 nuncias
414 2406 598 2484 obstacula,
621 2405 713 2469 nulla
743 2408 881 2482 ratione,
909 2406 1114 2489 interposita,
1139 2428 1180 2470 ne
1208 2396 1361 2513 ἵθὲᾗῖξξζ

83 2516 205 2587 optatos
222 2511 357 2593 pariant
372 2509 513 2574 effectus
538 2509 678 2573 consilia
693 2530 713 2573 a
727 2510 836 2573 Nobis
852 2521 1004 2573 amanter
1036 2511 1119 2575 inita
1146 2522 1182 2575 et
1203 2481 1314 2593 pinuae

84 2631 169 2697 curae
183 2617 227 2679 ad
243 2614 389 2679 salutem
405 2616 566 2678 tuendam
579 2625 612 2678 et
628 2615 885 2697 prosperitatem
903 2614 1053 2680 Gallicae
1069 2621 1179 2700 gentis
1207 2594 1312 2660 effictus.

83 2714 221 2782 collatae.
235 2716 402 2782 Acerbius
415 2737 514 2799 porro
526 2738 571 2780 ex
589 2716 751 2781 molestiis
767 2718 924 2800 angimur
934 2729 967 2781 et
978 2719 1180 2798 vulneribus,
1244 2714 1361 2826 EM,

83 2814 143 2881 iere
158 2820 308 2902 quotidie
324 2820 426 2884 illatis
449 2820 524 2884 istic
543 2820 714 2884 Ecclesiae
729 2820 805 2895 Dei,
820 2840 907 2902 quae
924 2820 1007 2899 Nos,
1022 2832 1075 2886 sat
1098 2826 1180 2888 acri·
1208 2828 1333 2877 Ecclesiae

83 2934 126 2987 ter
139 2927 316 2992 divexatos
338 2928 440 3005 domi,
456 2930 489 2991 in
521 2938 651 3010 partem
668 2939 792 2991 vocant
808 2929 909 2991 etiam
937 2930 1015 2993 iusti
1045 2931 1180 3011 doloris,
1207 2894 1348 3018 'mxx

83 3046 140 3107 quo
154 3051 256 3113 penes
273 3052 332 3096 vos
356 3030 500 3095 afficitur
515 3031 741 3114 Episcopatus
766 3041 801 3095 et
824 3031 941 3097 Clerus
969 3034 1179 3118 populusque
1207 3026 1346 3139 huffl-

82 3134 132 3213 qui
146 3136 295 3220 religioni
311 3138 422 3200 avitae
437 3138 551 3201 studet
567 3137 678 3201 adhuc
693 3137 876 3220 haeretque
888 3136 1002 3201 fidelis.
1016 3138 1180 3204 Paternae
1198 3106 1334 3222 iiimiri‘

84 3240 240 3321 siquidem
256 3243 404 3307 caritatis
422 3240 568 3307 Nostrae
583 3244 617 3306 in
635 3241 801 3307 Gallicam
819 3254 954 3323 gentem
971 3253 1179 3325 argumenta,
1203 3290 1291 3354 8⁵th
1306 3304 1356 3337 sae·

82 3342 188 3410 iterum
201 3349 389 3433 iterumque
401 3370 421 3413 a
432 3349 540 3413 Nobis
552 3350 654 3427 edita,
671 3349 888 3431 studiumque
905 3348 1093 3429 impensum
1110 3370 1178 3432 quo
1207 3356 1261 3405 vire
1273 3355 1302 3403 in

82 3446 177 3511 adnisi
193 3470 309 3515 sumus
332 3464 488 3535 pacatam
514 3451 605 3515 illam
623 3462 803 3534 praestare,
816 3452 973 3515 cordatos
1001 3454 1088 3515 inter
1104 3462 1188 3535 pro·'
1207 3421 1343 3537 fasma

82 3546 197 3633 bosque
216 3556 304 3619 cives
320 3576 437 3620 omnes
454 3557 634 3620 conciliata
661 3556 850 3633 concordia,
866 3556 949 3619 haec
972 3575 1053 3619 sane
1070 3560 1178 3641 magis

84 3658 243 3742 magisque
258 3663 388 3727 acuisse
405 3662 561 3729 videntur
578 3664 643 3727 iras
662 3663 817 3728 factionis
832 3662 1004 3727 Ecclesiae
1018 3664 1179 3741 infensae,

82 3776 156 3837 quae
167 3764 229 3827 sibi
246 3767 302 3829 uni
319 3768 370 3829 ius
380 3785 452 3830 esse
470 3775 543 3830 rata
559 3768 591 3830 in
610 3786 680 3830 rem
698 3766 879 3849 publicam,
895 3786 1044 3830 summas
1060 3768 1177 3831 civita-

83 3859 117 3921 tis
131 3866 272 3932 rationes
283 3872 387 3933 veteri
404 3870 584 3953 posthabet
600 3871 745 3934 invidiae
770 3890 861 3947 suae,
879 3879 1079 3954 praeterque
1107 3892 1177 3935 mo·

83 3962 151 4029 dum
166 3970 283 4036 minax
298 3992 337 4037 ac
354 3973 491 4052 violens,
508 3975 590 4037 nihil
618 3974 713 4057 pensi
734 3974 909 4057 sanctique
940 3974 1052 4051 habet,
1069 3994 1178 4057 neque

83 4080 199 4133 veretur
213 4073 246 4137 in
264 4095 422 4159 praeceps
439 4097 539 4159 agere
570 4076 799 4159 praenobilem
830 4077 972 4158 patriam
1002 4096 1107 4153 suam,
1123 4078 1176 4139 cui

85 4185 189 4237 munus
207 4177 270 4241 hoc
286 4178 425 4243 dederat
437 4181 560 4244 summi
574 4181 784 4263 providentia
803 4179 867 4243 Dei
884 4190 920 4243 ut
932 4178 1047 4243 Crucis
1068 4180 1177 4242 victri-

85 4272 122 4335 cis
143 4280 271 4361 signum
310 4284 545 4365 praeseferens,
569 4285 688 4348 ceteris
715 4284 859 4367 praeiret
887 4284 1045 4365 gentibus
1073 4303 1175 4347 sanae

86 4374 240 4449 doctrinae
255 4388 369 4451 studio
385 4399 418 4451 et
434 4388 639 4469 optimarum
653 4390 784 4466 artium,
800 4409 859 4471 per
874 4406 959 4470 quae
975 4386 1079 4450 civilis
1108 4387 1175 4448 cul-

1208 3223 1350 3286 κρύψω
1439 3245 1443 3255 ’
