3117 4859
537 343 640 392 m:
676 342 1333 395 coNGREGATmNE
1370 343 1418 391 A
1455 343 1554 393 ss.
1600 341 2128 392 SACRAMENTO.
2359 319 2451 409 83

226 484 447 559 tiatio,
508 493 714 564 atque
792 483 1184 564 impetratio
1260 492 1438 544 recte
1500 481 1949 562 coniungitur.
2029 477 2213 560 Quid
2277 477 2455 540 enim

225 585 474 651 rectius
520 604 725 667 quam
759 595 834 648 ut
867 584 1174 648 homines
1207 603 1541 646 summam
1580 583 1709 646 Dei
1761 585 2180 646 maiestatem
2215 579 2455 644 humili

223 701 297 754 et
327 689 628 753 demisso
670 689 920 766 animo,
952 698 1027 752 ut
1074 685 1318 750 infirmi
1352 698 1418 750 et
1453 686 1755 750 mortalis
1797 707 1920 768 par
1950 695 2071 760 est,
2116 685 2343 750 colant
2388 694 2456 746 et

227 803 634 857 venerentur
661 792 686 856 ?
734 792 1052 874 Aequum
1087 801 1316 854 autem
1351 801 1471 868 est,
1503 799 1576 853 ut
1609 792 2065 853 maximorum
2098 787 2450 853 beneficio-

225 915 586 978 rum,quae
608 895 816 959 aDeo
829 905 1232 977 acceperunt
1256 895 1911 976 quaequeaccepturi
1925 905 2099 968 sunt,
2122 912 2450 956 memores

224 1009 488 1077 extent,
532 1009 601 1063 et
646 1000 732 1062 de
775 999 861 1061 iis
906 998 1158 1080 gratias
1206 1009 1413 1080 agant
1457 1007 1861 1080 gratumque
1901 998 2201 1060 animum
2251 996 2450 1078 profi-

225 1112 501 1169 teantur
536 1124 553 1181 ;
615 1113 688 1165 ut
756 1101 1070 1165 fratribus
1131 1103 1271 1164 suis
1332 1101 1800 1165 aberrantibus
1859 1110 2065 1183 atque
2119 1101 2450 1164 erroribus

221 1206 612 1274 obcaecatis
646 1205 870 1268 Deum
906 1206 1176 1288 placent
1204 1224 1283 1268 ac
1316 1205 1679 1286 propitium
1731 1203 2037 1281 reddant,
2068 1205 2332 1287 illisque
2362 1208 2450 1268 ab

220 1331 304 1374 eo
334 1311 599 1374 veniam
633 1318 965 1387 exorent;
1010 1317 1084 1371 ut
1116 1308 1408 1390 denique
1439 1308 1669 1371 omnia
1716 1308 2098 1389 impetrent,
2143 1329 2316 1391 quae
2362 1312 2446 1372 ad

221 1422 570 1477 aeternam
605 1415 986 1476 animarum
1020 1412 1305 1476 salutem
1331 1432 1467 1476 non
1503 1413 1721 1475 solum
1749 1412 2121 1475 necessaria
2152 1425 2309 1477 sunt
2329 1420 2446 1476 scd

219 1518 430 1581 etiam
479 1518 669 1580 utilia
717 1525 923 1598 atque
967 1526 1366 1598 opportuna.
1421 1516 1596 1578 Illud
1645 1525 1872 1579 autem
1923 1515 2446 1599 Congregationi

221 1630 327 1684 est
352 1622 776 1704 propositum
811 1622 878 1683 in
902 1621 1297 1683 adoratione
1320 1627 1646 1702 perpetua
1670 1621 1919 1683 sociam
1953 1639 2033 1683 ac
2054 1622 2446 1704 participem

221 1725 586 1807 implorare
634 1744 953 1807 magnam
1004 1722 1358 1805 Virginem
1407 1723 1539 1785 Dei
1576 1722 1888 1800 Matrem,
1936 1743 2069 1806 qua
2116 1725 2442 1807 siquidem

217 1849 418 1893 nemo
478 1830 604 1893 scit
657 1830 762 1891 vel
823 1839 1050 1912 potest
1107 1828 1342 1890 maiori
1399 1830 1677 1891 caritate
1721 1829 1788 1890 in
1847 1828 2089 1891 IESUM
2142 1826 2394 1892 effundi
2434 1856 2446 1892 1

214 1933 600 1996 sacerdotes
647 1931 1019 1996 saeculares
1066 1930 1403 1994 interdum
1453 1932 1517 1993 in
1566 1929 2130 2013 Congregationis
2190 1933 2446 1996 diaetas

225 2037 413 2100 velut
445 2037 511 2099 in
560 2036 996 2100 solitudinem
1032 2036 1201 2098 sacri
1235 2055 1532 2099 recessus
1565 2035 1867 2112 invitare,
1898 2055 2147 2117 eosque
2191 2039 2277 2099 ad
2310 2040 2446 2100 cul-

219 2149 365 2203 tum
401 2139 824 2204 Sacramenti
858 2139 1126 2222 augusti
1151 2140 1669 2221 propagandum
1698 2139 1999 2202 excitare
2035 2161 2052 2218 ;
2084 2159 2327 2222 pueros
2358 2144 2442 2204 ad

222 2244 546 2326 mysteria
596 2243 1061 2307 Eucharistica
1107 2263 1198 2306 ex
1242 2241 1589 2325 religionis
1620 2242 1979 2326 disciplina
2017 2243 2277 2306 erudire
2314 2267 2328 2307 ε
2378 2248 2438 2308 in

220 2348 583 2424 asceteriiS,
603 2349 671 2410 in
692 2347 1040 2430 paroeciis,
1061 2348 1124 2409 in
1154 2345 1440 2429 publicis
1466 2346 2162 2428 privatisquetemplis
2183 2346 2438 2412 inflam-

215 2471 403 2514 mare
457 2452 743 2527 animos,
794 2470 1187 2533 permovere
1240 2450 1623 2514 voluntates
1676 2452 1762 2514 ad
1814 2469 2072 2513 sacram
2124 2456 2442 2533 synaxim

218 2553 604 2636 frequenter
653 2555 1149 2632 celebrandam,
1208 2555 1294 2617 ad
1353 2553 1871 2618 Sacramentum
1924 2554 2133 2617 divini
2193 2560 2442 2618 amoris

214 2659 453 2722 crebro
487 2659 950 2741 usurpandum
984 2681 1000 2722 z
1028 2659 1322 2739 denique
1361 2657 1690 2740 quidquid
1723 2656 1826 2720 vel
1861 2677 1952 2720 ex
1994 2658 2288 2721 scientiis
2318 2658 2442 2724 hu-

215 2762 457 2840 maniS,
476 2763 583 2826 vel
606 2782 696 2825 ex
711 2761 1097 2826 liberalibus
1117 2760 1370 2824 artibus
1394 2763 1478 2824 ad
1503 2761 2011 2844 provehendum
2037 2764 2438 2826 sanctissimi

219 2866 646 2932 Sacramenti
679 2867 935 2929 cultum
969 2865 1199 2948 aliquo
1236 2865 1439 2928 modo
1471 2866 1714 2942 valeat,
1758 2866 2059 2929 conferre
2088 2866 2442 2947 diligenter

213 2982 289 3034 ut
309 2973 730 3054 propositum
754 2970 1224 3053 adimpleatur.
1246 2968 1453 3034 Cuius
1475 2971 1565 3031 rei
1587 2988 1823 3031 caussa
1842 2979 2096 3032 statuta
2117 2969 2220 3033 vel
2253 2991 2442 3052 regu-

215 3073 323 3137 lae
353 3074 883 3157 Congregationi
917 3076 1118 3138 datae
1164 3087 1340 3150 sunt,
1372 3092 1657 3155 quarum
1692 3073 1909 3154 prima
1941 3074 2142 3137 verba
2181 3088 2216 3142 (
2262 3073 2446 3136 Heu-f:

205 3177 493 3242 minima
526 3178 808 3242 Sanctae
836 3178 1096 3242 Matris
1139 3176 1462 3241 Ecclesiae
1489 3176 1788 3239 Familia
1811 3191 1873 3254 ›‚
1917 3188 2255 3258 postrema
2286 3200 2442 3241 vern

213 3297 248 3351 (
295 3281 366 3345 in
397 3303 521 3364 quo
545 3283 782 3364 reperit
800 3292 865 3345 et
894 3282 1160 3364 reliquit
1186 3283 1452 3345 domum
1499 3296 1558 3358 ›,
1588 3290 1657 3344 et
1687 3301 1968 3362 quarum
1994 3283 2342 3364 exemplar
2374 3284 2438 3348 in

203 3387 540 3451 tabulario
590 3388 1002 3452 Secretariae
1047 3386 1337 3450 Nostrae
1375 3386 1691 3450 Brevium
1732 3387 2055 3448 asservari
2110 3386 2438 3452 iussimus.

205 3490 438 3575 Quum
478 3503 706 3556 autem
763 3490 917 3554 talis
962 3492 1050 3555 sit
1113 3489 1673 3574 Congregationis
1718 3486 1888 3564 finis,
1932 3488 2099 3553 tales
2146 3501 2220 3555 ut
2265 3491 2442 3556 hunc

202 3595 666 3678 adipiscantur
713 3596 1010 3659 rationes
1058 3607 1126 3659 et
1174 3593 1416 3670 media,
1462 3592 1659 3656 facile
1723 3593 2007 3676 intelligi
2054 3604 2282 3676 potest
2326 3600 2438 3680 qui

199 3700 479 3781 spiritus
523 3697 709 3764 afflet
764 3697 1115 3764 Sodalium
1170 3697 1432 3775 animis,
1479 3699 1753 3779 spiritus
1804 3699 2119 3762 nimirum
2175 3708 2442 3788 amor-15,

198 3804 626 3882 humilitatis,
679 3823 814 3888 qua
859 3803 1257 3885 semetipsos
1288 3802 1630 3885 abnegent
1674 3801 1928 3884 absque
1966 3804 2067 3865 sui
2113 3810 2386 3890 proprio
2428 3832 2442 3888 ;

197 3910 522 3986 veritatis,
552 3908 1025 3991 simplicitatiS,
1053 3908 1521 3971 observantiae
1555 3926 1689 3969 non
1722 3907 1938 3970 solum
1987 3928 2148 3991 erga
2195 3910 2342 3976 Nos
2374 3930 2440 3980 et

201 4015 379 4077 hanc
403 4012 885 4096 Apostolicam
920 4011 1198 4089 Sedem,
1227 4031 1458 4075 verum
1491 4011 1697 4073 etiam
1731 4029 1891 4092 erga
1922 4011 2264 4096 religionis
2289 4016 2437 4081 An-

207 4119 458 4182 tistites
507 4129 576 4183 et
610 4118 1075 4181 moderatores
1123 4114 1702 4199 Congregationis.
1735 4113 2000 4197 Quibus
2044 4120 2358 4185 omnibus
2402 4148 2438 4188 e

204 4224 407 4288 rebus
428 4243 636 4308 quum
663 4242 876 4306 nuper
894 4221 1558 4288 Correctorsummus
1580 4222 2140 4309 congregationis
2160 4228 2438 4292 sanctis-

2494 4168 2594 4224 ἑρω
2602 4184 2742 4226 πτςπε

2494 4226 2546 4272 ἐπ
2562 4236 2726 4284 prr-pc*

2494 4292 2630 4332 herrm
2658 4300 2738 4332 ma·
2750 4316 2763 4320 -

209 4329 365 4391 simi
430 4327 854 4394 Sacramenti
903 4328 1237 4412 supplices
1296 4328 1382 4393 ad
1445 4329 1593 4393 Nos
1640 4349 1867 4411 preces
1914 4334 2306 4413 admoverit,
2366 4352 2438 4400 ut
2482 4348 2674 4400 fimas.
