3117 4859
337 362 405 413 102
468 362 651 415 sersaoni
681 348 704 379 “
720 360 877 427 Quaeso
896 358 1076 413 aseuuse
1095 357 1276 411 ssscueo.
1297 335 1315 365 '¹

329 508 410 573 buit.
424 509 524 573 Hanc
533 510 623 574 enim
635 509 814 593 praecipue
826 510 1027 573 sententiam
1037 516 1141 591 atque
1153 506 1217 571 hoc
1229 507 1446 591 propositum

330 613 401 677 eius
417 612 580 677 insedisse
595 614 710 677 animo
724 622 880 691 constat3
896 614 1026 679 aditum
1055 609 1244 695 Evangelio
1259 630 1320 694 per
1334 628 1446 675 noves

330 724 435 780 terras
447 736 601 799 novaque
612 716 718 781 maria
733 716 933 800 patefacere.

376 818 416 884 ld
432 820 569 903 quidem
586 839 705 904 parum
722 819 903 885 verisimile
913 818 1018 885 videri
1033 818 1082 883 eis
1097 827 1219 903 potest,
1230 816 1288 901 qui
1303 816 1338 881 in
1353 818 1449 881 hanc

331 942 439 987 rerum
455 933 620 1000 naturam,
636 944 722 1007 quae
748 924 930 1009 percipitur
945 922 1108 1001 sensibus,
1122 922 1330 1005 cogitatione
1345 922 1446 987 omni

330 1032 477 1111 curaque
491 1032 674 1105 contracta,
690 1037 845 1093 recusant
870 1027 990 1093 intueri
1016 1027 1152 1091 maiora
1167 1024 1296 1091 -Sed
1324 1034 1448 1091 eontra

196 1142 306 1222 ¹suauis
331 1132 364 1196 in
382 1132 542 1197 maximis
552 1131 696 1213 ingeniis
711 1132 776 1197 hoc
793 1130 860 1196 iere
876 1131 1004 1209 existit,
1019 1140 1056 1195 ut
1080 1128 1201 1195 malint
1216 1128 1317 1193 altius
1333 1148 1446 1195 assur·

151 1215 245 1276 imm
261 1224 305 1257 '⁸⁰‘
331 1254 435 1318 gere:
457 1244 537 1299 sunt
559 1233 650 1298 enim
673 1234 716 1298 ad
741 1234 980 1317 concipiendos
1005 1234 1139 1299 divinae
1164 1229 1242 1297 fidei
1267 1232 1450 1298 instinctus

233 1281 308 1324 rurae

154 1356 234 1407 quum
244 1354 305 1416 aa.
332 1334 534 1419 afflatusque
559 1338 689 1423 optime
710 1338 862 1403 omnium
880 1346 1085 1421 comparata
1101 1336 1202 1403 Certe
1217 1334 1369 1401 studium
1385 1356 1449 1401 na·

156 1412 308 1537 emim
333 1451 428 1506 turae
455 1459 532 1505 cum
558 1440 728 1524 religionis
758 1440 871 1505 studio
893 1441 1080 1508 columbus
1094 1440 1330 1517 coniunxerat,
1342 1449 1450 1525 atque

179 1536 309 1651 mgb
333 1543 463 1609 haustis
477 1564 522 1607 ex
539 1544 659 1608 intima
670 1541 737 1608 fide
752 1544 918 1610 catholica
934 1544 1122 1627 praeceptis
1147 1554 1297 1610 mentem
1314 1544 1450 1609 consor·

153 1674 250 1732 patere,
271 1666 308 1715 at·
335 1656 451 1712 marat.
469 1647 545 1711 Hac
561 1648 604 1711 de
620 1668 738 1719 caussa
764 1667 842 1712 cum
874 1669 920 1713 ex
949 1649 1176 1714 astronomica
1205 1648 1388 1732 disciplina
1413 1662 1450 1713 et

178 1731 310 1847 22?ss
336 1759 485 1815 veterum
502 1750 730 1815 monumentis
745 1752 974 1835 comperisset,
989 1762 1080 1818 trans
1094 1752 1165 1817 noti
1177 1752 1268 1817 orbis
1283 1753 1451 1818 terminos

184 1864 308 1924 summ,
336 1874 461 1939 magna
483 1865 644 1919 terrarum
670 1855 781 1937 spatia
796 1856 898 1921 etiam
927 1857 961 1920 in
986 1856 1195 1921 occidentem
1225 1865 1348 1941 patere,
1365 1856 1452 1920 nulli

178 1929 310 2059 {23²2ae
335 1959 509 2024 hominum
526 1960 570 2023 ad
583 1979 658 2023 earn
675 1959 765 2023 diem
782 1960 970 2042 explorata,
984 1960 1227 2025 obversabatur
1236 1960 1352 2025 animo
1362 1960 1451 2023 mul·

176 2060 310 2174 Μῗέπ
336 2064 447 2128 titudo
457 2064 585 2147 ingens,
598 2063 796 2127 miserandis
806 2062 1007 2128 circumfusa
1017 2064 1174 2143 tenebris,
1184 2064 1317 2129 vesanis
1327 2063 1451 2127 ritibus

180 2140 311 2240 aaz:
337 2187 376 2231 ac
407 2168 546 2232 deorum
573 2167 723 2230 inanium
750 2166 1046 2251 superstitionibus
1074 2166 1249 2251 implicita.
1282 2168 1450 2232 Miserum

158 2256 311 2370 {aaz
338 2271 462 2352 agresti
478 2269 571 2334 cultu
587 2269 733 2352 ferisque
748 2270 897 2334 moribus
913 2272 1045 2336 vivere:
1062 2272 1214 2336 miserius
1230 2290 1342 2337 carere
1358 2272 1451 2335 noti·

193 2386 312 2462 peneum
338 2376 385 2438 tia
402 2392 511 2438 rerum
529 2376 764 2450 maximarum,
779 2384 882 2459 atque
897 2376 930 2441 in
948 2378 1045 2441 unius
1061 2378 1129 2441 veri
1147 2377 1212 2441 Dei
1234 2377 1451 2460 ignoratione

193 2465 314 2565 ‘omnm
339 2476 471 2543 versari.
489 2477 585 2541 Haec
606 2476 708 2558 igitur
723 2480 814 2559 apud
840 2480 990 2545 animum
1015 2500 1114 2546 suum
1141 2481 1285 2565 agitans,
1299 2481 1450 2564 primurn

198 2598 210 2630 c
228 2583 314 2696 &fleit-
340 2583 491 2646 omnium
508 2583 681 2663 expetivit,
696 2581 914 2648 christianum
931 2604 1064 2664 nornen,
1072 2584 1274 2649 christianae
1286 2582 1453 2648 beneficia

178 2662 316 2763 'fiam
341 2686 490 2750 caritatis
513 2686 547 2748 in
573 2685 782 2750 occidentem
814 2688 1019 2752 extendere:
1035 2688 1127 2770 quod
1154 2690 1227 2751 tota
1257 2684 1302 2750 rei
1332 2694 1453 2768 gestae

162 2792 259 2830 nonan.
341 2790 481 2854 historia
503 2788 637 2853 abunde
664 2789 910 2871 comprobatur.
927 2790 1018 2856 Sane
1039 2810 1116 2855 cum
1140 2790 1391 2855 aFerdinando
1413 2803 1454 2855 et

194 2944 314 3009 Hupro-
345 2893 488 2960 Isabella
506 2894 694 2976 Hispaniae
706 2896 839 2977 regibus
856 2897 1001 2977 primum
1015 2895 1121 2979 petiit,
1137 2912 1206 2957 rem
1224 2893 1392 2974 suscipere
1405 2912 1453 2955 ne

163 3009 205 3057 ear
226 3009 314 3088 Poura]-
339 3007 566 3081 gravarentur,
578 2997 678 3080 plane
692 3000 837 3081 exponit
854 3019 1017 3078 caussam,
1035 2999 1115 3079 fore
1129 3006 1168 3061 ut
1186 2997 1329 3079 ipserum
1336 2995 1454 3079 gloria

155 3074 315 3190 {ssffi‘f
339 3103 387 3165 ad
407 3102 692 3166 immortalitatem
711 3112 868 3180 cresceret,
896 3103 930 3167 si
952 3124 1065 3167 nomeu
1094 3123 1134 3167 aa
1160 3101 1343 3165 doctrinam
1374 3099 1453 3163 Iesu

195 3206 249 3255 ’ἕω
269 3148 315 3285 ὥς
342 3206 469 3273 Christi
482 3208 608 3288 inferre
622 3208 658 3269 in
675 3206 819 3291 regiones
844 3216 915 3271 tam
939 3207 1031 3291 longe
1053 3206 1193 3270 dissitas
1221 3204 1452 3269 instituissent.

243 3287 261 3320 ⁸
340 3311 412 3375 Nec
429 3312 536 3375 multo
561 3312 666 3374 serius
694 3329 833 3391 compos
860 3320 1014 3375 votorum
1047 3308 1164 3389 sactus,
1180 3311 1365 3375 contendere
1378 3330 1450 3375 sea

338 3416 408 3479 Deo
423 3425 574 3489 testatur,
589 3423 627 3477 ut
643 3433 731 3497 reges
745 3413 865 3477 diuina
879 3415 950 3478 eius
960 3426 1013 3497 ope
1023 3414 1201 3499 gratiaque
1217 3414 1297 3479 velle
1303 3425 1450 3497 pergant

339 3540 440 3583 nouas
455 3540 531 3583 uras
546 3539 630 3583 nova
644 3519 744 3583 litora
753 3518 938 3602 Evangelio
950 3520 1099 3585 imbuere.
1113 3521 1171 3585 Ab
1184 3521 1384 3585 Alexandro
1396 3519 1446 3585 VI

341 3618 503 3686 Pontifice
526 3622 679 3686 maximo
705 3624 794 3687 viros
825 3623 1029 3706 apostolicos
1059 3633 1206 3688 maturat
1237 3644 1294 3706 per
1319 3624 1448 3690 litteras

338 3736 462 3808 petere,
477 3725 643 3807 inquibus
659 3745 699 3789 ea
709 3736 761 3790 est
777 3728 962 3791 sententia:
977 3742 1217 3790 sacrosanctum
1233 3726 1308 3790 Iesu
1323 3726 1451 3794 Christi

338 3849 452 3892 numen
467 3838 500 3891 et
513 3828 735 3909 Euangelium
761 3851 862 3913 quam
887 3830 1049 3895 latissime
1074 3830 1291 3894 disserrer'uare
1313 3852 1364 3895 me
1384 3831 1450 3895 ali·

336 3933 467 4015 quaudo
474 3943 578 4015 pesse,
592 3932 662 3994 Deo
677 3933 835 4011 adiutore,
851 3934 979 4018 confide.
998 3934 1112 4017 Atque
1128 3934 1337 4013 efferebatur,
1353 3942 1450 4017 puta·

338 4059 422 4115 mus,
437 4039 572 4122 gaudio,
599 4058 674 4101 cum
696 4038 862 4120 Raphaeli
891 4036 1075 4103 Sanchesio
1103 4038 1249 4119 primum
1273 4037 1317 4102 ab
1350 4038 1450 4103 India

338 4143 445 4207 redux
462 4142 639 4225 Olisipone
655 4142 824 4219 scriberet,
838 4140 984 4223 agendas
999 4140 1070 4204 Dee
1080 4212 1082 4217 ¹
1094 4140 1296 4205 immortales
1306 4140 1449 4223 gratias,

337 4247 425 4331 quod
435 4247 502 4311 sibi
514 4268 674 4310 successus
699 4256 769 4310 tam
777 4255 946 4327 prosperus
972 4242 1105 4326 benigne
1131 4244 1293 4309 dedisset:
1302 4245 1450 4327 gaudere

337 4371 376 4414 ac
399 4350 605 4433 triumphare
625 4349 739 4412 -Iesum
757 4346 929 4413 Christum
946 4347 981 4410 iu
998 4349 1096 4411 terris
1110 4370 1210 4431 aeque
1225 4369 1264 4413 ac
1290 4351 1324 4411 in
1348 4350 1448 4412 caelis
