3117 4859
89 390 143 445 DE
161 387 335 439 CLERICIS
354 387 524 437 ALIENAE
535 386 662 439 DIOEC.
681 386 722 437 IN
740 388 841 438 URBE
853 386 1108 438 DEGENTIBUS.
1131 387 1202 457 305

88 534 123 597 in
158 530 260 607 Urbe,
292 548 373 606 sese,
384 530 432 593 uti
463 532 570 607 decet,
600 550 668 593 non
699 534 874 613 gesserint,
905 552 965 614 per
994 532 1203 597 Vicariatum
1296 565 1326 598 22

89 636 196 703 Urbis
208 635 351 718 propriis
368 634 558 699 Ordinariis
574 636 877 714 denunciabuntur,
888 647 922 699 et
935 634 978 700 ab
991 636 1085 700 Urbe
1098 636 1205 699 disce·
1272 613 1348 728 ῗξφῑ·

88 743 169 806 dere
185 746 357 822 cogentur.

136 874 179 940 V.
210 872 424 957 Quicumque
454 874 613 957 denique,
642 873 795 956 quolibet
826 875 938 951 modo,
974 873 1207 961 praesentibus
1274 931 1385 989 Mem

91 979 369 1063 dispositionibus
385 998 421 1041 se
445 999 511 1043 non
529 977 798 1055 conformaverit,
813 988 881 1055 aut,
896 980 987 1062 quod
1004 979 1098 1043 Deus
1115 997 1205 1042 aver·
1232 992 1384 1061 quintusn-

91 1094 153 1163 tat,
178 1084 305 1148 eisdem
334 1084 560 1163 contraiverit,
583 1086 658 1167 ipso
688 1084 779 1148 iacto
806 1084 1016 1168 suspensioni
1040 1105 1061 1148 a
1084 1085 1206 1149 divinis
1232 1055 1372 1156 {iiim

91 1188 263 1253 obnoxius
279 1186 345 1253 fiet.

138 1292 296 1357 Ceterum
329 1291 491 1375 Episcopi
521 1294 673 1357 omnium
705 1290 901 1356 clericorum
933 1311 1070 1357 suorum
1101 1312 1207 1375 aeque
1260 1330 1386 1375 Μίαν

93 1418 207 1463 curam
231 1406 360 1479 gerant,
387 1418 505 1481 neque,
529 1400 578 1463 uti
604 1420 704 1481 saepe
731 1398 927 1476 dolendum,
950 1418 1045 1462 esua
1061 1398 1206 1461 dioecesi
1231 1389 1356 1493 fnfffi

94 1520 152 1565 eos
167 1499 259 1564 abire
279 1499 376 1565 facile
399 1500 512 1566 sinant
526 1504 583 1585 qui
609 1521 667 1567 seu
684 1502 773 1567 vitae
795 1501 936 1580 ratione,
951 1522 1010 1567 seu
1035 1501 1111 1565 aliis
1132 1501 1204 1583 qui·
1231 1509 1385 1554 suorumcle-

94 1604 303 1687 buscumque
319 1604 454 1685 caussis,
469 1600 543 1670 sese
558 1605 818 1688 reprehensione
834 1605 955 1688 dignos
971 1615 1029 1670 aut
1046 1606 1206 1670 molestos
1231 1581 1386 1685 {imus

94 1707 288 1773 exhibeant.
1128 1694 1131 1698 ’
1232 1686 1321 1731 ‘M‘

140 1812 237 1876 Haec
264 1812 378 1896 itaque
396 1814 511 1879 omnia
534 1812 705 1879 Sanctitas
729 1814 799 1879 Sua
815 1813 859 1877 ab
879 1813 1036 1877 omnibus
1062 1814 1105 1877 ad
1121 1831 1208 1896 quos

94 1924 236 2001 spectat,
260 1917 420 1982 custodiri
444 1926 479 1981 et
505 1915 745 1982 inviolabiliter
770 1918 895 1982 servari
923 1917 1108 1992 mandavit,
1129 1936 1208 1980 con-

95 2021 204 2087 trariis
219 2020 495 2105 quibuscumque,
511 2023 613 2087 etiam
639 2021 798 2105 peculiari
817 2023 989 2085 mentione
1011 2021 1131 2103 dignis,
1148 2022 1209 2083 mi·

69 2134 73 2143 '
96 2126 186 2190 nime
197 2125 420 2193 obstantibus.

140 2232 280 2309 Romae,
296 2250 341 2296 ex
363 2230 502 2297 aedibus
526 2232 561 2298 S.
587 2231 625 2298 C.
652 2231 794 2296 Concilii
819 2230 874 2294 die
899 2244 982 2293 xxn
1009 2228 1208 2293 Decembris

96 2348 319 2405 MDCCCXCIV.

442 2442 486 2507 A.
503 2440 618 2507 Canu.
636 2440 687 2504 Dl
706 2436 896 2516 PIETRO‚
913 2438 1165 2502 Pnnusncrvs

656 2579 696 2644 L.
713 2578 889 2689 Snntprr,
906 2576 1121 2641 secretarius.

799 2669 805 2693 ι

503 3150 798 3437 otu

149 4516 217 4559 Acus
231 4515 326 4557 Leonis.
341 4537 366 4546 -
379 4514 419 4557 vt.
