3117 4859
386 324 452 372 112
509 323 693 375 EPISTOLA
712 325 924 376 ENCYCLICA
945 312 967 343 ‘⁴
986 327 1145 380 MAGNAE
1164 328 1229 379 DEI
1249 330 1399 382 MATRIS.
1413 307 1429 335 '⁸

380 488 556 550 corporum
578 468 703 534 relevat
718 469 926 551 languentes,
942 471 1134 554 morbisque
1150 472 1342 540 animorum
1358 474 1482 557 gravio-

380 573 469 637 ribus
486 582 627 653 paterna
643 573 796 637 medetur
812 574 1026 638 miseratione
1040 594 1143 657 :quos
1156 576 1207 639 vel
1221 596 1381 641 aerumna
1392 596 1481 641 exer-

380 685 432 740 cet
448 674 498 738 vel
526 674 790 740 sollicitudinum
809 674 913 738 moles
931 675 1059 758 fatigat,
1075 695 1133 739 eos
1150 676 1182 743 in
1202 679 1319 760 primis
1340 678 1482 743 blandis-

379 780 463 842 sime
474 777 655 861 compellat
670 788 704 841 et
720 785 839 842 vocat:
861 776 974 841 Venite
988 778 1037 843 ad
1049 800 1099 843 me
1122 800 1231 845 amnes
1254 780 1313 865 qui
1332 780 1484 845 laboratis

235 901 298 964 lgm
313 903 358 949 rra·
378 892 411 946 et
424 882 554 946 onerati
565 882 651 960 estis,
662 891 693 944 et
703 902 759 964 ega
769 880 913 964 reficiam
925 902 982 945 vas
991 881 1042 963 (¹).
1054 882 1143 946 Turn
1155 884 1219 966 ipsi
1232 884 1484 967 interquiescen-

202 982 355 1082 fmss
378 988 468 1051 tibus
485 986 581 1051 nobis
608 986 642 1049 in
673 984 856 1068 complexu
886 1004 957 1064 su0,
972 985 1015 1049 de
1031 986 1089 1050 illo
1105 988 1210 1069 spirat
1238 988 1482 1070 mysticoigne

229 1097 352 1160 Jesusin.
377 1112 477 1177 quem
493 1092 538 1156 ad
565 1090 718 1154 homines
744 1089 873 1167 detulit,
891 1090 1000 1173 deque
1037 1090 1088 1153 sui
1113 1091 1371 1155 mansuetudine
1386 1092 1483 1155 animi

202 1164 350 1279 ,fffflss’
376 1216 414 1261 ac
430 1195 652 1259 submissione
668 1194 812 1276 benigne
836 1193 992 1271 insinuat,
1008 1214 1149 1277 quarum
1167 1215 1228 1258 usu
1244 1194 1408 1259 virtutum
1425 1214 1481 1258 nos

202 1301 284 1344 omar,
377 1308 476 1381 optat
490 1317 589 1363 verae
605 1298 799 1381 solidaeque
826 1297 929 1380 pacis,
945 1299 1040 1362 cuius
1064 1309 1115 1363 est
1140 1310 1266 1377 auctor,
1289 1300 1484 1381 participes:

377 1402 503 1467 Discite
515 1424 536 1465 a
561 1423 611 1465 me
625 1401 705 1483 quia
728 1400 822 1465 mitis
840 1422 916 1466 suin
931 1413 962 1466 et
984 1401 1121 1467 humilis
1136 1402 1228 1467 carde
1239 1426 1255 1479 ,·
1270 1413 1302 1467 et
1318 1403 1485 1467 invenietis

235 1563 300 1623 Quis
312 1562 351 1622 lt·
377 1507 520 1592 requiem
535 1504 711 1570 animabus
725 1506 845 1570 vestris
862 1506 912 1588 (2).
930 1504 997 1571 Sed
1016 1506 1087 1588 ipse
1103 1517 1227 1585 tamen,
1239 1527 1300 1590 pro
1310 1528 1349 1572 ea
1360 1508 1485 1590 sapien·

229 1633 351 1689 suncpas-
377 1611 444 1674 tiae
460 1610 612 1674 caelestis
627 1610 701 1673 luce
717 1620 751 1673 et
768 1609 891 1692 insigni
908 1608 1145 1675 beneficiorum
1162 1613 1261 1694 copia
1284 1612 1407 1695 quibus
1429 1610 1485 1673 ho·

223 1699 352 1807 m'r'fssss
378 1716 484 1779 mines
510 1715 672 1779 demereri
698 1714 871 1791 debuerat,
886 1714 1062 1779 hominum
1080 1716 1169 1779 subit
1185 1715 1263 1780 odia
1280 1714 1483 1795 iniuriasque

214 1823 348 1887 promas,
376 1819 611 1897 atrocissimas,
637 1828 739 1902 atque
764 1818 964 1899 sanguinem
990 1828 1023 1883 et
1050 1819 1203 1901 spiritum
1229 1819 1317 1883 cruci
1346 1816 1486 1880 suffixus

199 1888 350 2017 ,ηἶῖἕξῖἶῖ
376 1925 559 2009 profundit,
574 1924 657 1988 nihil
679 1933 837 2004 spectans
861 1922 994 1986 enixius
1019 1942 1120 2006 quam
1138 1934 1175 1987 ut
1203 1922 1268 1987 illis
1292 1922 1404 2004 pariat
1429 1938 1488 1983 sua

232 2026 273 2068 Μ
285 2021 351 2135 'ng'
376 2038 483 2094 morte
499 2028 613 2094 vitam.
628 2024 771 2089 -Talia
781 2026 987 2107 peramantis
1000 2025 1241 2108 Redemptoris
1255 2025 1358 2089 nostri
1370 2041 1486 2087 monu-

238 2092 288 2148 m
340 2122 346 2132 ⁵
377 2144 491 2198 menta
506 2131 677 2195 carissima
693 2149 906 2211 nequaquam
921 2129 989 2192 fieri
1002 2138 1115 2212 potest
1127 2140 1163 2193 ut
1174 2130 1341 2213 quispiam
1355 2136 1486 2195 attenta

375 2257 488 2303 secum
517 2234 721 2318 cogitatione
751 2243 884 2315 reputet
909 2244 943 2297 et
970 2244 1225 2311 commentetur,
1252 2254 1361 2317 neque
1389 2243 1485 2315 grata

375 2344 534 2406 adversus
550 2358 627 2402 eum
644 2338 818 2403 voluntate
835 2338 1043 2403 exardescat.
1060 2339 1109 2401 At
1132 2338 1239 2401 verius
1257 2338 1419 2420 probatae
1435 2337 1485 2400 vis

376 2445 453 2509 fidei
469 2452 602 2508 tantum
618 2440 736 2505 efficiet
752 2451 798 2518 ut,
813 2441 1003 2505 illuminata
1027 2441 1302 2529 hominismente
1319 2450 1353 2502 et
1370 2440 1485 2503 animo

375 2551 590 2615 vehementer
604 2546 759 2628 impulso,
790 2556 899 2611 totum
917 2564 1021 2629 prope
1037 2547 1145 2628 rapiat
1162 2548 1204 2611 ad
1231 2545 1335 2629 ipsius
1360 2544 1484 2610 Christi

375 2658 516 2739 vestigia
531 2673 590 2738 per
601 2674 702 2720 omne
718 2654 896 2718 discrimen
913 2655 1084 2731 sectanda,
1101 2657 1231 2718 adeam
1250 2674 1355 2737 usque
1380 2653 1487 2716 Paulo

374 2763 512 2843 dignam
538 2757 799 2821 obtestationem
819 2782 825 2821 :
845 2756 929 2835 Quis
953 2778 1028 2839 erga
1045 2778 1101 2821 nos
1124 2757 1290 2840 separabit
1313 2756 1488 2820 ecaritate

360 2911 365 2921 ·
378 2864 528 2930 Chresti?
538 2860 715 2938 tribulatio,
723 2881 769 2923 an
780 2861 946 2943 angustia,
956 2862 1128 2941 anfames,
1139 2884 1183 2925 an
1195 2860 1338 2938 nuditas,
1348 2860 1487 2943 anpm'-

372 2969 489 3046 culum,
504 2988 548 3030 aa
555 2964 744 3048 persecutia,
771 2984 816 3028 are
835 2964 972 3047 gladius
984 2965 1027 3047 (³)
1043 2971 1097 3029 l...
1122 2966 1201 3029 Vivo
1217 2975 1326 3029 autem
1337 2965 1407 3028 iam
1422 2984 1487 3026 reon

373 3094 452 3156 ega,·
469 3071 557 3135 vivit
572 3090 646 3133 vera
663 3069 760 3132 inme
780 3067 934 3133 Christus
949 3069 961 3150 (
979 3068 1001 3151 ).

256 3208 347 3256 Altera
418 3177 470 3239 Ne
482 3195 560 3240 vero
576 3176 619 3237 ad
634 3172 795 3255 exempla
807 3192 892 3255 quae
910 3172 1070 3249 Christus,
1086 3171 1190 3236 homo
1206 3171 1365 3254 idemque
1379 3171 1485 3246 Deus,

241 3274 348 3348 Rosarft
372 3284 414 3347 de
426 3302 462 3344 se
478 3277 616 3345 exhibet
631 3297 712 3340 sane
729 3296 829 3359 quam
842 3277 1001 3354 maxima,
1018 3276 1150 3340 nativae
1167 3296 1228 3340 nos
1241 3273 1483 3339 imbecillitatis

228 3345 348 3453 ”iiim
371 3383 576 3448 conscientia
602 3380 770 3444 absterriti
797 3380 1000 3455 deficiamus,
1027 3400 1093 3443 una
1124 3400 1199 3444 curn
1217 3380 1387 3462 mysteriis
1410 3379 1483 3441 eius

223 3470 347 3583 ξξῇἶζζε
373 3486 530 3569 mysteria
545 3484 665 3556 Matris
677 3482 907 3546 sanctissimae
917 3482 1080 3546 habemus
1093 3483 1198 3547 oculis
1209 3484 1330 3547 mentis
1348 3484 1391 3546 ad
1402 3500 1481 3545 con-

213 3600 245 3648 Β.
263 3600 344 3663 Virgi-
371 3588 603 3671 templandum
634 3584 756 3650 oblata.
775 3585 805 3649 E
821 3587 911 3667 regia
935 3585 1077 3650 Davidis
1094 3587 1197 3669 stirpe
1213 3597 1264 3653 est
1280 3607 1319 3650 ea
1343 3586 1480 3668 quidem

212 3667 254 3713 nis
264 3666 345 3713 vitane

212 3730 342 3790 kunrilem,

211 3804 346 3874 armam?
370 3797 490 3879 opibus
506 3794 557 3857 vel
575 3792 796 3875 amplitudine
814 3814 822 3870 ;
838 3813 924 3875 quae
939 3796 1042 3857 vitam
1062 3794 1094 3856 in
1107 3794 1250 3857 obscuro
1267 3793 1345 3876 agit,
1361 3791 1480 3855 humili

209 3862 345 3991 22⁰3?ss
370 3902 404 3964 in
422 3899 557 3982 oppido,
582 3895 758 3960 humiliore
780 3897 931 3975 intecto,
948 3918 1077 3961 recessu
1094 3898 1167 3981 ipso
1184 3908 1217 3961 et
1243 3898 1288 3960 rei
1308 3894 1480 3959 familiaris

156 4020 168 4048 ·
196 3993 348 4108 bmffsslffl
371 4005 534 4069 tenuitate
551 4021 591 4064 eo
606 4008 765 4063 contenta
783 4000 890 4084 magis
906 4004 995 4085 quod
1014 4002 1167 4066 liberiore
1184 4010 1296 4084 potest
1312 4000 1428 4065 animo
1444 4018 1480 4062 se

292 4095 298 4107 ⁶
371 4110 487 4175 tollere
512 4108 553 4170 ad
582 4106 694 4169 Deum
720 4106 897 4190 eidemque
924 4128 1057 4173 summo
1078 4108 1361 4174 desideratissimo
1388 4106 1480 4171 bono

370 4214 504 4294 penitus
529 4211 717 4274 adhaerere.
749 4209 857 4293 Atqui
881 4221 932 4275 est
957 4232 1032 4275 cum
1064 4212 1137 4293 ipsa
1167 4211 1344 4286 Dominus,
1375 4231 1479 4293 quam

400 4338 584 4390 1.a!attlr.,xr,
598 4336 633 4381 28.
647 4360 677 4370 -
691 4351 705 4381 2
717 4338 760 4389 la,
774 4352 809 4397 29.
824 4362 853 4371 -
869 4352 890 4396 3.
904 4339 982 4391 Rana,
1001 4348 1059 4387 vlu.
1073 4352 1108 4397 35.
1122 4362 1151 4372 -
1166 4352 1186 4395 4.
1204 4336 1267 4390 Gal..
1283 4346 1310 4389 11,
1323 4350 1360 4383 ao.

371 3693 555 3776 progenita,
571 3690 624 3753 eui
639 3700 752 3753 tamen
765 3688 845 3751 nihil
863 3690 929 3753 iam
947 3700 997 3753 est
1014 3690 1176 3773 reliquum
1192 3690 1235 3754 de
1254 3689 1416 3754 maiorum
1428 3688 1481 3751 vel
