3117 4859
266 328 268 330 ’
359 344 432 431 306
485 362 677 413 curasan
704 362 962 415 ssosnonrcuu
992 350 1013 377 ¹⁸
1031 360 1313 413 ontnuranruu.
1333 340 1349 365 ''

356 511 527 592 epistolae,
543 514 598 578 dic
624 514 740 578 datam
756 526 849 578 xxlv
866 513 1053 577 decembris
1081 532 1170 576 anno
1197 517 1459 593 MDCCXL111,ad

359 614 586 681 Patriarcham
615 617 868 681 Antiochenum
896 616 1101 683 Graecorum
1122 616 1359 681 Melchitarum
1386 637 1457 682 om-

357 735 482 798 nesque
506 709 658 783 ‘eiusdem
675 718 758 783 ritus
775 720 962 803 Episcopus
987 720 1097 785 eidem
1116 718 1329 784 Patriarcbae
1351 721 1459 786 subie-

223 835 333 885 Νουμᾶς
357 830 438 885 ctos.
453 819 592 898 Verum,
606 824 727 888 aetatis
743 825 883 891 decursu
902 844 969 889 non
986 823 1089 902 brevi,
1105 824 1237 889 novatis
1253 844 1364 907 persa
1385 824 1459 889 loca

179 917 333 1017 mm
358 945 467 990 rerum
483 928 742 1006 conditionibus,
754 938 857 1011 atque
868 928 980 994 latinis
994 928 1214 993 Missionariis
1230 928 1462 1013 institutisque

226 1033 332 1110 ,busin
357 1027 483 1093 ibidem
509 1030 753 1114 multiplicatis,
778 1032 904 1098 lactum
937 1042 987 1097 est
1020 1043 1057 1097 ut
1085 1032 1269 1116 peculiares
1293 1036 1459 1118 quaedam

183 1098 293 1157 Onenre,
358 1128 577 1213 Apostolicae
593 1133 692 1199 Sedis
708 1124 806 1203 curae
828 1140 862 1203 in
889 1139 1008 1203 eadem
1038 1158 1156 1203 caussa
1178 1149 1462 1222 exposcerentur:

357 1235 446 1318 quod
473 1246 563 1301 certe
589 1252 877 1322 peropportunum
902 1242 982 1319 fore,
998 1245 1114 1306 crebra
1140 1262 1198 1325 per
1224 1242 1326 1308 hosce
1353 1262 1460 1307 annos

356 1342 532 1407 occasione
548 1344 757 1428 Nosmetipsi
772 1366 1006 1431 cognoramus,
1021 1356 1056 1411 et
1071 1347 1238 1411 desideria
1259 1348 1462 1430 aequissima

218 1464 331 1541 ¹auraeuca'-
356 1445 635 1514 confirmaverant
651 1448 904 1515 Venerabilium
924 1451 1080 1516 Fratrum
1106 1452 1139 1515 in
1158 1450 1298 1517 Oriente
1316 1450 1460 1515 Patriar-

194 1530 332 1658 ww}
357 1553 505 1627 charum,
519 1572 586 1615 non
603 1554 706 1617 semel
721 1556 765 1619 ad
783 1554 856 1618 Nos
867 1557 988 1621 delata.
1000 1555 1078 1640 Quo
1088 1565 1201 1619 autem
1214 1554 1319 1619 totius
1335 1552 1461 1635 negotii

211 1660 331 1709 paenar-
358 1657 504 1738 apertius
530 1665 660 1739 pateret
686 1678 828 1736 summa,
844 1661 1058 1743 aptioresque
1086 1659 1284 1742 providendi
1312 1658 1460 1724 rationes

179 1724 332 1855 chasam-
357 1758 583 1836 definirentur,
593 1762 729 1824 cosdem
743 1762 952 1826 Patriarchas
968 1763 1058 1827 haud
1077 1765 1124 1828 ita
1140 1764 1269 1846 pridem
1283 1764 1316 1827 in
1331 1763 1460 1829 Urbem

179 1856 332 1985 m'ffl‘e'r
356 1865 521 1927 advocare
551 1864 687 1946 placuit,
716 1864 917 1947 quibuscum
954 1869 1281 1931 communicaremus
1311 1866 1461 1931 consilia.

211 1992 327 2045 tracum,
355 1966 444 2031 Turn
470 1986 537 2044 eos,
553 1986 621 2031 una
647 1987 723 2032 cum
752 1969 921 2033 nonnullis
947 1969 1087 2033 Dilectis
1106 1970 1199 2034 Filiis
1216 1970 1350 2034 Nostris
1367 1969 1403 2035 S.
1421 1970 1462 2034 R.

178 2053 330 2183 φπζῇξ
356 2072 393 2136 Ε.
408 2072 653 2150 Cardinalibus,
665 2093 778 2139 coram
794 2075 837 2138 ad
853 2074 1108 2139 deliberandum
1123 2076 1288 2158 frequenti
1304 2094 1461 2159 congres-

201 2198 328 2248 arequae-
355 2178 448 2241 sione
474 2176 663 2242 habuimus.
679 2214 722 2227 -
739 2178 785 2243 Iis
811 2189 923 2243 autem
949 2178 1047 2241 rebus
1071 2181 1237 2257 omnibus,
1258 2198 1345 2263 quae
1369 2199 1459 2243 com·

177 2246 329 2378 '³235ss
356 2281 500 2344 munitet
526 2274 718 2364 propositae
744 2292 778 2347 et
805 2282 953 2364 agitatae
977 2292 1065 2360 sunt,
1091 2283 1252 2347 meditate
1278 2283 1461 2366 perpensis,

176 2381 277 2443 scupea.
354 2384 551 2448 induximus
567 2386 717 2449 animum
744 2395 835 2450 certa
852 2386 1016 2468 quaedam
1041 2387 1191 2450 eiusdem
1220 2386 1459 2452 Benedictinae

355 2486 613 2552 Constitutionis
623 2491 1064 2573 praescripta,congruenter
1074 2488 1171 2553 novis
1181 2508 1295 2553 earum
1306 2490 1457 2573 gentium

239 2611 328 2676 Legem
354 2588 570 2671 temporibus,
586 2590 807 2673 explicatiora
830 2594 939 2657 iacere
964 2602 998 2656 et
1025 2592 1197 2675 ampliora.
1225 2592 1264 2657 In
1282 2614 1350 2675 quo
1366 2612 1459 2675 prae-

175 2676 329 2792 ffifrgj
353 2694 486 2771 stando,
500 2693 565 2757 hoc
587 2704 761 2780 tamquam
790 2697 990 2779 principium
1020 2717 1064 2762 ex
1082 2697 1154 2781 ipsa
1177 2698 1459 2780 deprompsimus,

210 2807 266 2857 ned.
287 2808 326 2858 de-
353 2801 543 2865 sacerdotes
558 2821 679 2884 nempe
695 2803 818 2868 latinos
834 2824 874 2869 eo
891 2813 1024 2869 tantum
1045 2805 1187 2869 consilio
1202 2804 1246 2869 ab
1260 2803 1458 2886 Apostolica

172 2878 325 3001 ζπζὲῗ
352 2901 442 2966 Sede
456 2903 489 2965 in
507 2902 580 2967 illas
596 2907 747 2987 regiones
764 2908 864 2984 mitti,
880 2916 917 2971 ut
933 2908 1001 2970 sint
1019 2907 1220 2972 Patriarcbis
1234 2917 1268 2971 et
1280 2906 1459 2989 Episcopis

175 3003 327 3118 mm
351 3005 386 3067 in
401 3005 605 3070 adiutorium
620 3018 650 3071 et
663 3008 831 3085 levamen·
847 3020 948 3074 cauto
965 3020 1144 3091 propterea
1161 3030 1200 3073 ne
1218 3009 1336 3072 utenda
1344 3008 1459 3089 sacul-

174 3134 325 3183 sacerdotum
351 3110 475 3174 tatibus
487 3111 553 3175 sibi
565 3112 725 3191 concessis,
739 3134 850 3176 eorum
875 3112 1104 3176 iurisdictione·
1112 3112 1355 3193 praeiudicium
1375 3110 1457 3191 inse·

185 3199 325 3315 “Mem
351 3228 430 3283 rant
442 3228 475 3283 et
489 3241 661 3283 numerum
673 3221 877 3285 subditorum
894 3222 1098 3285 imminuant
1111 3221 1171 3304 (¹)²
1188 3241 1233 3285 0³
1248 3241 1316 3303 (1¹¹⁰
1333 3222 1459 3304 Perspi'

179 3331 326 3407 oriestalem
350 3343 449 3388 cuum
467 3334 563 3388 extat
578 3326 700 3408 quibus
716 3325 846 3408 legibus
861 3324 969 3389 officia
988 3327 1183 3390 eorumdem
1202 3326 1401 3391 Latinorum
1416 3325 1457 3389 ad

173 3395 260 3459 offiaa.
352 3427 584 3493 Hierarchiam
602 3428 810 3495 Orientalem
829 3430 895 3493 sint
913 3432 1146 3512 temperanda.

220 3562 327 3613 Dm„
395 3530 514 3613 ltaque
529 3551 639 3596 rerum
655 3534 767 3615 capita
779 3553 866 3615 quae
877 3542 1064 3616 sequuntur
1076 3535 1146 3596 visa
1159 3542 1237 3598 sunt
1254 3535 1288 3599 in
1307 3532 1457 3597 Domino

174 3626 325 3743 “B‘fflss
351 3635 607 3716 praescribenda
633 3647 667 3701 et
694 3638 884 3715 sancienda,
909 3648 945 3700 ut
973 3638 1123 3713 facimus,
1140 3634 1352 3719 'Apostolica
1380 3634 1456 3701 fulti

226 3758 326 3809 Graecis
351 3740 569 3818 auctoritate;
585 3742 652 3804 iam
669 3762 757 3805 nunc
772 3742 981 3805 declarantes
999 3741 1084 3805 velle
1102 3742 1175 3805 Nos
1199 3752 1300 3825 atque
1327 3743 1456 3807 edicere
1496 3736 1499 3743 ⁴

186 3824 324 3938 {sslffi’
351 3856 387 3910 ut
410 3846 527 3910 cadem
557 3846 776 3912 Benedictina
805 3850 955 3928 decreta,
971 3868 1057 3933 quae
1073 3850 1116 3912 de
1132 3846 1270 3913 Graecis
1287 3846 1455 3912 Melchstss

173 3956 233 4003 tales
243 3956 325 4019 cujus·
350 3950 505 4033 primitus
519 3952 601 4014 data
618 3961 704 4028 sunt,
726 3951 843 4017 fideles
858 3972 976 4017 omnes
995 3953 1141 4018 cuiusvis
1158 3953 1191 4017 in
1208 3952 1348 4019 Oriente
1375 3950 1455 4014 ritus

173 4028 324 4134 affl&
351 4054 503 4119 universe
518 4055 698 4137 attingant.

172 4157 223 4197 mr·
246 4217 325 4266 Vana
396 4160 420 4224 Ι.
433 4160 664 4224 Missionarius
680 4160 822 4246 quilibet
839 4162 973 4242 latinus,
985 4183 1005 4227 e
1016 4162 1107 4227 clero
1119 4161 1280 4227 saeculari
1291 4160 1344 4226 vel
1361 4178 1454 4243 regu-

172 4288 325 4332 statuuntur
349 4264 419 4341 lari,
433 4266 489 4347 qui
518 4266 715 4329 orientalem
740 4267 936 4349 quempiam
966 4268 1008 4331 ad
1038 4266 1180 4331 latinum
1198 4266 1297 4333 ritum
1314 4262 1453 4328 consilio

175 4348 324 4398 'odelmm
380 4395 698 4448 1.ConstDrmandalam,
715 4408 738 4441 n.
755 4410 789 4453 13.
