3117 4859
377 323 389 371 r
399 321 443 391 52
474 323 572 372 ιιττ.
600 323 728 374 naosr.
751 311 772 338 ⁴·
792 321 842 371 ax
863 321 1004 372 nearro
1022 318 1254 372 rnsronnnrs
1270 299 1457 370 osr1cn.''

370 467 606 549 praecipimus,
621 467 793 530 edicimus.
809 465 979 528 Nimirum
994 484 1114 527 omnes
1128 475 1163 527 et
1184 462 1346 544 singulos,
1361 463 1480 545 quibus

370 573 516 636 Nostrae
542 571 607 635 bae
637 571 768 634 litterae
800 570 922 642 lavent,
949 567 1108 651 peculiari
1130 567 1370 632 benevolentia
1391 587 1480 631 conr·

369 676 564 758 plectentes,
579 684 612 739 et
629 695 649 738 a
664 675 839 760 quibusvis
854 672 1227 750 excommunicationis,
1251 672 1480 754 suspensionis

368 791 403 843 et
424 779 604 858 interdicti,
627 779 768 862 aliisque
794 777 1028 843 ecclesiasticis
1058 777 1244 852 sententiis,
1274 777 1424 841 censuris
1447 786 1478 838 et

369 885 497 966 poenis,
522 883 550 946 si
574 903 659 967 quas
687 881 773 948 sorte
799 881 1007 961 incurrerint,
1032 881 1131 948 huius
1146 891 1280 946 tantum
1308 882 1355 944 rei
1371 881 1477 962 gratia

368 988 591 1064 absolventes,
622 999 656 1053 et
686 988 860 1053 absolutos
890 989 961 1053 lore
994 997 1180 1064 censentes,
1211 996 1305 1052 motu
1345 986 1476 1067 proprio

368 1101 471 1174 atque
495 1113 539 1156 ex
565 1103 656 1158 certa
682 1093 832 1169 scientia,
856 1103 890 1157 et
917 1104 1049 1158 matura
1071 1091 1316 1157 deliberatione
1339 1088 1476 1162 Nostris

367 1199 477 1280 deque
500 1198 719 1280 Apostolicac
745 1199 925 1280 potestatis
950 1196 1159 1280 plenitudine
1184 1207 1302 1261 tenore
1327 1213 1475 1276 praesen-

367 1303 451 1368 tium
470 1313 736 1384 perpetuumque
752 1303 786 1366 in
804 1304 944 1366 modum
960 1302 1100 1367 domum
1115 1303 1159 1366 ad
1181 1301 1290 1365 sancti
1306 1297 1474 1364 Laurentii

367 1409 399 1472 iu
418 1407 471 1470 via
489 1421 507 1474 t
524 1406 780 1489 Boncompagni
797 1421 815 1475 l
835 1408 934 1471 sitam
951 1407 1060 1470 almae
1084 1407 1183 1470 buius
1211 1406 1317 1471 Urbis
1334 1405 1473 1468 Nostrae

366 1511 578 1576 declaramus
593 1530 666 1574 esse
682 1530 759 1576 vere
782 1521 817 1575 et
841 1511 975 1594 proprie
998 1522 1100 1592 atque
1120 1510 1292 1576 exclusive
1308 1507 1472 1574 Generali-

366 1613 450 1679 tiam
468 1613 606 1681 Ordinis
624 1614 794 1680 Minorum
811 1615 920 1680 sancti
934 1615 1103 1680 Francisci
1119 1614 1319 1678 Assisiensis
1336 1611 1472 1695 Capula·

250 1711 253 1720 ’
276 1707 280 1719 ’
368 1727 489 1796 torum,
506 1719 649 1803 ideoque
664 1740 685 1784 a
701 1720 859 1784 Ministro
874 1719 1032 1786 Generali
1048 1738 1124 1784 cum
1141 1719 1243 1784 Curia
1257 1737 1332 1782 esse
1351 1716 1471 1782 inhabi-

231 1851 344 1884 revmns
369 1824 519 1888 tandam.
531 1823 815 1889 constitutionem
826 1825 977 1907 proinde,
985 1843 1087 1906 quam
1101 1844 1204 1906 supra
1213 1823 1472 1896 recensuimus,a

219 1905 345 2003 ⁸5?ssss
370 1928 546 1992 decessore
563 1929 690 1992 Nostro
704 1929 763 1994 Ρίο
780 1930 844 1994 ΡΡ.
857 1929 908 1992 ΙΧ
921 1929 975 1994 die
989 1943 1066 1992 xxx
1081 1929 1163 1992 Maii
1176 1947 1265 1991 anno
1281 1937 1473 1991 MDCOCLm'

191 2017 346 2124 fssss'ssffss}
370 2033 498 2097 editam
526 2035 725 2097 auctoritate
751 2034 871 2098 eadem
897 2034 1025 2098 Nostra
1048 2033 1274 2116 praesentium
1298 2033 1332 2096 vi
1350 2050 1471 2095 revoca·

211 2136 346 2240 &⁶222ss
372 2157 455 2215 mus,
471 2147 504 2202 et
529 2137 744 2202 Conventum
763 2138 1007 2204 immaculatae
1023 2137 1264 2220 Conceptionis
1280 2137 1324 2200 de
1340 2137 1432 2202 Urbe
1445 2135 1472 2196 in

193 2255 347 2358 ‘'qqmgqf
372 2239 444 2306 ioro
460 2242 703 2306 Barberiniand
719 2253 894 2324 tamquam
912 2243 1089 2306 Romanae
1106 2241 1301 2304 Provinciae
1312 2241 1471 2324 proprium

231 2347 345 2431 ceptione:
371 2347 484 2410 denuo
521 2347 768 2425 constituImus,
799 2345 902 2411 firmis
937 2357 1086 2412 ceterum
1124 2347 1378 2411 remanentibus
1408 2356 1469 2408 tum

191 2437 345 2550 {mm
373 2449 504 2516 Urbani
522 2452 584 2516 ΡΡ.
601 2451 693 2516 VIII
714 2453 976 2530 Constitutione,
991 2472 1092 2536 quam
1111 2451 1384 2526 memoravimus,
1398 2467 1472 2532 quae

217 2563 345 2656 mm
371 2555 489 2638 incipit
504 2557 614 2620 verbis
632 2573 650 2626 t
667 2556 817 2621 Inr'unctr'
829 2556 967 2625 Nobis)
987 2566 1059 2620 tum
1078 2556 1232 2639 Regulae
1253 2567 1288 2619 et
1311 2555 1471 2620 Constitu·

217 2669 343 2726 capulare
370 2663 502 2728 tionum
530 2661 847 2743 praescriptionibus
873 2661 917 2726 de
938 2661 1136 2725 omnimoda
1163 2681 1203 2725 ac
1219 2660 1320 2743 plena
1338 2659 1472 2723 Ministri

203 2743 259 2774 rrrnr
272 2727 344 2774 Ordr'·
520 2766 527 2780 .
982 2767 989 2780 .
1066 2766 1086 2781 ..
1254 2765 1262 2780 .
1315 2766 1325 2780 .
1445 2764 1452 2777 .

210 2801 240 2834 re
250 2787 347 2846 ejusque
372 2765 555 2842 Generalis,
570 2785 679 2848 eoque
694 2767 844 2844 absente,
856 2764 1086 2831 Commissarrr
1103 2765 1280 2830 Generalis
1297 2775 1385 2829 srcut
1399 2774 1431 2828 et
1443 2782 1471 2825 rn

196 2846 346 2952 0,f,‘,¹,2{{·f'⁰
370 2870 454 2935 alias
470 2869 609 2937 Ordinis
627 2871 818 2934 ProvIncias
834 2872 882 2934 ita
898 2872 982 2935 etin
1001 2870 1193 2935 Romanam
1208 2870 1380 2952 Urbisque
1395 2868 1473 2934 Con·

369 2984 507 3039 ventum
534 2976 744 3040 auctoritate.
770 2974 935 3040 Similiter
959 2974 1123 3053 volumus,
1145 2986 1182 3040 ut
1198 2973 1360 3058 Capitula
1375 2973 1474 3039 Gene

369 3079 488 3155 ralitia,
504 3080 531 3142 si
549 3088 582 3142 et
597 3080 877 3162 quotiescumque
893 3081 1025 3144 Romae
1041 3081 1160 3144 eadem
1183 3079 1364 3144 convocari
1379 3077 1475 3144 conti·

368 3183 464 3266 gerit,
491 3183 525 3246 in
557 3183 707 3266 praelata
738 3184 842 3247 domo
871 3187 914 3248 ad
939 3185 1046 3248 saneti
1076 3185 1250 3248 Laurentii
1277 3181 1474 3247 Brundusini

370 3286 490 3370 iugiter
501 3286 711 3351 celebrentur
721 3287 754 3350 in
769 3299 952 3369 posterum,
962 3288 1056 3353 salvo
1067 3289 1138 3352 iure
1150 3288 1300 3353 Ministri
1311 3285 1476 3352 Generalis

369 3390 580 3472 Capitulares
596 3391 748 3475 aliosque
777 3392 913 3455 Fratres
939 3402 1093 3475 tempore
1109 3392 1345 3475 Capitulorum
1362 3390 1474 3456 tamin

369 3498 542 3578 praedicto
569 3495 749 3562 Conventu
775 3497 1018 3562 Immaculatae
1043 3496 1294 3579 Conceptionis,
1320 3515 1421 3579 quam
1446 3493 1475 3556 in

369 3599 443 3662 aliis
468 3600 608 3667 Ordinis
633 3601 666 3663 in
691 3599 784 3666 Urbe
809 3602 967 3666 domibus
990 3603 1260 3685 quibuscumque
1287 3598 1475 3664 collocandi.

371 3704 468 3768 Haec
495 3705 720 3786 praecipimus
736 3723 774 3767 ac
793 3706 1003 3782 mandamus,
1018 3707 1236 3769 decernentes
1252 3707 1315 3768 has
1342 3703 1474 3768 Nostras

369 3807 498 3873 litteras
515 3806 637 3880 firmas,
658 3806 787 3872 validas
803 3818 838 3871 et
852 3809 1013 3886 efficaces,
1029 3811 1175 3874 existere
1190 3818 1226 3873 et
1243 3808 1325 3885 iore,
1342 3826 1475 3889 suosque

370 3911 536 3994 plenarios
553 3921 587 3974 et
603 3911 753 3994 integros
770 3911 909 3977 effectus
925 3915 1034 3978 sortiri
1051 3923 1085 3978 et
1107 3913 1269 3990 obtinere,
1293 3913 1424 3996 illisque
1436 3912 1472 3972 ad

369 4035 455 4099 quos
479 4025 609 4098 spectat
637 4024 671 4078 et
692 4026 845 4098 spectare
866 4018 989 4100 poterit
1014 4020 1047 4082 in
1071 4019 1229 4082 omnibus
1245 4028 1278 4081 et
1295 4036 1356 4099 per
1371 4014 1473 4081 onmia

370 4117 564 4201 plenissime
580 4117 765 4201 suffragari,
781 4121 896 4204 sicque
916 4122 950 4184 in
967 4124 1160 4204 praemissis
1177 4142 1235 4203 per
1255 4137 1474 4203 quoscumque

371 4220 498 4282 iudices
524 4221 712 4285 ordinarios
737 4234 772 4287 et
799 4225 974 4307 delegatos
1001 4227 1139 4290 iudicari
1154 4236 1190 4289 et
1205 4223 1338 4289 deliniri
1353 4225 1474 4294 debete,

374 4329 478 4401 atque
494 4323 621 4386 irritum
639 4334 674 4387 et
689 4326 790 4390 inane
806 4327 833 4390 si
848 4347 945 4393 secus
960 4349 1061 4412 super
1074 4329 1127 4393 his
1141 4350 1162 4392 a
1175 4347 1387 4411 quocumque
1401 4321 1473 4410 qua·
