3117 4859
404 383 415 431 ι
425 383 469 452 32
513 382 619 432 Moru
640 382 804 434 rnornro
823 371 846 397 ⁴‘
863 383 1041 435 auserem
1060 384 1195 436 neuun
1214 385 1406 436 secunus.
1428 361 1448 386 ''

245 543 372 590 arnamar·
399 523 500 586 rnodo
516 523 651 586 hortatu
667 523 726 586 sed
748 521 840 586 iussu
856 523 996 606 dignum
1012 523 1269 590 existimemus:
1295 523 1456 587 videlicet
1472 535 1509 586 ut

239 605 371 710 Jssssffl
398 625 609 704 Patriarchae
624 625 879 708 congressiones
894 626 1036 692 actitent
1050 645 1129 693 cum
1154 626 1334 708 Delegatis
1356 627 1510 710 Apmto

240 722 372 826 ἒζῇζξζξζ
395 729 477 807 licis,
500 729 597 794 binas
622 729 742 794 saltem
767 730 959 812 quotannis,
982 751 1049 812 quo
1076 739 1230 814 ternpore
1259 742 1296 796 et
1322 731 1405 796 loco.
1419 732 1510 796 inter

238 857 292 911 cum
305 841 370 886 nere·
396 838 486 917 ipsos
502 817 702 900 conuenerit.
731 833 784 898 Ea
799 853 861 910 res,
877 834 934 897 ubi
950 834 1012 897 rite
1032 835 1078 898 sit
1099 844 1188 910 acta,
1203 833 1280 916 plus
1307 854 1412 917 quam
1437 836 1507 898 dici

213 909 288 962 Μ’
396 938 503 1022 possit
524 938 692 1003 devinciet
714 937 952 1002 benevolentia
966 937 1109 1013 animos,
1124 938 1284 1022 viamque
1306 939 1438 1004 muniet
1463 943 1507 1003 ad

266 1108 371 1154 qum
396 1042 598 1126 persimilem
624 1041 748 1124 agendi
772 1049 933 1108 tenorem.
949 1079 994 1091 -
1011 1042 1063 1106 lta
1087 1041 1123 1106 iu
1148 1042 1301 1109 Domino
1316 1046 1508 1125 congressis

217 1154 371 1222 sunrinillis
396 1147 541 1229 primum
558 1145 622 1212 erit
636 1146 825 1228 provincias
851 1145 914 1209 sibi
930 1146 1076 1212 creditas
1097 1147 1286 1229 generatim
1303 1149 1509 1229 prospicere,

230 1230 271 1320 ⁶:1³5
281 1227 370 1318 [(Ῐῖῗῖ
394 1261 428 1314 et
444 1251 655 1314 considerare
667 1269 735 1332 quo
745 1259 837 1314 statu
853 1251 897 1313 sit
912 1259 1016 1333 atque
1026 1251 1155 1316 bonore
1170 1249 1205 1314 in
1220 1250 1288 1316 illis
1300 1251 1433 1334 religio,
1446 1255 1505 1333 qui

214 1333 368 1453 mm*
393 1373 589 1437 progressus
613 1355 699 1418 inter
714 1353 900 1418 catholicos
922 1353 1013 1432 iacti,
1028 1373 1196 1436 quaenam
1214 1355 1367 1438 ipsorum
1394 1356 1507 1420 maxi·

393 1477 513 1542 meque
525 1457 605 1523 cleri
615 1458 942 1540 ergadissentientes
954 1459 1077 1535 studia,
1085 1478 1257 1542 quaenam
1272 1460 1307 1525 in
1322 1460 1377 1522 his
1387 1460 1505 1522 volun-

391 1574 443 1628 tas
470 1562 690 1644 requirendae
706 1561 856 1636 unitatis,
870 1562 1004 1644 aliaque
1019 1563 1062 1626 ad
1089 1564 1367 1645 cognoscendum
1383 1583 1503 1646 perop

392 1675 544 1748 portuna
570 1666 708 1732 Exinde
732 1685 768 1730 se
792 1667 923 1731 dabunt
938 1686 990 1730 res
1014 1667 1170 1749 propriae
1184 1678 1220 1730 et
1243 1667 1443 1748 peculiares,
1470 1669 1501 1730 in

391 1771 513 1854 quibus
536 1768 795 1834 deliberantium
819 1770 1001 1852 prudentia
1023 1789 1171 1853 ususque
1200 1771 1363 1839 elaboret.
1385 1772 1503 1854 Atque

392 1875 626 1956 episcoporum
658 1873 914 1955 provincialium
946 1894 1092 1952 caussas,
1106 1876 1136 1938 si
1150 1895 1238 1958 quae
1268 1876 1346 1951 sint,
1376 1875 1501 1950 licebit,

391 1989 546 2044 accurate
562 1998 741 2060 expensas,
751 1999 796 2041 ex
806 1999 917 2060 aequo
931 1989 967 2042 et
982 1979 1074 2042 bono
1088 1998 1293 2060 componere
1306 1980 1374 2057 ;eis
1386 1990 1499 2049 tamen

391 2083 493 2147 salvis
509 2094 610 2164 atque
626 2083 767 2166 integris
783 2102 870 2164 quae
880 2083 960 2146 iuris
969 2093 1049 2148 sunt
1059 2085 1145 2146 sacri
1162 2083 1303 2148 Consilii
1319 2083 1503 2148 christiano

392 2188 520 2254 nomini
538 2187 768 2269 propagando.
784 2185 873 2250 Tum
900 2206 981 2250 vero
1005 2187 1049 2250 de
1073 2199 1164 2252 recta
1181 2186 1333 2252 fidelium
1358 2188 1504 2256 admini-

391 2293 608 2370 stratione,de
624 2291 703 2354 cleri
712 2291 948 2374 disciplina,de
960 2291 1201 2355 monachorum
1214 2292 1267 2356 vel
1284 2292 1501 2376 aliispiorum

392 2397 564 2473 institutis,
594 2396 636 2458 de
668 2395 866 2460 missionum
894 2394 1161 2473 necessitatibus,
1182 2397 1227 2458 de
1252 2396 1368 2460 cultus
1398 2397 1501 2460 divini

391 2503 520 2576 decore,
544 2501 587 2565 de
611 2500 833 2581 cognatisque
858 2509 977 2580 agetur
1000 2500 1109 2576 rebus,
1132 2519 1221 2582 quae
1240 2501 1500 2582 diligentissime

392 2605 651 2686 cautissimeque
668 2613 746 2668 sunt
763 2602 993 2685 reputandae:
1018 2603 1119 2666 certis
1133 2613 1248 2668 autem
1263 2614 1297 2667 et
1313 2605 1501 2670 communi-

393 2709 465 2786 bus,
479 2709 590 2791 quoad
606 2707 674 2772 fieri
692 2708 808 2791 possit,
819 2707 1005 2772 rationibus
1016 2708 1262 2789 providendum
1275 2717 1329 2770 est
1339 2717 1381 2771 ut
1389 2709 1502 2791 religio

394 2812 561 2878 catholica
576 2821 611 2876 et
635 2821 750 2894 partos
766 2811 894 2874 fructus
918 2819 1095 2875 conservet
1110 2820 1145 2874 et
1169 2811 1278 2877 multo
1304 2813 1423 2894 capiat
1436 2833 1501 2876 am·

250 2952 370 2994 mmm.
396 2916 637 2999 pliores.N0bis
647 2917 711 2979 tria
722 2915 872 2979 maxime
881 2916 1140 2980 accommodata
1150 2916 1183 2978 in
1196 2916 1347 2984 medium
1357 2916 1502 2999 proferre

219 3009 263 3052 ‘'¹'‘
277 3007 370 3066 ΡΜ·
396 3021 487 3096 libet,
502 3040 560 3084 seu
577 3020 686 3084 verius
703 3039 869 3097 revocare,
883 3039 989 3101 quum
1005 3017 1073 3082 iere
1088 3019 1208 3084 eadem
1225 3018 1308 3082 alias
1334 3041 1395 3101 per
1409 3041 1500 3084 occa·

245 3083 259 3110 u
281 3081 371 3111 curtin-

225 3075 286 3171 iaem
299 3126 368 3170 iuli·
396 3127 524 3190 sionem
535 3124 871 3205 attigerimus—Est
881 3124 1193 3204 primum,op0rtere
1208 3143 1307 3188 curas
1315 3125 1502 3207 exquisitas

218 3191 369 3295 ruminalis
396 3230 428 3291 in
446 3249 487 3292 eo
503 3227 652 3310 impendi
666 3235 703 3290 ut
719 3227 846 3290 alumni
859 3227 943 3290 sacri
956 3228 1084 3291 ordinis
1096 3228 1138 3291 ad
1155 3229 1406 3306 doctrinam,ad
1417 3230 1502 3291 vitae

395 3331 665 3408 sanctimoniam,
681 3331 724 3396 ad
736 3350 906 3394 sacrorum
923 3332 1079 3413 peritiam
1091 3333 1221 3412 optime
1237 3330 1463 3417 informentur
1471 3343 1503 3394 et

395 3435 602 3500 excolantur.
629 3434 773 3499 Collatis
800 3454 879 3497 vero
905 3435 1063 3511 consiliis,
1090 3435 1219 3498 facilius
1245 3425 1338 3529 ce'tte
1365 3435 1506 3520 liquebit

394 3540 682 3623 quemadmodum
699 3537 846 3619 singulis
866 3539 1067 3602 Patriarchis
1083 3559 1145 3602 sua
1164 3539 1234 3604 sint
1259 3540 1367 3620 probe
1381 3541 1505 3603 consti-

395 3656 468 3708 tuta
503 3644 682 3706 seminaria
724 3641 931 3721 clericorum,
961 3644 1154 3725 sensimque
1189 3641 1442 3726 amplificentur
1472 3653 1505 3706 et

394 3750 550 3831 vigeant3
567 3748 613 3810 ita
625 3747 735 3829 plane,
752 3756 789 3809 ut
807 3766 847 3809 ea
862 3747 1000 3810 demum
1013 3746 1141 3810 existat
1156 3747 1389 3829 operariorum
1404 3766 1505 3809 evan-

393 3853 575 3935 gelicorum
586 3850 684 3932 copia
695 3861 727 3912 et
738 3849 1046 3932 praestantia,quae
1057 3852 1157 3913 messi
1168 3848 1314 3913 sufficiat
1323 3869 1505 3932 augescen-

394 3958 429 4035 ti,
445 3975 597 4039 quaeque
615 3955 742 4018 nomini
760 3954 928 4018 catholico
943 3955 1166 4020 reverentiam
1176 3954 1325 4018 adiiciat.
1336 3954 1505 4034 Expetito

394 4059 591 4122 releventui
608 4059 694 4122 bene
719 4057 741 4119 ii
758 4057 871 4119 favere
895 4068 1055 4139 poterunt
1071 4058 1265 4122 sacerdotes
1286 4058 1401 4132 nativi,
1418 4077 1504 4140 quos

397 4163 507 4224 Roma
538 4183 582 4224 ex
607 4161 751 4243 propriis
777 4162 931 4242 gentium
959 4163 1109 4246 collegiis
1134 4161 1250 4226 crebro
1277 4163 1311 4224 in
1338 4161 1504 4224 orientem

396 4265 617 4340 remittit,non
632 4264 724 4328 tenui
736 4283 838 4326 censu
848 4265 974 4345 ingenii
986 4266 1184 4349 virtutisque
1196 4264 1301 4328 animi
1312 4265 1504 4329 instructos

397 4368 449 4428 De
462 4365 526 4427 hoc
542 4368 616 4446 ipso
632 4368 718 4429 bene
740 4367 924 4430 admodum
944 4369 1101 4451 Delegati
1119 4368 1310 4451 Apostolici
1328 4367 1503 4431 merebun-
