3117 4859
347 366 418 437 268
592 386 775 438 Epts'tOLA
803 373 824 403 ⁸⁴
842 386 947 436 anre
974 384 1166 436 vusrauu.
1188 363 1206 389 '¹

343 558 449 620 usque
465 539 638 603 clariorem
654 539 783 619 afferat,
800 560 921 603 munus
944 551 996 603 est
1015 540 1106 620 quod
1124 538 1295 620 proprium
1312 536 1402 601 colat
1418 544 1452 601 et

343 640 473 707 efficiat.
491 643 563 706 lam
592 644 675 708 haec
702 652 872 727 praestare
895 644 1050 707 universa
1082 642 1243 706 Nostrum
1260 642 1376 724 utique
1392 650 1453 715 est,

342 746 463 828 quibus
489 748 718 829 magisterium
744 768 914 811 summum
942 746 975 809 in
1008 746 1169 824 Ecclesia,
1189 764 1349 809 concessu
1378 743 1453 821 Dei,

343 850 585 914 demandatum
602 860 635 915 et
652 853 685 915 in
701 852 803 916 beato
819 850 990 933 Apostolo
1007 850 1107 914 Petro
1122 850 1265 913 dictum:
1284 848 1453 931 Confirma

334 954 468 1032 fratres
481 964 555 1017 tuos
566 978 579 1019 .·
594 954 668 1019 freti
690 965 804 1019 autem
832 956 948 1019 divino
973 954 1111 1018 numine
1142 952 1380 1035 praestitimus,
1412 970 1453 1013 ac

185 1066 318 1130 quodqur-
344 1076 442 1137 porro
466 1060 719 1139 praestabimus,
734 1060 893 1124 donicum
909 1060 998 1124 vitae
1023 1078 1157 1122 usuram
1184 1057 1278 1121 Deus
1302 1056 1453 1137 optimus

168 1132 320 1261 Αζῖζζῗῷᾜ
344 1162 581 1245 maximusque
597 1164 769 1229 concedet.
788 1164 865 1227 Hoc
882 1174 996 1227 tamen
1020 1183 1080 1227 vos
1106 1182 1271 1228 memores
1287 1162 1452 1237 volumus,

167 1264 319 1311 viraseim·
344 1284 386 1328 ne
403 1285 526 1347 magna
551 1267 622 1330 Nos
638 1270 827 1351 amplorum
856 1270 1023 1332 fructuum
1051 1288 1111 1349 spe
1141 1267 1367 1342 deturbemur,
1395 1266 1452 1348 qui

173 1330 318 1456 delmi
344 1384 420 1433 sunt
445 1389 490 1433 ex
519 1372 732 1436 documentis
763 1372 897 1437 Nostris
928 1384 961 1435 et
988 1370 1244 1447 hortationibus,
1272 1368 1452 1451 Episcopis

166 1459 318 1571 tEr'btosecam
345 1492 411 1535 una
426 1492 500 1537 esse
528 1474 712 1541 Nobiscum
740 1478 1016 1553 adlaborandum,
1032 1496 1101 1559 quo
1118 1472 1232 1537 fideles
1256 1474 1401 1537 universi
1419 1482 1453 1536 et

190 1532 304 1588 pampas.
346 1574 516 1641 Pontificis
529 1599 645 1643 vocem
662 1579 858 1657 exaudiant,
868 1590 902 1645 et
918 1597 1005 1663 quae
1020 1578 1197 1643 iubeantur
1213 1579 1334 1654 norint,
1350 1586 1454 1660 atque

343 1699 445 1763 opere
460 1682 598 1765 implere
622 1705 761 1748 nervose
776 1686 992 1749 contendant.
1010 1674 1055 1747 1d'
1077 1683 1161 1761 Nos,
1184 1682 1313 1746 caelum
1345 1681 1453 1765 suspi-

343 1784 478 1861 cientes,
502 1788 605 1850 enixa
634 1809 732 1870 prece
762 1788 982 1871 imploramus
998 1808 1005 1865 ;
1020 1787 1054 1850 id
1071 1788 1162 1870 quod
1180 1786 1321 1849 antehac
1346 1784 1453 1867 perie-

343 1890 462 1968 ceritis,
478 1890 614 1956 meritas
633 1893 834 1956 adhibemus
862 1892 976 1956 laudes
992 1916 1000 1973 ;
1019 1900 1056 1955 ut
1087 1892 1120 1953 in
1152 1899 1323 1972 posterum
1355 1886 1452 1971 perfi-

342 1994 446 2072 ciatis,
455 1995 628 2060 hortamur
641 2000 798 2063 maxime.

209 2126 315 2175 Denuo·
387 2098 438 2164 Ea
454 2101 549 2179 inter,
565 2123 652 2185 quae
668 2104 700 2165 in
717 2103 888 2186 superiore
911 2100 1147 2183 congressione
1173 2107 1284 2161 vestra
1307 2098 1453 2162 sollicite

173 2190 317 2241 “ss‘'''fbm
342 2205 503 2285 agitastis,
516 2207 607 2286 illud,
623 2207 746 2271 dilecte
763 2206 808 2270 fili
826 2208 959 2284 Noster,
975 2226 1036 2268 nec
1048 2204 1210 2266 omissum
1228 2201 1362 2283 penitus
1390 2221 1453 2264 nec

188 2257 218 2303 iu
228 2258 317 2307 scholis

204 2322 317 2401 'patrinus
343 2309 376 2371 in
394 2312 571 2392 postremis
587 2312 739 2376 habitum
757 2322 925 2394 putamus,
940 2310 1030 2392 quod
1048 2310 1090 2372 ad
1107 2308 1238 2371 animos
1256 2305 1451 2369 adolescen-

181 2403 231 2435 rn‘e
244 2398 316 2438 tustr-

218 2454 318 2502 tacendis
344 2414 428 2477 tium
445 2423 574 2495 spectat
586 2416 618 2477 in
633 2415 774 2498 publicis
787 2415 919 2491 scholis,
935 2423 972 2477 ut
984 2412 1166 2477 catholicos
1179 2412 1286 2485 decet,
1297 2410 1451 2481 erudien-

186 2517 316 2578 sollicitus,
344 2516 414 2581 dos.
432 2516 548 2581 Nostis
564 2519 734 2584 enimvero
758 2528 885 2603 quanta
916 2519 989 2582 Nos
1019 2518 1159 2582 caritate
1186 2523 1331 2578 aetatem
1356 2512 1450 2576 illam

198 2586 319 2710 pffl‘}
343 2622 615 2705 complectamur,
624 2634 820 2706 quantoque
835 2622 1018 2686 afficiamur
1029 2631 1101 2686 tum
1115 2618 1230 2683 dolore
1239 2617 1284 2680 ob
1297 2616 1450 2680 assiduas

165 2711 318 2829 d‘jffffi
343 2725 465 2810 quibus
481 2738 618 2808 urgetur
642 2727 790 2805 insidias,
806 2737 878 2791 tum
905 2725 1071 2791 desiderio
1096 2736 1132 2789 ut
1155 2722 1197 2786 ab
1214 2721 1342 2786 insidiis
1358 2722 1450 2785 inco-

167 2858 226 2890 rum
239 2847 316 2892 nran-
344 2832 443 2895 lumis
458 2834 667 2913 expediatur.
683 2833 760 2917 Qua
784 2854 883 2915 super
899 2854 933 2895 re
952 2832 1138 2895 maximam
1155 2831 1304 2912 cepimus
1330 2828 1450 2910 volup-

182 2916 318 3026 fflffiffj
343 2947 448 2999 tatem
465 2937 507 2999 de
523 2936 572 3013 iis,
589 2942 790 3021 quaenuper
806 2936 953 3000 edixisse
970 2936 1133 3009 novimus,
1145 2934 1200 3014 qui
1212 2933 1315 2996 modo
1327 2932 1449 2995 studiis

165 3040 252 3116 edicta.
342 3062 444 3125 penes
460 3039 651 3105 cisleitanos
678 3042 821 3125 populos
845 3041 1059 3105 moderandis
1083 3047 1222 3121 praeest.
1246 3034 1338 3098 Nihil
1367 3056 1450 3099 sane

198 3107 318 3237 lma
341 3146 486 3209 deterius
519 3147 630 3227 reique
662 3148 816 3229 publicae
841 3146 1015 3209 nocentius
1047 3162 1146 3225 quam
1180 3152 1217 3206 ut
1248 3142 1362 3224 opinio
1393 3142 1450 3220 sit,

180 3236 316 3353 ζιᾞξζὲ
342 3248 472 3310 civilem
487 3249 816 3313 interauctoritatem
828 3259 862 3313 et
875 3248 1061 3311 Ecclesiam
1072 3245 1259 3311 necessario
1271 3246 1448 3311 dissidium

165 3376 315 3418 neeman.
342 3372 423 3416 esse.
439 3352 527 3417 Sunt
542 3355 678 3436 quidem
705 3356 837 3435 utrique
854 3352 944 3430 fines,
967 3372 1052 3434 quos
1079 3352 1305 3433 praetergredi
1334 3350 1428 3414 nefas
1441 3373 1449 3429 ;

175 3432 316 3549 Ᾰῖἷξξὲῗν
342 3461 492 3516 terrenae
514 3454 693 3536 fluxaeque
720 3454 887 3517 felicitatis
915 3452 1020 3527 alteri,
1050 3450 1145 3515 alteri
1172 3452 1361 3515 animorum
1388 3472 1448 3515 nec

181 3567 315 3613 auctorita·
343 3575 489 3637 unquam
507 3559 682 3623 desiturae.
700 3559 748 3622 At
767 3559 868 3634 enim,
883 3577 959 3622 cum
978 3556 1162 3637 praesentis
1179 3556 1339 3636 temporis
1355 3574 1447 3638 pros·

164 3632 315 3755 ἆξζζᾏζῇξὺ
341 3660 466 3740 peritas
497 3662 623 3725 iustitia
645 3664 795 3726 maxime
813 3672 845 3726 et
873 3664 1050 3725 honestate
1067 3678 1197 3723 morum
1225 3659 1360 3736 nitatur,
1372 3666 1448 3740 eget

341 3758 447 3821 civilis
477 3771 627 3840 potestas
653 3764 697 3826 ab
724 3764 885 3845 religione
916 3766 1029 3842 iuvari,
1059 3764 1153 3827 cuius
1184 3773 1235 3827 est
1262 3774 1447 3845 temperare

341 3849 473 3925 animos
495 3874 528 3926 et
544 3867 587 3929 ad
603 3887 738 3930 omnem
766 3870 923 3932 virtutem
951 3864 1127 3943 excolere;
1148 3862 1295 3927 vicissim
1323 3862 1447 3945 religio,

341 3971 378 4023 ut
393 3981 480 4043 quae
507 3983 572 4025 non
600 3967 673 4027 unis
700 3968 820 4030 animis
851 3969 1001 4050 imperet,
1031 3972 1089 4034 sed
1121 3969 1312 4035 hominibus
1343 3970 1447 4051 iisque

341 4066 536 4130 societatem
550 4070 636 4132 inter
651 4090 687 4133 se
702 4074 910 4151 coeuntibus,
925 4076 969 4137 ab
984 4075 1072 4137 civili
1097 4076 1259 4157 regimine
1282 4074 1389 4138 amice
1411 4081 1447 4137 ut

213 4196 316 4256 „pm
341 4169 559 4234 subveniatur
573 4174 731 4255 postulat.
750 4176 841 4239 ilinc
858 4176 993 4243 Statum
1011 4188 1044 4242 et
1061 4179 1248 4242 Ecclesiam
1273 4179 1316 4242 ab
1341 4179 1445 4241 altero

179 4265 315 4325 utramque
342 4276 547 4356 separandos
562 4279 777 4342 contenditur
793 4302 965 4364 perperam
975 4307 983 4365 ;
994 4284 1051 4347 sed
1069 4284 1143 4347 illos
1161 4292 1278 4347 mutuo
1288 4281 1445 4364 coniungi

162 4326 317 4453 lelllledlle
343 4374 475 4442 loedere
491 4401 626 4445 necesse
642 4394 704 4447 est.
721 4382 822 4464 Quod
839 4384 975 4468 quidem
993 4388 1020 4449 si
1036 4388 1069 4450 in
1083 4388 1210 4464 ceteris,
1223 4396 1258 4450 at
1283 4389 1314 4451 in
1331 4389 1444 4450 iuven·
