3117 4859
345 350 418 439 326
696 362 820 412 runrx
848 360 1101 413 xnxrvrrcus

379 516 678 570 aomar-octium
688 516 733 567 ad
742 515 818 566 SR.
830 516 866 567 E.
882 516 1081 569 cardinales.
1091 512 1165 562 -ll
1176 512 1260 564 lulll
1270 510 1358 561 1892.

1317 610 1333 647 a
1353 632 1361 647 .

379 685 564 741 Inimicorum
579 684 686 739 Christi
699 692 728 738 et
742 682 892 738 Ecclesiae
901 682 1051 738 audaciam
1064 689 1241 738 crescentem
1252 678 1280 733 in
1294 608 1356 732 diegs
1366 590 1449 748 eprg-

340 772 384 829 nit
407 773 538 829 Pontifex
548 773 592 840 98.
615 802 650 811 -
670 771 786 829 Christo
811 780 907 826 tamen
928 770 1054 839 confidit,
1075 779 1104 825 et
1124 768 1253 823 hortatur
1279 766 1395 821 Fideles
1419 776 1449 820 ut

341 859 479 916 audaciae
504 860 685 915 inimicorum
709 858 842 913 virtutem
867 868 1014 928 opponant
1039 856 1214 927 impavidam
1239 856 1283 923 98.
1305 882 1340 893 —
1366 854 1450 909 Sedis

342 947 526 1017 Apostolicae
535 947 600 1015 jura
612 947 723 1015 integra
735 945 861 1001 vindicat
874 946 966 1014 98-99.

376 1061 425 1112 21.
456 1064 666 1115 EPISTOLA
691 1062 735 1113 ad
763 1062 942 1124 Eplsoopos
968 1060 1159 1124 Hispanlae,
1189 1060 1306 1109 Italiae
1331 1063 1364 1109 ot

342 1151 517 1213 utriusque
530 1153 703 1202 Amertoae
716 1152 756 1201 do
781 1150 1009 1201 saecularibus
1025 1150 1118 1201 tostis
1137 1146 1364 1210 christophori

342 1237 553 1300 columbl.-
576 1239 613 1290 16
633 1240 718 1290 runt
741 1238 831 1289 1892.
1297 1248 1362 1302 pag.
1403 1246 1452 1285 roo

333 1387 335 1390 -
379 1354 524 1410 Laudibus
536 1355 644 1410 extollit
658 1354 789 1409 Pontifex
803 1354 1040 1422 christophorum
1054 1352 1226 1409 Columbum
1247 1362 1275 1406 et
1293 1368 1366 1420 opus
1386 1350 1450 1405 iusi-

272 1487 276 1502 .
342 1458 399 1513 gne
411 1445 449 1497 ab
467 1459 502 1498 eo
515 1453 661 1513 peractum
675 1457 733 1497 roo.
747 1470 782 1481 -
798 1440 854 1513 Qui
869 1458 954 1513 quarn
968 1443 1041 1497 bene
1054 1440 1090 1496 sit
1103 1442 1141 1497 de
1153 1442 1231 1495 cultu
1244 1440 1372 1494 humano
1384 1447 1412 1493 et
1422 1455 1450 1492 re

343 1529 475 1600 religiosa
488 1530 615 1595 meritus,
628 1531 769 1601 posterior
777 1539 889 1584 tautum
902 1538 982 1584 aetas
996 1527 1130 1598 cognovit
1151 1542 1209 1583 rou.
1223 1556 1258 1567 -
1271 1528 1450 1583 Praeclarum

342 1618 419 1673 huuc
431 1617 522 1673 virum
541 1629 569 1674 et
582 1620 620 1672 ab
634 1617 768 1674 Ecclesia
780 1618 918 1672 celebrari
938 1617 1028 1683 decet,
1041 1633 1115 1688 quae
1128 1616 1194 1671 licet
1208 1615 1349 1669 maximos
1362 1616 1450 1669 hono·

342 1722 388 1760 res
401 1716 527 1760 reservet
540 1704 665 1772 Sanctis,
677 1714 774 1761 tamen
788 1715 816 1759 et
840 1704 905 1759 illos
925 1702 1002 1758 viros
1024 1704 1121 1773 magni
1140 1704 1272 1759 aestimat
1285 1704 1334 1773 qui
1353 1719 1373 1758 a
1392 1704 1452 1756 Deo

342 1792 446 1862 insigni
464 1794 579 1862 ingenio
599 1793 707 1861 donati,
721 1793 841 1847 multum
864 1792 939 1847 civili
959 1793 1108 1847 hominum
1130 1790 1323 1860 conjunctioni
1343 1791 1451 1861 profue·

343 1890 406 1936 runt
419 1894 542 1935 roo-101.
556 1879 748 1949 -Singulari
761 1880 871 1935 honore
885 1879 1016 1934 Ecclesia
1031 1879 1202 1933 Columbum
1215 1879 1334 1933 decorat
1355 1886 1452 1947 utpote

342 1967 441 2036 filium,
453 1984 538 2038 quern
549 1984 601 2022 sua
617 1967 702 2022 Fides
716 1967 868 2037 praecipue
882 1969 971 2021 movit
984 1968 1021 2021 ad
1035 1983 1125 2022 novas
1137 1977 1229 2022 terras
1242 1966 1452 2036 conquirendas

345 2070 451 2110 ron-
472 2055 610 2110 Nonnulli
633 2055 718 2110 laude
740 2054 858 2126 quidem
881 2054 970 2125 digni,
993 2054 1106 2124 ignotas
1131 2054 1327 2125 exquisierunt
1354 2064 1452 2119 terras,

341 2143 476 2197 humanis
489 2142 647 2197 rationibus
659 2143 738 2197 ducti
755 2157 813 2198 101.
824 2171 858 2181 -
873 2143 906 2197 In
919 2143 1060 2198 Columbo
1075 2160 1141 2197 vero
1153 2143 1295 2198 rationem
1308 2142 1452 2211 religionis

342 2232 427 2301 longe
440 2248 508 2301 prae
521 2232 624 2287 ceteris
636 2230 760 2287 valuisse
774 2241 886 2288 constat
903 2247 1027 2287 ror-roz.
1040 2262 1076 2273 -
1090 2232 1198 2287 Studiis
1211 2232 1316 2302 quippe
1336 2243 1452 2287 naturae

343 2334 430 2388 quum
450 2317 638 2388 comperisset
660 2318 759 2388 ignota
780 2319 874 2389 spatia
895 2319 925 2373 in
946 2319 1126 2374 occidentem
1148 2330 1254 2388 patere,
1277 2318 1363 2374 altius
1387 2318 1452 2373 inde

343 2418 439 2461 mente
459 2407 622 2477 assurrexit,
635 2408 793 2479 dolensque
807 2408 951 2475 ingentem
964 2409 1113 2463 hominum
1127 2408 1340 2462 multitudinem
1354 2408 1452 2462 sedere

343 2494 372 2549 in
385 2494 486 2549 umbra
498 2494 607 2561 mortis,
621 2495 743 2565 primum
763 2495 892 2549 omnium
914 2495 1049 2565 expetivit
1072 2495 1258 2551 christianum
1278 2495 1346 2549 illuc
1359 2508 1451 2551 exten-

342 2582 414 2637 dere
425 2598 531 2636 nomen
547 2597 605 2637 roz.
620 2612 655 2621 -
669 2582 735 2636 Hoc
747 2582 850 2651 probat
861 2580 993 2635 Pontifex
1007 2582 1099 2637 allatis
1113 2582 1207 2636 verbis
1221 2582 1310 2651 ipsius
1322 2578 1450 2635 Columbi

345 2678 433 2739 atque
459 2670 600 2725 isabellae
619 2669 744 2739 reginae,
757 2680 785 2724 et
810 2668 948 2739 expositis
967 2669 1006 2724 rei
1026 2669 1217 2739 perficiendae
1241 2668 1451 2739 impedimentis

345 2756 502 2813 innumeris
528 2760 620 2813 abeo
642 2759 705 2812 solo
727 2757 899 2827 superandis
923 2775 1008 2829 quem
1035 2757 1122 2812 Fides
1147 2756 1259 2813 roboret
1277 2771 1402 2825 roz-103.
1420 2784 1452 2795 -

346 2845 428 2900 Idem
441 2848 606 2901 memoratis
619 2857 780 2916 temporum
803 2846 945 2914 adjunctis
964 2846 1133 2901 confirmat:
1156 2846 1289 2901 Ecclesia
1305 2844 1383 2900 enim
1405 2842 1452 2899 mi-

345 2926 460 2981 nuenda
481 2926 510 2979 in
535 2927 650 2996 Europa
673 2942 723 2995 per
746 2924 951 2981 Lutherianam
971 2925 1122 2993 haeresim,
1142 2923 1170 2979 in
1191 2942 1281 2980 novas
1304 2925 1453 2979 Americae

345 3021 446 3081 gentes
458 3023 577 3067 extensa
589 3021 642 3080 est,
655 3011 824 3081 providente
838 3012 902 3066 Deo
919 3026 977 3079 103.
990 3040 1026 3052 -·
1039 3012 1195 3066 Columbus
1207 3012 1262 3066 Dei
1275 3011 1363 3066 ductu
1377 3026 1452 3081 prae·

346 3099 407 3160 ivit,
421 3099 482 3154 vias
496 3100 655 3168 Evangelio
668 3096 828 3153 muniturus
845 3114 968 3175 103·¹⁰45
985 3129 1021 3139 -
1039 3101 1104 3155 Hoc
1124 3098 1150 3154 ei
1171 3100 1346 3169 propositum
1369 3100 1452 3155 luisse

346 3197 468 3243 testatur
479 3188 567 3243 etiarn
580 3187 714 3256 religiosa
726 3187 829 3241 domus
843 3186 889 3241 ubi
904 3187 940 3240 de
950 3186 1050 3255 grandi
1063 3185 1183 3241 consilio
1197 3188 1350 3241 meditatus
1362 3197 1414 3254 est,
1426 3196 1452 3240 et

346 3275 408 3343 ejus
421 3275 450 3328 in
464 3283 523 3328 toto
537 3273 638 3329 itinere
652 3271 773 3342 insignis
786 3271 878 3343 pietas
895 3288 951 3339 104
963 3300 998 3310 -
1012 3272 1095 3327 lllum
1108 3272 1215 3327 laudari
1229 3272 1312 3327 decet
1325 3275 1362 3327 ob
1376 3273 1453 3326 innu-

347 3378 427 3417 mera
440 3360 578 3416 beneficia
591 3378 666 3432 quae
678 3360 786 3414 mundo
807 3361 927 3415 contulit
939 3380 947 3426 ;
959 3376 1089 3414 summae
1106 3378 1172 3415 vero
1193 3360 1292 3415 laudes
1311 3370 1377 3415 sunt
1394 3361 1453 3413 Deo

347 3447 523 3517 tribuendae,
533 3448 578 3504 cui
592 3450 659 3504 novi
672 3449 804 3503 inventor
816 3447 893 3503 orbis
907 3450 1002 3503 sciens
1016 3448 1162 3503 inservivit
1180 3463 1236 3515 104
1251 3477 1286 3487 -
1299 3449 1333 3502 ln
1353 3447 1452 3517 gratia·

346 3552 410 3590 rum
423 3537 567 3591 actionem
579 3535 678 3592 indicit
699 3536 828 3592 Pontifex
847 3537 968 3592 Missam
989 3540 1025 3592 de
1040 3538 1085 3593 Ss.
1109 3537 1290 3593 Trinitatem
1307 3535 1451 3607 Hispania,

350 3623 441 3692 ltalia,
454 3633 482 3678 et
501 3633 620 3694 utraque
641 3626 775 3680 America
795 3624 1006 3694 celebrandam,
1020 3626 1153 3696 idemque
1172 3627 1274 3681 suadet
1292 3627 1368 3697 apud
1380 3633 1450 3679 cete·

347 3726 395 3764 ras
408 3711 494 3765 etiam
510 3712 641 3766 nationes
655 3713 850 3782 peragendum
864 3725 921 3781 105.
1201 3692 1210 3707 ³

385 3834 436 3883 22.
459 3836 667 3886 EPISTOLA
691 3836 934 3888 ENCYCLICA
957 3840 997 3889 do
1014 3841 1150 3890 Rosarlo
1170 3840 1312 3891 Mariall.
1334 3862 1367 3875 -

349 3924 621 3984 esept.1892....
1301 3940 1364 3994 pag.
1404 3919 1450 3975 106

387 4054 475 4108 Suam
497 4072 516 4109 a
532 4054 638 4110 teneris
658 4058 741 4112 anuis
761 4075 830 4128 erga
842 4062 1019 4128 praeclaram
1034 4062 1160 4115 Matrem
1176 4060 1229 4115 Dei
1244 4060 1387 4129 pietatem,
1399 4056 1448 4109 lar-

350 4142 524 4214 gissimaque
537 4143 574 4197 ab
591 4160 626 4198 ea
645 4155 764 4215 accepta
786 4146 934 4214 beneficia,
947 4148 1072 4203 suaviter
1092 4149 1190 4203 recolit
1214 4147 1350 4215 Pontifex,
1368 4153 1449 4213 atque

350 4239 470 4285 testatur
482 4248 514 4285 se
526 4240 586 4285 toto
602 4230 678 4287 vitae
691 4249 759 4287 suae
772 4232 902 4303 decursu,
922 4236 1046 4290 maxime
1065 4252 1132 4292 vero
1145 4235 1173 4290 in
1187 4252 1320 4306 supremo
1332 4236 1447 4302 Aposto-

350 4319 410 4373 latu
431 4318 521 4389 ipsius
540 4320 725 4388 deprecatum
748 4338 841 4392 opem,
852 4339 997 4394 nunquam
1020 4340 1070 4395 spe
1092 4342 1145 4380 sua
1166 4326 1252 4379 luisse
1269 4324 1447 4378 frustratum:
