3117 4859
408 371 451 440 18
680 389 863 442 semrom
889 377 914 404 ‘⁴
933 389 1169 454 nonmuoun.
1190 366 1210 394 ''

242 553 377 604 martra-
403 538 446 601 ad
464 537 692 602 maturitatem
716 545 785 600 tam
813 536 964 600 celeriter
980 546 1082 618 atque
1097 537 1258 617 expedite
1275 547 1496 617 perventuram

223 627 376 735 ,mm
404 642 514 720 fuisse,
529 641 557 704 si
572 641 780 723 vosmetipsi,
796 660 883 723 quae
898 641 1067 723 sapienter
1082 641 1126 704 ad
1143 641 1364 706 Baltimoram
1386 649 1499 702 statue

403 746 493 823 ratis,
508 765 548 810 ea
572 766 641 809 non
666 747 785 811 scdulo
808 756 844 810 et
869 745 1012 810 fideliter
1038 745 1190 829 exsequi,
1206 755 1371 828 quantum
1394 745 1424 807 in
1446 761 1501 806 sua

402 852 544 935 quisque
560 859 731 933 potestate
746 858 828 928 erat,
842 849 1065 916 studuissetis.

232 983 376 1048 Fasrqrtum
456 956 585 1021 Verum
601 955 757 1020 absoluto
775 955 1012 1020 Baltimorensi
1035 956 1188 1033 concilio,
1204 956 1333 1039 reliqua
1349 962 1501 1040 parserat

224 1049 376 1180 32⁵⁸ssss
403 1068 440 1125 ut
465 1080 654 1143 congruens
681 1070 714 1125 et
738 1062 942 1124 conveniens
968 1063 1064 1145 quasi
1090 1063 1264 1148 fastigium
1282 1064 1502 1144 imponeretur

248 1181 376 1256 sutrngu-
402 1163 494 1245 operi
510 1165 624 1245 :quod
650 1163 822 1246 impetrari
849 1167 994 1231 vidimus
1010 1169 1069 1232 vix
1095 1191 1195 1252 posse
1211 1171 1343 1248 melius,
1355 1185 1455 1252 quam
1477 1160 1500 1222 si

257 1255 375 1376 am?
401 1266 603 1349 Apostolica
616 1268 722 1333 Sedes
733 1268 937 1351 legationem
947 1274 1174 1340 americanam
1185 1277 1250 1339 rite
1258 1271 1483 1339 constituisset
1496 1289 1502 1328 :

223 1377 377 1506 Ζῖἑὲἰκᾳεῗα
401 1390 476 1434 eam
504 1373 627 1454 itaque,
643 1384 680 1437 ut
705 1377 822 1453 nostis,
836 1376 899 1441 rite
924 1380 1170 1445 constituimus.
1187 1381 1304 1462 Atque
1327 1377 1392 1442 hoc
1412 1377 1503 1441 iacto.

223 1508 377 1557 Anamcain
401 1478 691 1557 quemadmodum
718 1480 801 1544 alias
831 1481 1019 1561 docuimus,
1044 1486 1191 1564 primum
1218 1484 1357 1568 quidem
1395 1479 1501 1546 testari

221 1573 371 1636 eodemsare
402 1579 572 1663 placuit,in
589 1582 713 1647 iudicio
723 1585 1026 1671 benevolentiaque
1035 1588 1163 1653 Nostra
1174 1590 1294 1652 eodem
1312 1588 1499 1652 American

245 1653 274 1686 ac
284 1645 376 1687 ceterae

262 1704 375 1781 cavitates
402 1686 476 1749 loco
492 1698 525 1750 et
541 1687 612 1750 iure
627 1708 782 1772 esse,quo
793 1701 925 1755 ceterae
940 1704 1028 1770 sunt,
1038 1694 1234 1776 praesertim
1252 1713 1396 1774 magnae
1407 1700 1500 1773 atquc

217 1776 375 1884 mmm
401 1793 609 1874 imperiosae,
627 1793 791 1861 civitates.
811 1797 946 1862 Deinde
963 1799 1044 1864 illud
1061 1818 1197 1883 quoque
1212 1799 1452 1881 spectavimus,
1471 1802 1501 1855 ut

277 1900 373 2014 ξτὲῒ
400 1895 585 1960 officiorum
602 1908 635 1962 et
660 1901 957 1983 necessitudinum,
972 1923 1059 1986 quae
1078 1925 1148 1980 vos,
1162 1924 1251 1987 quae
1267 1912 1320 1967 tot
1335 1902 1499 1964 hominum

220 1980 374 2080 imanis?
401 2000 505 2063 millia
520 2002 761 2068 catholicorum
778 2025 856 2070 cum
872 2007 1072 2088 Apostolica
1088 2007 1178 2074 Sede
1194 2009 1379 2083 continent,
1392 2003 1500 2068 fierent

255 2120 296 2168 Ab
312 2120 372 2196 ulre-
399 2105 631 2170 coniunctiora
657 2127 754 2173 nexa.
772 2111 905 2174 Revera
931 2111 1114 2176 multitudo
1129 2112 1372 2176 catholicorum
1397 2123 1501 2172 rema

251 2191 374 2314 mm}
401 2207 509 2272 Nobis
532 2221 703 2291 peractam
719 2212 899 2292 intellexit,
915 2235 1015 2298 quam
1033 2216 1119 2280 sicut
1135 2217 1237 2279 saluti
1264 2215 1328 2279 sibi
1344 2213 1502 2276 sentiebat

243 2331 372 2430 compe-
400 2311 477 2390 fore,
493 2314 541 2376 ita
556 2323 728 2396 praeterea
744 2318 778 2381 in
793 2338 885 2383 more
901 2321 1048 2398 positam
1066 2319 1290 2401 institutoque
1307 2317 1408 2382 Sedis
1419 2317 1502 2398 Apu

222 2388 372 2495 „,2⁸,‘,2·⁸‘}›„‘,']
398 2415 537 2479 stolicae
562 2428 775 2500 cognoverat.
792 2421 962 2489 Videlicet
989 2425 1119 2486 romani
1149 2422 1341 2499 Pontifices,
1362 2420 1411 2484 ob
1427 2420 1502 2482 hanc

221 2511 307 2626 Ἥ
323 2528 373 2626 :2
398 2539 550 2584 caussam
582 2524 671 2625 quod
704 2526 749 2587 rei
781 2525 984 2591 christianae
1021 2527 1310 2591 administrandae
1349 2523 1502 2588 divinitus

219 2593 372 2706 suodcgsans
397 2630 515 2687 tenent
538 2627 774 2707 principatum,
790 2650 869 2693 suos
896 2651 1034 2713 peregre
1050 2631 1183 2713 legatos
1200 2631 1244 2694 ad
1267 2639 1387 2712 gentes
1408 2645 1503 2712 popu·

219 2707 371 2822 cmm
397 2725 514 2809 losque
529 2730 729 2795 christianos
747 2733 880 2797 mittere
889 2735 941 2797 vel
959 2737 1003 2797 ab
1018 2734 1137 2798 ultima
1149 2735 1354 2816 antiquitate
1370 2749 1501 2798 consue·

220 2838 325 2887 atterere.
397 2843 524 2897 verunt.
542 2833 582 2896 ld
598 2844 712 2898 autem
729 2856 797 2899 non
814 2838 1026 2902 extrinsecus
1043 2838 1210 2921 quaesito,
1225 2838 1285 2901 sed
1304 2837 1425 2900 nativo
1440 2837 1501 2897 iure

396 2952 467 3010 suo,
482 2937 561 3018 quia
576 2939 762 3002 “romanus
779 2940 950 3018 Pontifex,
966 2940 1018 3005 cui
1031 2940 1176 3005 contulit
1192 2938 1346 3005 Christus
1360 2946 1499 3021 potesta·

394 3042 492 3103 “tem
508 3041 712 3105 ordinariam
730 3054 763 3107 et
779 3044 1012 3110 immediatam
1031 3047 1101 3109 sive
1117 3048 1149 3109 in
1166 3065 1286 3108 omnes
1302 3064 1341 3107 ac
1359 3041 1500 3126 singulas

393 3145 409 3173 “
420 3143 599 3221 Ecclesias‚
616 3146 685 3209 sive
702 3147 735 3208 in
751 3167 871 3214 omnes
887 3161 921 3215 et
937 3151 1089 3231 singulos
1110 3150 1267 3212 Pastores
1283 3158 1317 3212 et
1329 3147 1445 3212 fideles
1454 3141 1498 3226 (¹),

392 3252 408 3278 “
421 3268 497 3311 cum
515 3249 735 3331 personaliter
751 3253 900 3336 singulas
916 3255 1070 3336 regiones
1084 3254 1221 3327 circuire
1238 3273 1305 3316 non
1324 3254 1497 3334 possit,nec

392 3356 410 3384 ‘⁸'
423 3354 511 3416 circa
527 3374 663 3436 gregem
680 3353 743 3417 sibi
756 3357 923 3421 creditum
942 3377 1056 3420 curam
1072 3357 1253 3438 pastoralis
1270 3351 1498 3419 sollicitudinis

392 3457 408 3485 “
424 3476 591 3534 exercere,
608 3477 743 3523 necesse
759 3459 861 3524 habet
872 3461 1041 3525 interdum
1058 3482 1097 3524 ex
1107 3460 1211 3524 debito
1227 3453 1498 3541 impositaeservi·

392 3560 509 3638 “tutis,
530 3581 608 3626 suos
633 3566 676 3628 ad
702 3565 852 3628 diversas
878 3566 995 3629 mundi
1021 3576 1146 3647 partes,
1163 3575 1263 3647 prout
1289 3565 1499 3628 necessitates

391 3666 408 3694 “
420 3668 625 3744 emerserint,
656 3669 826 3732 destinare
855 3669 999 3752 legatos,
1030 3671 1087 3750 qui
1118 3670 1201 3733 vim
1229 3675 1300 3734 eius
1325 3663 1498 3751 supplendo,

391 3773 527 3832 “errata
544 3773 721 3854 corrigant,
737 3792 857 3856 aspera
873 3773 906 3836 in
925 3773 1026 3855 plana
1041 3783 1244 3838 convertant
1259 3783 1295 3835 et
1317 3769 1498 3836 commissis

391 3873 480 3935 “sibi
497 3875 630 3955 populis
643 3877 761 3941 salutis
778 3877 985 3941 incrementa
1002 3877 1192 3941 ministrent
1207 3875 1288 3959 (²).'’

213 4044 225 4091 l
272 3979 364 4094 slsiqlstiq
437 3973 500 4038 Illa
523 3998 729 4061 veroquam
755 3980 945 4045 iniustaet
972 3981 1056 4046 falsa
1081 3981 1239 4063 suspicio,
1270 3979 1297 4042 si
1325 4000 1394 4062 qua
1420 3977 1496 4041 soret

211 4052 325 4158 §522¹ss
335 4048 369 4159 ἐξ
392 4080 531 4162 uspiam,
548 4083 790 4148 demandatam
808 4085 942 4166 Legato
959 4094 1162 4166 potestatem
1186 4084 1347 4168 potestati
1370 4081 1495 4146 officere

235 4173 363 4239 Episcopo·
391 4183 635 4264 cpiscoporum.
654 4186 780 4250 Sancta
795 4187 917 4264 Nobis,
930 4197 968 4250 ut
978 4188 1060 4251 nulli
1077 4189 1196 4270 magis,
1208 4207 1323 4251 corum
1335 4187 1405 4248 iura
1414 4190 1494 4254 sunt,

421 4303 529 4381 nmConc.
544 4335 609 4389 Vat..
620 4337 682 4383 Sese
698 4349 730 4391 1v,
743 4353 763 4384 c.
775 4352 797 4396 3.

419 4415 439 4445 2.
454 4402 514 4460 Cap.
524 4417 566 4448 un.
582 4403 709 4463 Extravag.
719 4406 816 4451 Comm.
830 4405 867 4451 De
880 4407 986 4453 Consuet.
1002 4409 1015 4453 l.
1031 4423 1051 4454 1.
