3117 4859
378 345 400 413 4
554 345 737 397 nnrsroun
764 335 786 362 ·‘
805 346 917 397 nosci
944 346 1021 410 Qun
1049 346 1272 399 rsunonnu.
1293 325 1311 353 ¹'

202 525 218 557 a
226 509 326 588 poponis
378 496 478 577 igitur
494 496 656 560 habentes
673 517 741 580 quo
758 496 834 560 lidei
851 497 970 560 ardore
986 515 1024 559 ac
1041 497 1175 578 pietatis
1191 498 1352 563 Brasiliae
1363 493 1456 582 populi

202 575 340 626 Brasstaae.
378 599 535 679 seruntur,
566 601 739 665 hortamur
769 611 812 677 te,
838 600 1049 666 Venerabilis
1080 601 1205 681 Frater,
1235 612 1272 667 ut
1301 601 1458 676 consilium

378 703 539 768 Nostrum
565 705 731 782 adiuvare,
757 713 921 788 qnantum
947 704 979 768 in
1007 711 1042 768 te
1066 713 1126 784 est,
1142 705 1231 771 velis.
1247 705 1417 772 Contende
1429 711 1459 766 ut

376 807 489 872 fideles
513 809 572 873 tibi
590 803 760 874 co'mmissi
777 809 908 892 penitus
924 808 1116 890 intelligant
1131 829 1232 894 quam
1248 812 1375 894 grande
1388 828 1459 891 opus

373 923 502 995 agatur,
517 915 676 1000 omnique
693 914 745 978 lac
761 913 875 977 studio
890 913 1042 990 suadeas,
1058 923 1095 978 ut
1110 934 1217 997 aeque
1233 918 1418 996 precatione
1430 930 1461 975 ac

374 1018 572 1083 liberalitate
594 1020 779 1083 Nobiscum
802 1017 958 1082 insistant
978 1019 1022 1080 ad
1044 1038 1113 1082 rem
1136 1018 1274 1083 feliciter
1295 1020 1461 1103 provehen-

374 1119 461 1184 dam.
488 1120 656 1205 Optamus
672 1121 804 1199 idcirco‚
820 1130 951 1205 praeter
966 1119 1124 1186 collectas
1138 1141 1225 1205 quae
1244 1123 1319 1188 istic
1336 1126 1368 1188 in
1384 1139 1462 1186 more

374 1225 441 1288 sint
451 1225 589 1307 positae,
605 1237 641 1289 ut
657 1226 742 1290 aliae
758 1235 856 1289 extra
871 1225 1022 1290 ordinem
1039 1225 1101 1290 hac
1118 1229 1160 1290 de
1176 1247 1294 1291 caussa
1310 1249 1331 1291 a
1347 1239 1379 1294 te
1390 1224 1461 1289 indi-

373 1341 500 1408 cantur,
523 1330 620 1395 statis
646 1331 783 1414 quidem
811 1331 928 1394 diebus
955 1339 989 1394 et
1016 1331 1048 1393 in
1077 1331 1238 1397 universis
1262 1330 1462 1397 Dioecesium

374 1436 480 1501 curiis.
497 1436 585 1500 Tum
603 1455 689 1519 quae
706 1457 726 1499 a
742 1433 897 1498 fidelibus
912 1446 1090 1517 erogentur
1106 1439 1277 1518 pecuniae,
1289 1459 1347 1504 eas
1358 1436 1462 1514 Curio-

373 1561 432 1606 nes
459 1541 519 1606 tibi
536 1541 677 1605 afferant
693 1564 700 1621 ;
717 1553 753 1604 tu
770 1550 882 1604 autem
902 1540 1117 1605 Internuntio
1131 1541 1333 1625 Apostolico
1348 1545 1380 1608 in
1397 1538 1463 1605 Flu·

280 1723 283 1729 Ι
374 1645 515 1710 minensi
532 1647 667 1710 civitate
683 1645 818 1728 degenti
836 1644 959 1721 tradas,
975 1643 1017 1707 ad
1036 1645 1108 1709 Nos
1124 1648 1408 1713 transmittendas

419 1749 537 1831 Populi
564 1751 613 1813 tui
640 1749 814 1814 caritatem
843 1748 963 1812 frustra
992 1747 1147 1813 Nosnon
1164 1750 1360 1833 implorasse
1375 1751 1464 1834 plane

373 1853 581 1919 confidimus.
595 1854 799 1921 Caelestium
813 1873 891 1917 vero
903 1853 1126 1934 praemiorum
1140 1856 1309 1936 auspicem
1323 1855 1463 1940 gratique

372 1977 412 2022 ac
436 1959 666 2024 benevolentis
692 1958 797 2022 animi
822 1968 942 2021 testem
970 1957 1041 2032 tibi,
1064 1958 1277 2022 Venerabilis
1300 1960 1423 2033 Frater,
1436 1963 1476 2018 et.

372 2062 461 2128 clero
476 2065 670 2148 populoque
685 2072 745 2128 tuo
761 2062 997 2146 Apostolicam
1014 2061 1283 2128 benedictionem
1301 2077 1463 2150 peraman-

345 2174 346 2190 ¹
372 2176 424 2233 ter
438 2171 471 2233 in
490 2170 638 2234 Domino
654 2169 875 2250 impertimus.

415 2274 543 2339 Datum
583 2275 714 2338 Romae
751 2273 841 2357 apud
881 2271 915 2338 S.
947 2273 1082 2336 Petrum
1113 2273 1169 2338 die
1198 2289 1237 2338 VI
1276 2266 1461 2340 Decembris

372 2391 593 2457 Mocccxcw,
605 2376 831 2464 ,Pontificatus
849 2375 964 2441 Nostri
980 2395 1071 2441 anno
1085 2377 1218 2444 decimo
1233 2381 1384 2462 septimo.

871 2513 875 2520 '
989 2532 1085 2598 uno
1111 2536 1300 2602 Pn'xnr.

777 3035 1070 3324 *tlt*
