3117 4859
343 333 413 384 202
441 331 634 383 murenas
651 331 910 384 APOSTOLICAE
931 319 952 352 ‘⁴
971 333 1231 386 neosronrcnn
1248 335 1389 388 cuma.
1405 313 1425 344 ”

339 478 570 544 indicaverant
581 480 754 563 superiora
764 479 977 558 documenta,
989 478 1232 564 facultatesque
1242 482 1275 546 in
1288 502 1364 547 eam
1377 503 1454 548 rem

339 583 507 664 aLegato
522 583 717 648 adhibitae:
741 584 763 647 ii
780 583 937 647 nimirum
955 584 1010 666 qui
1036 584 1079 647 ad
1104 584 1347 668 episcopatum,
1361 587 1454 652 sicut

340 687 396 753 alii
412 687 455 751 ad
473 686 555 750 alios
570 687 715 764 ordines,
730 687 875 768 promoti
892 697 1013 764 essent,
1030 709 1093 752 non
1108 687 1241 754 servata
1251 690 1371 770 forma
1388 689 1453 754 Ec-

339 791 453 856 clesiae
466 790 687 868 consectanei
705 810 771 855 non
785 801 917 856 servata
928 789 1090 857 Ecclesiae
1091 793 1209 874 fornia
1221 804 1252 858 et
1262 793 1454 873 intentione,

339 906 438 979 prout
455 895 604 977 Legatus
620 895 692 978 ipse
718 895 761 959 ad
784 896 979 978 episcopum
997 897 1248 962 Norwicensem
1270 899 1455 964 scribebat.

341 1000 389 1063 Hi
405 1008 601 1062 autemnon
616 998 673 1062 alii
689 998 840 1082 prolecto
855 1011 951 1064 erant
961 1001 1023 1064 nisi
1033 1001 1090 1085 qui
1100 1003 1247 1084 promoti
1257 1003 1447 1067 secundum

339 1122 464 1167 novam
480 1101 634 1167 ritualem
651 1101 793 1167 sormam
808 1122 817 1182 ;
832 1104 885 1166 cui
902 1123 1035 1187 quoque
1051 1107 1301 1170 examinandae
1328 1107 1452 1171 delecti

340 1207 539 1273 cardinales
565 1214 731 1271 attentam
759 1227 896 1289 operam
913 1207 1085 1272 dederant.
1101 1209 1221 1290 Neque
1238 1211 1451 1292 praetermit-

339 1311 462 1375 tendus
478 1321 529 1375 est
550 1311 643 1374 locus
669 1329 714 1374 ex
739 1312 867 1374 eisdem
895 1311 1067 1375 Pontificis
1092 1312 1221 1391 litteris,
1237 1315 1378 1378 omnino
1403 1315 1449 1377 rei

340 1433 529 1497 congruens
544 1435 552 1492 ;
569 1414 625 1478 ubi
640 1433 716 1477 cum
733 1414 808 1477 aliis
820 1414 983 1488 beneficio
999 1417 1260 1499 dispensationis
1270 1419 1451 1500 egentibus

340 1528 560 1583 numerantur
575 1519 632 1601 qui
647 1527 718 1582 tam
732 1519 865 1583 ordines
874 1541 975 1601 quam
990 1518 1142 1602 beneficia
1156 1521 1369 1585 ecclesiastica
1378 1521 1452 1584 nul·

338 1623 417 1686 liter
429 1632 462 1686 et
474 1623 610 1702 defacto
624 1622 840 1688 obtinuerant.
855 1624 1008 1688 Nulliter
1016 1627 1105 1691 enim
1116 1625 1304 1690 obtinuisse
1314 1626 1452 1690 ordines

340 1727 430 1791 idem
446 1737 497 1790 est
513 1737 616 1810 atque
632 1727 724 1792 irrito
739 1728 817 1792 a‘ctu
835 1728 993 1810 nulloque
1023 1730 1155 1807 effectu,
1170 1729 1327 1795 videlicet
1352 1729 1447 1793 inva-

339 1831 415 1908 lide,
430 1840 467 1895 ut
482 1831 556 1913 ipsa
572 1842 688 1896 monet
702 1831 774 1894 eius
790 1832 882 1896 vocis
898 1833 1029 1897 notatio
1045 1842 1079 1898 et
1094 1835 1305 1899 consuetudo
1320 1853 1446 1898 sermo·

340 1936 413 2015 nie3
434 1935 629 2017 praesertim
645 1955 750 2017 quum
766 1935 856 2000 idem
874 1937 944 2018 pari
958 1938 1061 2003 modo
1073 1937 1258 2002 affirmetur
1269 1939 1312 2002 de
1325 1937 1449 2002 ordini·

341 2040 404 2105 bus
419 2041 510 2122 quod
527 2039 570 2102 de
584 2038 745 2122 berniciis
758 2041 986 2119 ecclesiasticis,
1001 2063 1087 2125 quae
1102 2063 1148 2106 ex
1163 2043 1262 2106 certis
1278 2061 1447 2106 sacrorum

342 2163 510 2208 canonum
523 2142 685 2208 institutis
702 2145 882 2210 manifesto
897 2155 992 2210 erant
1008 2146 1110 2223 nulla,
1125 2165 1166 2210 eo
1182 2147 1261 2229 quia
1275 2165 1354 2210 curn
1367 2147 1448 2208 vitio

208 2253 317 2313 tanqu
341 2246 533 2312 infirmante
548 2247 678 2313 collata.
696 2249 774 2312 Huc
791 2249 921 2313 accedit
936 2251 1027 2333 quod
1045 2250 1295 2332 ambigentibus
1308 2248 1447 2314 nonnul·

188 2317 317 2428 iiiiiiih
342 2353 382 2416 lis
394 2357 532 2434 quinam
544 2373 658 2416 revera
669 2353 827 2436 episcopi,
838 2353 900 2416 rite
914 2363 946 2417 et
959 2363 1040 2417 recte
1054 2353 1202 2418 ordinati
1215 2355 1279 2418 dici
1293 2365 1328 2419 et
1338 2353 1448 2418 haberi
1478 2351 1488 2371 ‘

163 2433 316 2539 ²155ssss
342 2466 481 2540 possent
496 2457 540 2520 ad
557 2465 705 2520 mentem
723 2456 904 2535 Pontificis,
919 2458 973 2522 hic
990 2477 1056 2522 non
1075 2459 1183 2524 multo
1198 2468 1286 2541 post,
1301 2460 1357 2522 die
1371 2469 1445 2522 xxx

343 2560 501 2637 octobris,
516 2561 599 2624 alias
609 2561 751 2624 subiecit
761 2561 889 2625 litteras
903 2563 936 2624 in
950 2563 1089 2626 modum
1103 2563 1232 2627 Brevis:
1244 2562 1445 2646 atque,Nos,

343 2665 460 2748 inquit,
475 2664 722 2729 haesitationem
736 2664 928 2728 huiusmodi
940 2667 1057 2744 tollere,
1071 2677 1103 2730 et
1112 2667 1285 2731 serenitati
1293 2665 1445 2738 conscien-

344 2771 411 2833 tiae
418 2790 527 2833 eorum
543 2769 603 2852 qui
610 2769 784 2833 schismate
795 2770 938 2834 durante
947 2751 997 2834 ad
1006 2771 1137 2835 ordines
1144 2771 1291 2853 promoti
1298 2770 1444 2851 fuerant,

343 2884 481 2938 mentem
496 2883 528 2936 et
544 2874 752 2936 intentionem
767 2895 868 2956 qnam
878 2875 913 2936 in
921 2874 1041 2938 eisdem
1053 2875 1176 2939 litteris
1190 2875 1326 2939 Nostris
1335 2871 1443 2938 habui·

283 3041 286 3044 ,
343 2999 418 3042 mus
432 2978 555 3042 clam'us
568 2977 783 3059 exprimendo,
792 2988 963 3060 opportune
977 2978 1139 3043 consulere
1151 2980 1299 3056 nolentes,
1308 2978 1443 3042 declara·

345 3104 419 3146 onus
433 3103 484 3146 eos
496 3092 626 3145 tantum
642 3083 798 3164 episcopos
811 3093 843 3145 et
856 3083 1102 3166 archiepiscopos
1116 3085 1176 3166 qui
1198 3105 1260 3147 non
1285 3083 1322 3147 in
1334 3083 1443 3164 somna

343 3188 506 3252 Ecclesiae
520 3187 669 3250 ordinati
681 3197 712 3250 et
723 3187 900 3250 consecrati
899 3189 1052 3267 strarant,
1068 3189 1130 3251 rite
1145 3198 1178 3252 et
1192 3201 1272 3252 recte
1287 3189 1445 3252 ordinatos

343 3293 412 3357 dici
425 3303 595 3373 norrpasse.
605 3289 701 3372 Quae
717 3290 910 3367 declaratio,
927 3293 989 3354 nisi
1005 3293 1158 3374 apposite
1169 3293 1212 3357 ad
1224 3293 1297 3357 rem
1308 3291 1444 3374 Angliae

346 3407 568 3479 praesentem,
584 3395 617 3460 id
634 3405 685 3460 est
710 3396 752 3460 ad
781 3382 945 3461 Ordinale
961 3397 1215 3474 eduardianum,
1230 3407 1380 3481 spectare
1393 3393 1444 3456 de·

347 3501 484 3577 buisset,
510 3499 593 3564 nihil
620 3507 710 3564 certe
736 3499 928 3564 coniecerat
945 3499 1104 3565 Pontifex
1129 3502 1225 3565 novis
1241 3501 1368 3578 litteris,
1383 3515 1444 3580 quo

347 3604 399 3669 vel
415 3604 662 3668 haesitationem
685 3604 810 3668 tolleret
834 3603 886 3668 vel
910 3604 1083 3668 serenitati
1095 3605 1304 3670 conscientiae
1317 3600 1422 3669 consul
1434 3635 1444 3647 ·

185 3687 323 3805 hiissii‘iss
349 3719 405 3774 ret.
422 3708 580 3774 Ceterum
598 3709 817 3791 Apostolicae
834 3709 933 3774 Sedis
949 3709 1151 3773 documenta
1167 3719 1200 3773 et
1218 3713 1376 3774 mandata
1386 3723 1445 3770 non

167 3811 325 3925 mam
349 3815 599 3915 aliterlquidem
617 3813 766 3895 Legatus
782 3813 960 3890 intellexit,
975 3805 1076 3897 atque
1089 3815 1137 3877 ita
1153 3814 1200 3876 eis
1212 3813 1275 3879 rite
1288 3813 1445 3896 religiose·

183 3925 323 4030 ilffiofj·
350 3938 417 4002 que
443 3918 712 3999 obtemperavit:
728 3918 830 4000 idque
846 3918 970 3999 pariter
985 3919 1111 3983 iactum
1129 3939 1149 3981 a
1165 3919 1280 4001 regina
1298 3918 1403 3982 Maria
1416 3923 1444 3977 et

149 4086 152 4091 4
191 4048 272 4088 mena
283 4044 323 4087 a.
350 4043 369 4086 a
386 4023 505 4087 ceteris
521 4023 577 4105 qui
594 4041 670 4084 curn
688 4041 728 4084 ea
743 4020 908 4086 dederunt
924 4041 1062 4104 operam
1079 4031 1116 4086 ut
1127 4022 1245 4103 religio
1257 4031 1292 4086 et
1302 4021 1444 4087 instituta

169 4102 320 4203 '‘Ihm'‘f'
351 4126 520 4188 catholica
535 4126 568 4187 in
586 4125 763 4205 pristinum
781 4124 891 4189 locum
904 4127 1166 4191 restituerentur.

167 4193 325 4308 joarim}
396 4228 629 4290 Auctoritates
640 4247 723 4310 quas
733 4229 956 4292 excitavimus
971 4229 1048 4293 Iulii
1062 4230 1118 4293 111
1132 4240 1167 4294 et
1180 4229 1275 4294 Pauli
1287 4228 1446 4310 tvaperte

193 4309 258 4412 ,ἐξ
265 4310 326 4412 ζζῇξζ
353 4329 536 4392 ostendunt
552 4330 647 4393 initia
671 4333 742 4394 cius
757 4331 954 4414 disciplinae
969 4352 1056 4415 quae
1066 4343 1182 4397 tenore
1196 4333 1374 4408 constanti,
1389 4327 1445 4391 ian
