<?xml version="1.0" encoding="UTF-8"?>
<!DOCTYPE html PUBLIC "-//W3C//DTD XHTML 1.0 Transitional//EN"
    "http://www.w3.org/TR/xhtml1/DTD/xhtml1-transitional.dtd">
<html xmlns="http://www.w3.org/1999/xhtml" xml:lang="en" lang="en">
 <head>
  <title>
</title>
<meta http-equiv="Content-Type" content="text/html;charset=utf-8" />
  <meta name='ocr-system' content='tesseract 3.04.00' />
  <meta name='ocr-capabilities' content='ocr_page ocr_carea ocr_par ocr_line ocrx_word'/>
</head>
<body>
  <div class='ocr_page' id='page_1' title='image "./sanctissimidomi04xiiigoog_0577.png"; bbox 0 0 3117 4859; ppageno 0'>
   <div class='ocr_carea' id='block_1_1' title="bbox 265 430 1173 500">
    <p class='ocr_par' dir='ltr' id='par_1_1' title="bbox 265 430 1173 500">
     <span class='ocr_line' id='line_1_1' title="bbox 265 430 1173 500; baseline 0.006 -21"><span class='ocrx_word' id='word_1_1' title='bbox 265 430 317 480; x_wconf 83' lang='lat' dir='ltr'>DE</span> <span class='ocrx_word' id='word_1_2' title='bbox 344 433 679 487; x_wconf 83' lang='lat' dir='ltr'><strong>ORDINATIONIBUS</strong></span> <span class='ocrx_word' id='word_1_3' title='bbox 705 433 949 487; x_wconf 84' lang='lat' dir='ltr'>ANGLICANIS.</span> <span class='ocrx_word' id='word_1_4' title='bbox 1103 432 1173 500; x_wconf 89' lang='lat'>209</span> 
     </span>
    </p>
   </div>
   <div class='ocr_carea' id='block_1_2' title="bbox 61 583 1355 1501">
    <p class='ocr_par' dir='ltr' id='par_1_2' title="bbox 62 583 1171 667">
     <span class='ocr_line' id='line_1_2' title="bbox 62 583 1171 667; baseline -0.002 -21"><span class='ocrx_word' id='word_1_5' title='bbox 62 585 302 667; x_wconf 86' lang='lat' dir='ltr'>redemptionis</span> <span class='ocrx_word' id='word_1_6' title='bbox 328 605 409 649; x_wconf 89' lang='lat' dir='ltr'>suae</span> <span class='ocrx_word' id='word_1_7' title='bbox 424 585 601 649; x_wconf 84' lang='lat' dir='ltr'>custodem</span> <span class='ocrx_word' id='word_1_8' title='bbox 628 595 828 667; x_wconf 85' lang='lat' dir='ltr'>perpetuam</span> <span class='ocrx_word' id='word_1_9' title='bbox 854 595 887 648; x_wconf 88' lang='lat' dir='ltr'>et</span> <span class='ocrx_word' id='word_1_10' title='bbox 909 583 1171 667; x_wconf 80' lang='lat' dir='ltr'><strong>procuratricem</strong></span> 
     </span>
    </p>

    <p class='ocr_par' dir='ltr' id='par_1_3' title="bbox 62 685 1173 872">
     <span class='ocr_line' id='line_1_3' title="bbox 62 685 1173 772; baseline -0.001 -22"><span class='ocrx_word' id='word_1_11' title='bbox 62 689 93 750; x_wconf 90' lang='lat' dir='ltr'>iu</span> <span class='ocrx_word' id='word_1_12' title='bbox 109 689 276 770; x_wconf 88' lang='lat' dir='ltr'>gentibus.</span> <span class='ocrx_word' id='word_1_13' title='bbox 300 687 389 752; x_wconf 90' lang='lat' dir='ltr'>Tum</span> <span class='ocrx_word' id='word_1_14' title='bbox 406 709 486 753; x_wconf 88' lang='lat' dir='ltr'>vero</span> <span class='ocrx_word' id='word_1_15' title='bbox 497 688 657 753; x_wconf 77' lang='lat' dir='ltr'><em>haurient</em></span> <span class='ocrx_word' id='word_1_16' title='bbox 669 709 775 771; x_wconf 80' lang='lat' dir='ltr'>aquas</span> <span class='ocrx_word' id='word_1_17' title='bbox 787 690 822 752; x_wconf 85' lang='lat' dir='ltr'>in</span> <span class='ocrx_word' id='word_1_18' title='bbox 833 688 960 772; x_wconf 82' lang='lat' dir='ltr'>gaudio</span> <span class='ocrx_word' id='word_1_19' title='bbox 972 685 1173 768; x_wconf 80' lang='lat' dir='ltr'>desontibus</span> 
     </span>
     <span class='ocr_line' id='line_1_4' title="bbox 63 791 1172 872; baseline -0.002 -16"><span class='ocrx_word' id='word_1_20' title='bbox 63 791 261 872; x_wconf 80' lang='lat' dir='ltr'>Salvatoris,</span> <span class='ocrx_word' id='word_1_21' title='bbox 276 794 497 858; x_wconf 79' lang='lat' dir='ltr'>sacramentis</span> <span class='ocrx_word' id='word_1_22' title='bbox 514 795 585 856; x_wconf 91' lang='lat' dir='ltr'>eius</span> <span class='ocrx_word' id='word_1_23' title='bbox 602 793 749 858; x_wconf 87' lang='lat' dir='ltr'>mirificis</span> <span class='ocrx_word' id='word_1_24' title='bbox 765 815 773 871; x_wconf 92' lang='lat'>;</span> <span class='ocrx_word' id='word_1_25' title='bbox 791 793 880 856; x_wconf 91' lang='lat' dir='ltr'>unde</span> <span class='ocrx_word' id='word_1_26' title='bbox 898 791 1014 855; x_wconf 88' lang='lat' dir='ltr'>fideles</span> <span class='ocrx_word' id='word_1_27' title='bbox 1039 793 1172 856; x_wconf 91' lang='lat' dir='ltr'>animae</span> 
     </span>
    </p>

    <p class='ocr_par' dir='ltr' id='par_1_4' title="bbox 62 895 1171 979">
     <span class='ocr_line' id='line_1_5' title="bbox 62 895 1171 979; baseline 0.001 -22"><span class='ocrx_word' id='word_1_28' title='bbox 62 895 93 958; x_wconf 92' lang='lat' dir='ltr'>in</span> <span class='ocrx_word' id='word_1_29' title='bbox 110 898 292 961; x_wconf 85' lang='lat' dir='ltr'>amicitiam</span> <span class='ocrx_word' id='word_1_30' title='bbox 310 897 386 974; x_wconf 89' lang='lat' dir='ltr'>Dei,</span> <span class='ocrx_word' id='word_1_31' title='bbox 401 897 549 961; x_wconf 86' lang='lat' dir='ltr'>remissis</span> <span class='ocrx_word' id='word_1_32' title='bbox 566 917 643 960; x_wconf 89' lang='lat' dir='ltr'>vere</span> <span class='ocrx_word' id='word_1_33' title='bbox 658 899 817 979; x_wconf 88' lang='lat' dir='ltr'>peccatis,</span> <span class='ocrx_word' id='word_1_34' title='bbox 839 896 1071 974; x_wconf 89' lang='lat' dir='ltr'>restituuntur,</span> <span class='ocrx_word' id='word_1_35' title='bbox 1097 915 1171 958; x_wconf 89' lang='lat' dir='ltr'>cae·</span> 
     </span>
    </p>

    <p class='ocr_par' dir='ltr' id='par_1_5' title="bbox 62 997 1172 1082">
     <span class='ocr_line' id='line_1_6' title="bbox 62 997 1172 1082; baseline 0.002 -22"><span class='ocrx_word' id='word_1_36' title='bbox 62 997 133 1062; x_wconf 88' lang='lat' dir='ltr'>lesti</span> <span class='ocrx_word' id='word_1_37' title='bbox 149 1021 235 1082; x_wconf 89' lang='lat' dir='ltr'>pane</span> <span class='ocrx_word' id='word_1_38' title='bbox 264 1001 401 1065; x_wconf 88' lang='lat' dir='ltr'>aluntur</span> <span class='ocrx_word' id='word_1_39' title='bbox 416 1011 450 1064; x_wconf 89' lang='lat' dir='ltr'>et</span> <span class='ocrx_word' id='word_1_40' title='bbox 478 1001 688 1078; x_wconf 83' lang='lat' dir='ltr'>roborantur,</span> <span class='ocrx_word' id='word_1_41' title='bbox 704 1000 979 1081; x_wconf 88' lang='lat' dir='ltr'>adiumentisque</span> <span class='ocrx_word' id='word_1_42' title='bbox 1011 999 1172 1064; x_wconf 90' lang='lat' dir='ltr'>maximis</span> 
     </span>
    </p>

    <p class='ocr_par' dir='ltr' id='par_1_6' title="bbox 61 1101 1170 1189">
     <span class='ocr_line' id='line_1_7' title="bbox 61 1101 1170 1189; baseline 0.002 -24"><span class='ocrx_word' id='word_1_43' title='bbox 61 1101 200 1169; x_wconf 87' lang='lat' dir='ltr'>affluunt</span> <span class='ocrx_word' id='word_1_44' title='bbox 215 1107 259 1169; x_wconf 88' lang='lat' dir='ltr'>ad</span> <span class='ocrx_word' id='word_1_45' title='bbox 284 1106 374 1170; x_wconf 90' lang='lat' dir='ltr'>vitae</span> <span class='ocrx_word' id='word_1_46' title='bbox 389 1105 605 1186; x_wconf 87' lang='lat' dir='ltr'>adeptionem</span> <span class='ocrx_word' id='word_1_47' title='bbox 632 1115 799 1169; x_wconf 82' lang='lat' dir='ltr'>aeternae.</span> <span class='ocrx_word' id='word_1_48' title='bbox 824 1105 977 1189; x_wconf 83' lang='lat' dir='ltr'>Quorum</span> <span class='ocrx_word' id='word_1_49' title='bbox 1004 1105 1170 1168; x_wconf 89' lang='lat' dir='ltr'>bonorum</span> 
     </span>
    </p>

    <p class='ocr_par' dir='ltr' id='par_1_7' title="bbox 61 1208 1173 1290">
     <span class='ocr_line' id='line_1_8' title="bbox 61 1208 1173 1290; baseline 0.003 -21"><span class='ocrx_word' id='word_1_50' title='bbox 61 1228 170 1272; x_wconf 86' lang='lat' dir='ltr'>revera</span> <span class='ocrx_word' id='word_1_51' title='bbox 186 1210 348 1286; x_wconf 89' lang='lat' dir='ltr'>sitientes,</span> <span class='ocrx_word' id='word_1_52' title='bbox 364 1212 494 1273; x_wconf 91' lang='lat' dir='ltr'>utinam</span> <span class='ocrx_word' id='word_1_53' title='bbox 510 1209 709 1290; x_wconf 80' lang='lat' dir='ltr'>Deuspacis,</span> <span class='ocrx_word' id='word_1_54' title='bbox 724 1210 817 1274; x_wconf 84' lang='lat' dir='ltr'>Deus</span> <span class='ocrx_word' id='word_1_55' title='bbox 829 1211 931 1274; x_wconf 84' lang='lat' dir='ltr'>totius</span> <span class='ocrx_word' id='word_1_56' title='bbox 944 1208 1173 1274; x_wconf 81' lang='lat' dir='ltr'>consolationis</span> 
     </span>
    </p>

    <p class='ocr_par' dir='ltr' id='par_1_8' title="bbox 61 1311 1355 1501">
     <span class='ocr_line' id='line_1_9' title="bbox 61 1311 1355 1402; baseline 0.002 -28"><span class='ocrx_word' id='word_1_57' title='bbox 61 1311 158 1377; x_wconf 89' lang='lat' dir='ltr'>iaciat</span> <span class='ocrx_word' id='word_1_58' title='bbox 182 1325 359 1402; x_wconf 79' lang='lat' dir='ltr'>compotes</span> <span class='ocrx_word' id='word_1_59' title='bbox 385 1324 488 1395; x_wconf 90' lang='lat' dir='ltr'>atque</span> <span class='ocrx_word' id='word_1_60' title='bbox 513 1312 653 1395; x_wconf 88' lang='lat' dir='ltr'>expleat</span> <span class='ocrx_word' id='word_1_61' title='bbox 671 1315 906 1396; x_wconf 86' lang='lat' dir='ltr'>perbenignus.</span> <span class='ocrx_word' id='word_1_62' title='bbox 923 1353 967 1364; x_wconf 93' lang='lat'>-</span> <span class='ocrx_word' id='word_1_63' title='bbox 997 1314 1170 1378; x_wconf 89' lang='lat' dir='ltr'>Hortatio-</span> <span class='ocrx_word' id='word_1_64' title='bbox 1265 1341 1355 1388; x_wconf 55' lang='lat' dir='ltr'>aar„</span> 
     </span>
     <span class='ocr_line' id='line_1_10' title="bbox 62 1401 1332 1501; baseline 0.003 -22"><span class='ocrx_word' id='word_1_65' title='bbox 62 1438 136 1482; x_wconf 89' lang='lat' dir='ltr'>nem</span> <span class='ocrx_word' id='word_1_66' title='bbox 151 1440 232 1483; x_wconf 86' lang='lat' dir='ltr'>vero</span> <span class='ocrx_word' id='word_1_67' title='bbox 248 1418 409 1482; x_wconf 90' lang='lat' dir='ltr'>Nostram</span> <span class='ocrx_word' id='word_1_68' title='bbox 423 1430 457 1480; x_wconf 91' lang='lat' dir='ltr'>et</span> <span class='ocrx_word' id='word_1_69' title='bbox 469 1427 551 1481; x_wconf 85' lang='lat' dir='ltr'>vota</span> <span class='ocrx_word' id='word_1_70' title='bbox 563 1438 621 1479; x_wconf 92' lang='lat' dir='ltr'>eos</span> <span class='ocrx_word' id='word_1_71' title='bbox 639 1417 800 1482; x_wconf 90' lang='lat' dir='ltr'>maiorem</span> <span class='ocrx_word' id='word_1_72' title='bbox 813 1421 846 1482; x_wconf 94' lang='lat' dir='ltr'>in</span> <span class='ocrx_word' id='word_1_73' title='bbox 865 1421 1007 1484; x_wconf 91' lang='lat' dir='ltr'>modum</span> <span class='ocrx_word' id='word_1_74' title='bbox 1019 1427 1172 1501; x_wconf 85' lang='lat' dir='ltr'>spectare</span> <span class='ocrx_word' id='word_1_75' title='bbox 1193 1401 1287 1460; x_wconf 56' lang='lat' dir='ltr'>prim</span> <span class='ocrx_word' id='word_1_76' title='bbox 1297 1416 1332 1447; x_wconf 69' lang='lat'>“⁸</span> 
     </span>
    </p>
   </div>
   <div class='ocr_carea' id='block_1_3' title="bbox 1198 1461 1352 1508">
    <p class='ocr_par' dir='ltr' id='par_1_9' title="bbox 1198 1461 1352 1508">
     <span class='ocr_line' id='line_1_11' title="bbox 1198 1461 1352 1508; baseline 0.013 -2"><span class='ocrx_word' id='word_1_77' title='bbox 1198 1461 1352 1508; x_wconf 78' lang='lat' dir='ltr'>conciliatio·</span> 
     </span>
    </p>
   </div>
   <div class='ocr_carea' id='block_1_4' title="bbox 63 1522 1320 1625">
    <p class='ocr_par' dir='ltr' id='par_1_10' title="bbox 63 1522 1320 1625">
     <span class='ocr_line' id='line_1_12' title="bbox 63 1522 1320 1625; baseline 0.001 -43"><span class='ocrx_word' id='word_1_78' title='bbox 63 1523 222 1600; x_wconf 77' lang='lat' dir='ltr'>uolumus,</span> <span class='ocrx_word' id='word_1_79' title='bbox 247 1523 304 1606; x_wconf 91' lang='lat' dir='ltr'>qui</span> <span class='ocrx_word' id='word_1_80' title='bbox 330 1523 502 1606; x_wconf 83' lang='lat' dir='ltr'>religionis</span> <span class='ocrx_word' id='word_1_81' title='bbox 530 1522 675 1586; x_wconf 91' lang='lat' dir='ltr'>ministri</span> <span class='ocrx_word' id='word_1_82' title='bbox 704 1525 737 1586; x_wconf 93' lang='lat' dir='ltr'>in</span> <span class='ocrx_word' id='word_1_83' title='bbox 767 1522 1070 1588; x_wconf 85' lang='lat' dir='ltr'>communitatibus</span> <span class='ocrx_word' id='word_1_84' title='bbox 1102 1523 1171 1587; x_wconf 89' lang='lat' dir='ltr'>suis</span> <span class='ocrx_word' id='word_1_85' title='bbox 1198 1534 1320 1625; x_wconf 46' lang='lat' dir='ltr'>gem</span> 
     </span>
    </p>
   </div>
   <div class='ocr_carea' id='block_1_5' title="bbox 60 1626 1354 4419">
    <p class='ocr_par' dir='ltr' id='par_1_11' title="bbox 60 1626 1353 2232">
     <span class='ocr_line' id='line_1_13' title="bbox 60 1626 1337 1712; baseline 0.001 -24"><span class='ocrx_word' id='word_1_86' title='bbox 60 1626 232 1692; x_wconf 87' lang='lat' dir='ltr'>habentur.</span> <span class='ocrx_word' id='word_1_87' title='bbox 258 1629 426 1693; x_wconf 90' lang='lat' dir='ltr'>Homines</span> <span class='ocrx_word' id='word_1_88' title='bbox 453 1649 496 1692; x_wconf 87' lang='lat' dir='ltr'>ex</span> <span class='ocrx_word' id='word_1_89' title='bbox 513 1629 589 1712; x_wconf 91' lang='lat' dir='ltr'>ipso</span> <span class='ocrx_word' id='word_1_90' title='bbox 614 1628 724 1693; x_wconf 87' lang='lat' dir='ltr'>officio</span> <span class='ocrx_word' id='word_1_91' title='bbox 749 1631 989 1711; x_wconf 88' lang='lat' dir='ltr'>praecedentes</span> <span class='ocrx_word' id='word_1_92' title='bbox 1018 1627 1171 1691; x_wconf 90' lang='lat' dir='ltr'>doctrina</span> <span class='ocrx_word' id='word_1_93' title='bbox 1197 1639 1337 1708; x_wconf 55' lang='lat' dir='ltr'>suaotqai</span> 
     </span>
     <span class='ocr_line' id='line_1_14' title="bbox 62 1699 1352 1816; baseline 0.009 -23"><span class='ocrx_word' id='word_1_94' title='bbox 62 1734 318 1809; x_wconf 90' lang='lat' dir='ltr'>etauctoritate,</span> <span class='ocrx_word' id='word_1_95' title='bbox 338 1734 466 1816; x_wconf 77' lang='lat' dir='ltr'>quibus</span> <span class='ocrx_word' id='word_1_96' title='bbox 483 1733 634 1814; x_wconf 83' lang='lat' dir='ltr'>proiecto</span> <span class='ocrx_word' id='word_1_97' title='bbox 661 1734 754 1796; x_wconf 92' lang='lat' dir='ltr'>cordi</span> <span class='ocrx_word' id='word_1_98' title='bbox 785 1742 837 1797; x_wconf 91' lang='lat' dir='ltr'>est</span> <span class='ocrx_word' id='word_1_99' title='bbox 864 1733 978 1796; x_wconf 89' lang='lat' dir='ltr'>divina</span> <span class='ocrx_word' id='word_1_100' title='bbox 1005 1731 1112 1814; x_wconf 87' lang='lat' dir='ltr'>gloria</span> <span class='ocrx_word' id='word_1_101' title='bbox 1138 1741 1172 1796; x_wconf 85' lang='lat' dir='ltr'>et</span> <span class='ocrx_word' id='word_1_102' title='bbox 1199 1699 1352 1802; x_wconf 55' lang='lat' dir='ltr'>ss&#39;lliilii&#39;u</span> 
     </span>
     <span class='ocr_line' id='line_1_15' title="bbox 62 1830 1353 1922; baseline 0.002 -26"><span class='ocrx_word' id='word_1_103' title='bbox 62 1837 251 1902; x_wconf 88' lang='lat' dir='ltr'>animorum</span> <span class='ocrx_word' id='word_1_104' title='bbox 267 1837 366 1915; x_wconf 88' lang='lat' dir='ltr'>salus,</span> <span class='ocrx_word' id='word_1_105' title='bbox 383 1836 487 1901; x_wconf 89' lang='lat' dir='ltr'>velint</span> <span class='ocrx_word' id='word_1_106' title='bbox 499 1837 625 1901; x_wconf 87' lang='lat' dir='ltr'>alacres</span> <span class='ocrx_word' id='word_1_107' title='bbox 636 1837 771 1901; x_wconf 91' lang='lat' dir='ltr'>vocanti</span> <span class='ocrx_word' id='word_1_108' title='bbox 791 1837 869 1900; x_wconf 90' lang='lat' dir='ltr'>Deo</span> <span class='ocrx_word' id='word_1_109' title='bbox 879 1856 995 1918; x_wconf 87' lang='lat' dir='ltr'>parere</span> <span class='ocrx_word' id='word_1_110' title='bbox 1011 1837 1043 1898; x_wconf 92' lang='lat' dir='ltr'>in</span> <span class='ocrx_word' id='word_1_111' title='bbox 1057 1835 1172 1917; x_wconf 90' lang='lat' dir='ltr'>primis</span> <span class='ocrx_word' id='word_1_112' title='bbox 1198 1830 1353 1922; x_wconf 38' lang='lat' dir='ltr'>mm&amp;</span> 
     </span>
     <span class='ocr_line' id='line_1_16' title="bbox 63 1935 1324 2026; baseline 0.001 -25"><span class='ocrx_word' id='word_1_113' title='bbox 63 1949 95 2002; x_wconf 89' lang='lat' dir='ltr'>et</span> <span class='ocrx_word' id='word_1_114' title='bbox 110 1941 261 2026; x_wconf 90' lang='lat' dir='ltr'>obsequi,</span> <span class='ocrx_word' id='word_1_115' title='bbox 276 1942 554 2024; x_wconf 88' lang='lat' dir='ltr'>praeclarumque</span> <span class='ocrx_word' id='word_1_116' title='bbox 579 1942 622 2003; x_wconf 89' lang='lat' dir='ltr'>de</span> <span class='ocrx_word' id='word_1_117' title='bbox 637 1961 674 2003; x_wconf 91' lang='lat' dir='ltr'>se</span> <span class='ocrx_word' id='word_1_118' title='bbox 698 1940 798 2003; x_wconf 89' lang='lat' dir='ltr'>edere</span> <span class='ocrx_word' id='word_1_119' title='bbox 815 1939 1024 2022; x_wconf 90' lang='lat' dir='ltr'>exemplum.</span> <span class='ocrx_word' id='word_1_120' title='bbox 1049 1938 1171 2022; x_wconf 90' lang='lat' dir='ltr'>Singu-</span> <span class='ocrx_word' id='word_1_121' title='bbox 1199 1935 1324 1982; x_wconf 72' lang='lat' dir='ltr'>utentur.</span> 
     </span>
     <span class='ocr_line' id='line_1_17' title="bbox 63 2042 1173 2127; baseline 0.002 -22"><span class='ocrx_word' id='word_1_122' title='bbox 63 2042 120 2106; x_wconf 91' lang='lat' dir='ltr'>lari</span> <span class='ocrx_word' id='word_1_123' title='bbox 135 2057 226 2109; x_wconf 85' lang='lat' dir='ltr'>certe</span> <span class='ocrx_word' id='word_1_124' title='bbox 243 2046 371 2109; x_wconf 86' lang='lat' dir='ltr'>laetitia</span> <span class='ocrx_word' id='word_1_125' title='bbox 387 2066 445 2109; x_wconf 91' lang='lat' dir='ltr'>eos</span> <span class='ocrx_word' id='word_1_126' title='bbox 461 2043 615 2107; x_wconf 86' lang='lat' dir='ltr'>Ecclesia</span> <span class='ocrx_word' id='word_1_127' title='bbox 632 2054 741 2108; x_wconf 88' lang='lat' dir='ltr'>mater</span> <span class='ocrx_word' id='word_1_128' title='bbox 749 2045 900 2126; x_wconf 88' lang='lat' dir='ltr'>excipiet</span> <span class='ocrx_word' id='word_1_129' title='bbox 912 2044 1072 2127; x_wconf 90' lang='lat' dir='ltr'>omnique</span> <span class='ocrx_word' id='word_1_130' title='bbox 1083 2064 1173 2108; x_wconf 88' lang='lat' dir='ltr'>com·</span> 
     </span>
     <span class='ocr_line' id='line_1_18' title="bbox 63 2147 1174 2232; baseline 0.001 -22"><span class='ocrx_word' id='word_1_131' title='bbox 63 2147 226 2230; x_wconf 89' lang='lat' dir='ltr'>plectetur</span> <span class='ocrx_word' id='word_1_132' title='bbox 250 2151 403 2215; x_wconf 88' lang='lat' dir='ltr'>bonitate</span> <span class='ocrx_word' id='word_1_133' title='bbox 427 2159 462 2215; x_wconf 92' lang='lat' dir='ltr'>et</span> <span class='ocrx_word' id='word_1_134' title='bbox 478 2150 700 2232; x_wconf 88' lang='lat' dir='ltr'>providentia,</span> <span class='ocrx_word' id='word_1_135' title='bbox 723 2149 849 2232; x_wconf 90' lang='lat' dir='ltr'>quippe</span> <span class='ocrx_word' id='word_1_136' title='bbox 866 2169 951 2231; x_wconf 92' lang='lat' dir='ltr'>quos</span> <span class='ocrx_word' id='word_1_137' title='bbox 967 2169 1026 2230; x_wconf 90' lang='lat' dir='ltr'>per</span> <span class='ocrx_word' id='word_1_138' title='bbox 1051 2150 1174 2212; x_wconf 88' lang='lat' dir='ltr'>arduas</span> 
     </span>
    </p>

    <p class='ocr_par' dir='ltr' id='par_1_12' title="bbox 64 2253 1174 2441">
     <span class='ocr_line' id='line_1_19' title="bbox 64 2253 1173 2336; baseline 0.003 -24"><span class='ocrx_word' id='word_1_139' title='bbox 64 2270 170 2318; x_wconf 91' lang='lat' dir='ltr'>rerum</span> <span class='ocrx_word' id='word_1_140' title='bbox 187 2253 406 2319; x_wconf 89' lang='lat' dir='ltr'>difficultates</span> <span class='ocrx_word' id='word_1_141' title='bbox 422 2255 527 2318; x_wconf 91' lang='lat' dir='ltr'>virtus</span> <span class='ocrx_word' id='word_1_142' title='bbox 544 2255 647 2318; x_wconf 88' lang='lat' dir='ltr'>animi</span> <span class='ocrx_word' id='word_1_143' title='bbox 668 2255 862 2336; x_wconf 88' lang='lat' dir='ltr'>generosior</span> <span class='ocrx_word' id='word_1_144' title='bbox 879 2255 921 2317; x_wconf 91' lang='lat' dir='ltr'>ad</span> <span class='ocrx_word' id='word_1_145' title='bbox 939 2255 1049 2317; x_wconf 90' lang='lat' dir='ltr'>sinum</span> <span class='ocrx_word' id='word_1_146' title='bbox 1076 2271 1173 2316; x_wconf 90' lang='lat' dir='ltr'>suum</span> 
     </span>
     <span class='ocr_line' id='line_1_20' title="bbox 66 2357 1174 2441; baseline 0.001 -24"><span class='ocrx_word' id='word_1_147' title='bbox 66 2358 246 2424; x_wconf 85' lang='lat' dir='ltr'>reduxerit.</span> <span class='ocrx_word' id='word_1_148' title='bbox 271 2359 329 2422; x_wconf 86' lang='lat' dir='ltr'>Ex</span> <span class='ocrx_word' id='word_1_149' title='bbox 355 2359 418 2421; x_wconf 90' lang='lat' dir='ltr'>hac</span> <span class='ocrx_word' id='word_1_150' title='bbox 433 2379 513 2423; x_wconf 90' lang='lat' dir='ltr'>vero</span> <span class='ocrx_word' id='word_1_151' title='bbox 541 2359 664 2423; x_wconf 90' lang='lat' dir='ltr'>virtute</span> <span class='ocrx_word' id='word_1_152' title='bbox 679 2359 745 2422; x_wconf 93' lang='lat' dir='ltr'>dici</span> <span class='ocrx_word' id='word_1_153' title='bbox 762 2359 821 2421; x_wconf 89' lang='lat' dir='ltr'>vix</span> <span class='ocrx_word' id='word_1_154' title='bbox 837 2367 952 2440; x_wconf 90' lang='lat' dir='ltr'>potest</span> <span class='ocrx_word' id='word_1_155' title='bbox 967 2377 1054 2441; x_wconf 89' lang='lat' dir='ltr'>quae</span> <span class='ocrx_word' id='word_1_156' title='bbox 1084 2357 1174 2440; x_wconf 89' lang='lat' dir='ltr'>ipsos</span> 
     </span>
    </p>

    <p class='ocr_par' dir='ltr' id='par_1_13' title="bbox 65 2457 1175 2546">
     <span class='ocr_line' id='line_1_21' title="bbox 65 2457 1175 2546; baseline 0.004 -26"><span class='ocrx_word' id='word_1_157' title='bbox 65 2457 134 2524; x_wconf 90' lang='lat' dir='ltr'>laus</span> <span class='ocrx_word' id='word_1_158' title='bbox 158 2472 298 2529; x_wconf 91' lang='lat' dir='ltr'>maneat</span> <span class='ocrx_word' id='word_1_159' title='bbox 322 2465 356 2526; x_wconf 93' lang='lat' dir='ltr'>in</span> <span class='ocrx_word' id='word_1_160' title='bbox 382 2463 533 2527; x_wconf 89' lang='lat' dir='ltr'>coetibus</span> <span class='ocrx_word' id='word_1_161' title='bbox 559 2461 699 2527; x_wconf 85' lang='lat' dir='ltr'>fratrum</span> <span class='ocrx_word' id='word_1_162' title='bbox 727 2483 787 2546; x_wconf 89' lang='lat' dir='ltr'>per</span> <span class='ocrx_word' id='word_1_163' title='bbox 817 2461 1021 2526; x_wconf 90' lang='lat' dir='ltr'>catholicum</span> <span class='ocrx_word' id='word_1_164' title='bbox 1048 2457 1175 2540; x_wconf 85' lang='lat' dir='ltr'>orbem,</span> 
     </span>
    </p>

    <p class='ocr_par' dir='ltr' id='par_1_14' title="bbox 64 2565 1175 2650">
     <span class='ocr_line' id='line_1_22' title="bbox 64 2565 1175 2650; baseline 0.002 -23"><span class='ocrx_word' id='word_1_165' title='bbox 64 2583 147 2644; x_wconf 88' lang='lat' dir='ltr'>quae</span> <span class='ocrx_word' id='word_1_166' title='bbox 162 2567 347 2649; x_wconf 88' lang='lat' dir='ltr'>aliquando</span> <span class='ocrx_word' id='word_1_167' title='bbox 363 2587 439 2648; x_wconf 88' lang='lat' dir='ltr'>spes</span> <span class='ocrx_word' id='word_1_168' title='bbox 452 2577 487 2630; x_wconf 92' lang='lat' dir='ltr'>et</span> <span class='ocrx_word' id='word_1_169' title='bbox 503 2565 627 2631; x_wconf 87' lang='lat' dir='ltr'>fiducia</span> <span class='ocrx_word' id='word_1_170' title='bbox 638 2577 720 2630; x_wconf 90' lang='lat' dir='ltr'>ante</span> <span class='ocrx_word' id='word_1_171' title='bbox 733 2566 908 2631; x_wconf 91' lang='lat' dir='ltr'>Christum</span> <span class='ocrx_word' id='word_1_172' title='bbox 922 2567 1077 2644; x_wconf 89' lang='lat' dir='ltr'>iudicem,</span> <span class='ocrx_word' id='word_1_173' title='bbox 1088 2585 1175 2650; x_wconf 89' lang='lat' dir='ltr'>quae</span> 
     </span>
    </p>

    <p class='ocr_par' dir='ltr' id='par_1_15' title="bbox 64 2668 1173 2754">
     <span class='ocr_line' id='line_1_23' title="bbox 64 2668 1173 2754; baseline 0.005 -25"><span class='ocrx_word' id='word_1_174' title='bbox 64 2668 105 2730; x_wconf 93' lang='lat' dir='ltr'>ab</span> <span class='ocrx_word' id='word_1_175' title='bbox 119 2670 177 2734; x_wconf 94' lang='lat' dir='ltr'>illo</span> <span class='ocrx_word' id='word_1_176' title='bbox 193 2672 344 2754; x_wconf 89' lang='lat' dir='ltr'>praemia</span> <span class='ocrx_word' id='word_1_177' title='bbox 369 2673 401 2733; x_wconf 91' lang='lat' dir='ltr'>in</span> <span class='ocrx_word' id='word_1_178' title='bbox 419 2692 523 2753; x_wconf 88' lang='lat' dir='ltr'>regno</span> <span class='ocrx_word' id='word_1_179' title='bbox 547 2672 703 2736; x_wconf 86' lang='lat' dir='ltr'>caelesti!</span> <span class='ocrx_word' id='word_1_180' title='bbox 731 2671 803 2736; x_wconf 91' lang='lat' dir='ltr'>Nos</span> <span class='ocrx_word' id='word_1_181' title='bbox 827 2671 975 2753; x_wconf 92' lang='lat' dir='ltr'>quidem,</span> <span class='ocrx_word' id='word_1_182' title='bbox 1007 2680 1173 2754; x_wconf 90' lang='lat' dir='ltr'>quantum</span> 
     </span>
    </p>

    <p class='ocr_par' dir='ltr' id='par_1_16' title="bbox 63 2775 1173 2859">
     <span class='ocr_line' id='line_1_24' title="bbox 63 2775 1173 2859; baseline 0.004 -25"><span class='ocrx_word' id='word_1_183' title='bbox 63 2775 151 2837; x_wconf 92' lang='lat' dir='ltr'>omni</span> <span class='ocrx_word' id='word_1_184' title='bbox 178 2795 245 2859; x_wconf 92' lang='lat' dir='ltr'>ope</span> <span class='ocrx_word' id='word_1_185' title='bbox 275 2777 415 2852; x_wconf 85' lang='lat' dir='ltr'>licuerit,</span> <span class='ocrx_word' id='word_1_186' title='bbox 439 2796 555 2840; x_wconf 89' lang='lat' dir='ltr'>eorum</span> <span class='ocrx_word' id='word_1_187' title='bbox 582 2797 659 2840; x_wconf 89' lang='lat' dir='ltr'>cum</span> <span class='ocrx_word' id='word_1_188' title='bbox 689 2777 843 2840; x_wconf 86' lang='lat' dir='ltr'>Ecclesia</span> <span class='ocrx_word' id='word_1_189' title='bbox 867 2776 1173 2841; x_wconf 83' lang='lat' dir='ltr'>reconciliationem</span> 
     </span>
    </p>

    <p class='ocr_par' dir='ltr' id='par_1_17' title="bbox 63 2875 1173 2964">
     <span class='ocr_line' id='line_1_25' title="bbox 63 2875 1173 2964; baseline 0.005 -28"><span class='ocrx_word' id='word_1_190' title='bbox 63 2875 172 2941; x_wconf 86' lang='lat' dir='ltr'>lovere</span> <span class='ocrx_word' id='word_1_191' title='bbox 199 2901 268 2943; x_wconf 92' lang='lat' dir='ltr'>non</span> <span class='ocrx_word' id='word_1_192' title='bbox 296 2881 523 2958; x_wconf 87' lang='lat' dir='ltr'>desistemus;</span> <span class='ocrx_word' id='word_1_193' title='bbox 547 2901 592 2943; x_wconf 89' lang='lat' dir='ltr'>ex</span> <span class='ocrx_word' id='word_1_194' title='bbox 617 2891 733 2964; x_wconf 89' lang='lat' dir='ltr'>quaet</span> <span class='ocrx_word' id='word_1_195' title='bbox 759 2881 884 2964; x_wconf 88' lang='lat' dir='ltr'>singuli</span> <span class='ocrx_word' id='word_1_196' title='bbox 910 2889 944 2944; x_wconf 89' lang='lat' dir='ltr'>et</span> <span class='ocrx_word' id='word_1_197' title='bbox 971 2881 1115 2956; x_wconf 89' lang='lat' dir='ltr'>ordines,</span> <span class='ocrx_word' id='word_1_198' title='bbox 1140 2880 1173 2943; x_wconf 90' lang='lat' dir='ltr'>id</span> 
     </span>
    </p>

    <p class='ocr_par' dir='ltr' id='par_1_18' title="bbox 63 2983 1174 3066">
     <span class='ocr_line' id='line_1_26' title="bbox 63 2983 1174 3066; baseline 0.003 -24"><span class='ocrx_word' id='word_1_199' title='bbox 63 2983 151 3059; x_wconf 90' lang='lat' dir='ltr'>quod</span> <span class='ocrx_word' id='word_1_200' title='bbox 168 2985 386 3048; x_wconf 89' lang='lat' dir='ltr'>vehementer</span> <span class='ocrx_word' id='word_1_201' title='bbox 401 2985 566 3066; x_wconf 91' lang='lat' dir='ltr'>cupimus,</span> <span class='ocrx_word' id='word_1_202' title='bbox 582 2984 725 3048; x_wconf 89' lang='lat' dir='ltr'>multum</span> <span class='ocrx_word' id='word_1_203' title='bbox 743 3004 866 3066; x_wconf 90' lang='lat' dir='ltr'>capere</span> <span class='ocrx_word' id='word_1_204' title='bbox 883 2992 1026 3066; x_wconf 88' lang='lat' dir='ltr'>possunt</span> <span class='ocrx_word' id='word_1_205' title='bbox 1041 2985 1084 3047; x_wconf 90' lang='lat' dir='ltr'>ad</span> <span class='ocrx_word' id='word_1_206' title='bbox 1102 2985 1174 3047; x_wconf 89' lang='lat' dir='ltr'>irni-</span> 
     </span>
    </p>

    <p class='ocr_par' dir='ltr' id='par_1_19' title="bbox 64 3086 1174 3170">
     <span class='ocr_line' id='line_1_27' title="bbox 64 3086 1174 3170; baseline 0.005 -26"><span class='ocrx_word' id='word_1_207' title='bbox 64 3086 213 3153; x_wconf 89' lang='lat' dir='ltr'>tandum.</span> <span class='ocrx_word' id='word_1_208' title='bbox 238 3088 371 3152; x_wconf 90' lang='lat' dir='ltr'>Interea</span> <span class='ocrx_word' id='word_1_209' title='bbox 387 3089 538 3153; x_wconf 87' lang='lat' dir='ltr'>veritatis</span> <span class='ocrx_word' id='word_1_210' title='bbox 554 3089 751 3170; x_wconf 86' lang='lat' dir='ltr'>gratiaeque</span> <span class='ocrx_word' id='word_1_211' title='bbox 764 3088 900 3151; x_wconf 91' lang='lat' dir='ltr'>divinae</span> <span class='ocrx_word' id='word_1_212' title='bbox 914 3096 1088 3169; x_wconf 87' lang='lat' dir='ltr'>patentem</span> <span class='ocrx_word' id='word_1_213' title='bbox 1102 3106 1174 3149; x_wconf 93' lang='lat' dir='ltr'>cur·</span> 
     </span>
    </p>

    <p class='ocr_par' dir='ltr' id='par_1_20' title="bbox 64 3190 1175 3273">
     <span class='ocr_line' id='line_1_28' title="bbox 64 3190 1175 3273; baseline 0.004 -25"><span class='ocrx_word' id='word_1_214' title='bbox 64 3203 135 3250; x_wconf 86' lang='lat' dir='ltr'>sum</span> <span class='ocrx_word' id='word_1_215' title='bbox 152 3201 190 3255; x_wconf 90' lang='lat' dir='ltr'>ut</span> <span class='ocrx_word' id='word_1_216' title='bbox 216 3194 400 3256; x_wconf 88' lang='lat' dir='ltr'>secundare</span> <span class='ocrx_word' id='word_1_217' title='bbox 416 3192 626 3257; x_wconf 90' lang='lat' dir='ltr'>contendant</span> <span class='ocrx_word' id='word_1_218' title='bbox 645 3190 801 3268; x_wconf 89' lang='lat' dir='ltr'>fideliter,</span> <span class='ocrx_word' id='word_1_219' title='bbox 816 3210 875 3273; x_wconf 90' lang='lat' dir='ltr'>per</span> <span class='ocrx_word' id='word_1_220' title='bbox 893 3191 1021 3254; x_wconf 90' lang='lat' dir='ltr'>viscera</span> <span class='ocrx_word' id='word_1_221' title='bbox 1049 3190 1175 3253; x_wconf 88' lang='lat' dir='ltr'>miseri·</span> 
     </span>
    </p>

    <p class='ocr_par' dir='ltr' id='par_1_21' title="bbox 64 3293 998 3379">
     <span class='ocr_line' id='line_1_29' title="bbox 64 3293 998 3379; baseline 0.009 -28"><span class='ocrx_word' id='word_1_222' title='bbox 64 3293 197 3358; x_wconf 91' lang='lat' dir='ltr'>cordiae</span> <span class='ocrx_word' id='word_1_223' title='bbox 214 3295 279 3359; x_wconf 93' lang='lat' dir='ltr'>Dei</span> <span class='ocrx_word' id='word_1_224' title='bbox 297 3297 401 3361; x_wconf 92' lang='lat' dir='ltr'>nostri</span> <span class='ocrx_word' id='word_1_225' title='bbox 412 3315 572 3379; x_wconf 88' lang='lat' dir='ltr'>rogamus</span> <span class='ocrx_word' id='word_1_226' title='bbox 587 3314 706 3359; x_wconf 90' lang='lat' dir='ltr'>omnes</span> <span class='ocrx_word' id='word_1_227' title='bbox 720 3304 754 3358; x_wconf 93' lang='lat' dir='ltr'>et</span> <span class='ocrx_word' id='word_1_228' title='bbox 770 3295 998 3359; x_wconf 87' lang='lat' dir='ltr'>obsecramus.</span> 
     </span>
    </p>

    <p class='ocr_par' dir='ltr' id='par_1_22' title="bbox 64 3396 1354 4419">
     <span class='ocr_line' id='line_1_30' title="bbox 108 3396 1354 3482; baseline 0.002 -24"><span class='ocrx_word' id='word_1_229' title='bbox 108 3396 305 3464; x_wconf 86' lang='lat' dir='ltr'>Praesentes</span> <span class='ocrx_word' id='word_1_230' title='bbox 317 3421 397 3464; x_wconf 85' lang='lat' dir='ltr'>vero</span> <span class='ocrx_word' id='word_1_231' title='bbox 412 3401 542 3464; x_wconf 89' lang='lat' dir='ltr'>litteras</span> <span class='ocrx_word' id='word_1_232' title='bbox 558 3412 592 3464; x_wconf 87' lang='lat' dir='ltr'>et</span> <span class='ocrx_word' id='word_1_233' title='bbox 608 3418 843 3482; x_wconf 80' lang='lat' dir='ltr'>quaecumque</span> <span class='ocrx_word' id='word_1_234' title='bbox 859 3399 892 3462; x_wconf 92' lang='lat' dir='ltr'>in</span> <span class='ocrx_word' id='word_1_235' title='bbox 911 3399 992 3480; x_wconf 89' lang='lat' dir='ltr'>ipsis</span> <span class='ocrx_word' id='word_1_236' title='bbox 1008 3397 1176 3463; x_wconf 89' lang='lat' dir='ltr'>habentur</span> <span class='ocrx_word' id='word_1_237' title='bbox 1237 3423 1354 3470; x_wconf 70' lang='lat' dir='ltr'>Praesen-</span> 
     </span>
     <span class='ocr_line' id='line_1_31' title="bbox 64 3485 1341 3590; baseline 0.005 -31"><span class='ocrx_word' id='word_1_238' title='bbox 64 3500 156 3564; x_wconf 93' lang='lat' dir='ltr'>nullo</span> <span class='ocrx_word' id='word_1_239' title='bbox 172 3523 320 3586; x_wconf 91' lang='lat' dir='ltr'>unquam</span> <span class='ocrx_word' id='word_1_240' title='bbox 338 3514 491 3587; x_wconf 86' lang='lat' dir='ltr'>ternpore</span> <span class='ocrx_word' id='word_1_241' title='bbox 506 3505 549 3567; x_wconf 90' lang='lat' dir='ltr'>de</span> <span class='ocrx_word' id='word_1_242' title='bbox 565 3504 795 3585; x_wconf 89' lang='lat' dir='ltr'>subreptionis</span> <span class='ocrx_word' id='word_1_243' title='bbox 811 3513 869 3566; x_wconf 91' lang='lat' dir='ltr'>aut</span> <span class='ocrx_word' id='word_1_244' title='bbox 886 3503 1095 3585; x_wconf 87' lang='lat' dir='ltr'>obreptionis</span> <span class='ocrx_word' id='word_1_245' title='bbox 1105 3503 1175 3565; x_wconf 88' lang='lat' dir='ltr'>sive</span> <span class='ocrx_word' id='word_1_246' title='bbox 1198 3485 1341 3590; x_wconf 51' lang='lat' dir='ltr'>{ffrfflss</span> 
     </span>
     <span class='ocr_line' id='line_1_32' title="bbox 64 3599 1335 3709; baseline 0.006 -48"><span class='ocrx_word' id='word_1_247' title='bbox 64 3599 259 3669; x_wconf 86' lang='lat' dir='ltr'>intentionis</span> <span class='ocrx_word' id='word_1_248' title='bbox 287 3608 431 3672; x_wconf 90' lang='lat' dir='ltr'>Nostrae</span> <span class='ocrx_word' id='word_1_249' title='bbox 447 3609 530 3671; x_wconf 90' lang='lat' dir='ltr'>vitio</span> <span class='ocrx_word' id='word_1_250' title='bbox 556 3609 666 3671; x_wconf 90' lang='lat' dir='ltr'>aliove</span> <span class='ocrx_word' id='word_1_251' title='bbox 682 3607 965 3698; x_wconf 37' lang='lat' dir='ltr'>quovis&#39;defectu</span> <span class='ocrx_word' id='word_1_252' title='bbox 983 3607 1091 3671; x_wconf 91' lang='lat' dir='ltr'>notari</span> <span class='ocrx_word' id='word_1_253' title='bbox 1122 3605 1175 3670; x_wconf 91' lang='lat' dir='ltr'>vel</span> <span class='ocrx_word' id='word_1_254' title='bbox 1199 3603 1335 3709; x_wconf 42' lang='lat' dir='ltr'>miglis*</span> 
     </span>
     <span class='ocr_line' id='line_1_33' title="bbox 64 3704 1175 3794; baseline 0.004 -25"><span class='ocrx_word' id='word_1_255' title='bbox 64 3704 254 3792; x_wconf 89' lang='lat' dir='ltr'>impugnari</span> <span class='ocrx_word' id='word_1_256' title='bbox 271 3732 372 3794; x_wconf 90' lang='lat' dir='ltr'>posse</span> <span class='ocrx_word' id='word_1_257' title='bbox 386 3734 395 3791; x_wconf 92' lang='lat'>;</span> <span class='ocrx_word' id='word_1_258' title='bbox 417 3713 475 3776; x_wconf 89' lang='lat' dir='ltr'>sed</span> <span class='ocrx_word' id='word_1_259' title='bbox 493 3732 626 3794; x_wconf 90' lang='lat' dir='ltr'>semper</span> <span class='ocrx_word' id='word_1_260' title='bbox 642 3711 774 3775; x_wconf 88' lang='lat' dir='ltr'>validas</span> <span class='ocrx_word' id='word_1_261' title='bbox 791 3720 825 3776; x_wconf 90' lang='lat' dir='ltr'>et</span> <span class='ocrx_word' id='word_1_262' title='bbox 842 3712 874 3775; x_wconf 93' lang='lat' dir='ltr'>in</span> <span class='ocrx_word' id='word_1_263' title='bbox 893 3731 955 3774; x_wconf 92' lang='lat' dir='ltr'>suo</span> <span class='ocrx_word' id='word_1_264' title='bbox 971 3711 1092 3775; x_wconf 91' lang='lat' dir='ltr'>robore</span> <span class='ocrx_word' id='word_1_265' title='bbox 1105 3709 1175 3774; x_wconf 86' lang='lat' dir='ltr'>iore</span> 
     </span>
     <span class='ocr_line' id='line_1_34' title="bbox 65 3814 1175 3898; baseline 0.008 -29"><span class='ocrx_word' id='word_1_266' title='bbox 65 3818 97 3871; x_wconf 89' lang='lat' dir='ltr'>et</span> <span class='ocrx_word' id='word_1_267' title='bbox 112 3832 195 3892; x_wconf 91' lang='lat' dir='ltr'>esse,</span> <span class='ocrx_word' id='word_1_268' title='bbox 211 3827 313 3898; x_wconf 92' lang='lat' dir='ltr'>atque</span> <span class='ocrx_word' id='word_1_269' title='bbox 338 3819 382 3881; x_wconf 90' lang='lat' dir='ltr'>ab</span> <span class='ocrx_word' id='word_1_270' title='bbox 397 3817 554 3880; x_wconf 92' lang='lat' dir='ltr'>omnibus</span> <span class='ocrx_word' id='word_1_271' title='bbox 571 3816 718 3879; x_wconf 92' lang='lat' dir='ltr'>cuiusvis</span> <span class='ocrx_word' id='word_1_272' title='bbox 745 3815 871 3898; x_wconf 87' lang='lat' dir='ltr'>gradus</span> <span class='ocrx_word' id='word_1_273' title='bbox 887 3826 922 3877; x_wconf 91' lang='lat' dir='ltr'>et</span> <span class='ocrx_word' id='word_1_274' title='bbox 944 3814 1175 3896; x_wconf 89' lang='lat' dir='ltr'>praeeminen-</span> 
     </span>
     <span class='ocr_line' id='line_1_35' title="bbox 65 3909 1176 3983; baseline 0.006 -10"><span class='ocrx_word' id='word_1_275' title='bbox 65 3909 131 3977; x_wconf 87' lang='lat' dir='ltr'>tiae</span> <span class='ocrx_word' id='word_1_276' title='bbox 147 3917 385 3983; x_wconf 89' lang='lat' dir='ltr'>inviolabiliter</span> <span class='ocrx_word' id='word_1_277' title='bbox 401 3921 434 3982; x_wconf 91' lang='lat' dir='ltr'>in</span> <span class='ocrx_word' id='word_1_278' title='bbox 451 3918 575 3983; x_wconf 90' lang='lat' dir='ltr'>iudicio</span> <span class='ocrx_word' id='word_1_279' title='bbox 592 3929 625 3982; x_wconf 91' lang='lat' dir='ltr'>et</span> <span class='ocrx_word' id='word_1_280' title='bbox 636 3930 735 3982; x_wconf 86' lang='lat' dir='ltr'>extra</span> <span class='ocrx_word' id='word_1_281' title='bbox 746 3918 918 3983; x_wconf 88' lang='lat' dir='ltr'>observari</span> <span class='ocrx_word' id='word_1_282' title='bbox 929 3916 1052 3981; x_wconf 90' lang='lat' dir='ltr'>debere</span> <span class='ocrx_word' id='word_1_283' title='bbox 1064 3918 1176 3981; x_wconf 89' lang='lat' dir='ltr'>decer-</span> 
     </span>
     <span class='ocr_line' id='line_1_36' title="bbox 67 4016 1177 4107; baseline 0.011 -31"><span class='ocrx_word' id='word_1_284' title='bbox 67 4016 197 4086; x_wconf 91' lang='lat' dir='ltr'>nimus:</span> <span class='ocrx_word' id='word_1_285' title='bbox 220 4024 350 4088; x_wconf 91' lang='lat' dir='ltr'>irritum</span> <span class='ocrx_word' id='word_1_286' title='bbox 378 4044 512 4107; x_wconf 90' lang='lat' dir='ltr'>quoque</span> <span class='ocrx_word' id='word_1_287' title='bbox 530 4034 564 4085; x_wconf 90' lang='lat' dir='ltr'>et</span> <span class='ocrx_word' id='word_1_288' title='bbox 581 4023 690 4098; x_wconf 89' lang='lat' dir='ltr'>inane,</span> <span class='ocrx_word' id='word_1_289' title='bbox 707 4023 735 4084; x_wconf 92' lang='lat' dir='ltr'>si</span> <span class='ocrx_word' id='word_1_290' title='bbox 752 4041 849 4084; x_wconf 92' lang='lat' dir='ltr'>secus</span> <span class='ocrx_word' id='word_1_291' title='bbox 865 4041 965 4103; x_wconf 91' lang='lat' dir='ltr'>super</span> <span class='ocrx_word' id='word_1_292' title='bbox 982 4021 1033 4084; x_wconf 91' lang='lat' dir='ltr'>his</span> <span class='ocrx_word' id='word_1_293' title='bbox 1059 4041 1079 4084; x_wconf 91' lang='lat' dir='ltr'>a</span> <span class='ocrx_word' id='word_1_294' title='bbox 1096 4043 1177 4106; x_wconf 87' lang='lat' dir='ltr'>quo·</span> 
     </span>
     <span class='ocr_line' id='line_1_37' title="bbox 66 4125 1177 4210; baseline 0.005 -23"><span class='ocrx_word' id='word_1_295' title='bbox 66 4139 176 4201; x_wconf 85' lang='lat' dir='ltr'>quam,</span> <span class='ocrx_word' id='word_1_296' title='bbox 191 4129 310 4208; x_wconf 87' lang='lat' dir='ltr'>quavis</span> <span class='ocrx_word' id='word_1_297' title='bbox 327 4129 529 4192; x_wconf 90' lang='lat' dir='ltr'>auctoritate</span> <span class='ocrx_word' id='word_1_298' title='bbox 553 4126 606 4190; x_wconf 93' lang='lat' dir='ltr'>vel</span> <span class='ocrx_word' id='word_1_299' title='bbox 622 4138 815 4208; x_wconf 87' lang='lat' dir='ltr'>praetextu,</span> <span class='ocrx_word' id='word_1_300' title='bbox 832 4125 976 4189; x_wconf 90' lang='lat' dir='ltr'>scienter</span> <span class='ocrx_word' id='word_1_301' title='bbox 1002 4127 1055 4190; x_wconf 92' lang='lat' dir='ltr'>vel</span> <span class='ocrx_word' id='word_1_302' title='bbox 1083 4127 1177 4210; x_wconf 87' lang='lat' dir='ltr'>igno·</span> 
     </span>
     <span class='ocr_line' id='line_1_38' title="bbox 66 4229 1175 4313; baseline 0.009 -29"><span class='ocrx_word' id='word_1_303' title='bbox 66 4236 186 4306; x_wconf 89' lang='lat' dir='ltr'>ranter,</span> <span class='ocrx_word' id='word_1_304' title='bbox 217 4233 396 4313; x_wconf 87' lang='lat' dir='ltr'>contigerit</span> <span class='ocrx_word' id='word_1_305' title='bbox 427 4231 596 4306; x_wconf 90' lang='lat' dir='ltr'>attentari,</span> <span class='ocrx_word' id='word_1_306' title='bbox 637 4230 858 4305; x_wconf 86' lang='lat' dir='ltr'>declarantes,</span> <span class='ocrx_word' id='word_1_307' title='bbox 889 4229 1065 4292; x_wconf 91' lang='lat' dir='ltr'>contrariis</span> <span class='ocrx_word' id='word_1_308' title='bbox 1110 4251 1175 4294; x_wconf 91' lang='lat' dir='ltr'>non</span> 
     </span>
     <span class='ocr_line' id='line_1_39' title="bbox 66 4326 570 4419; baseline 0.022 -31"><span class='ocrx_word' id='word_1_309' title='bbox 66 4326 278 4398; x_wconf 88' lang='lat' dir='ltr'>obstantibus</span> <span class='ocrx_word' id='word_1_310' title='bbox 293 4338 570 4419; x_wconf 88' lang='lat' dir='ltr'>quibuscumque.</span> 
     </span>
    </p>
   </div>
   <div class='ocr_carea' id='block_1_6' title="bbox 109 4433 1176 4522">
    <p class='ocr_par' dir='ltr' id='par_1_23' title="bbox 109 4433 1176 4522">
     <span class='ocr_line' id='line_1_40' title="bbox 109 4433 1176 4522; baseline 0.007 -25"><span class='ocrx_word' id='word_1_311' title='bbox 109 4433 276 4502; x_wconf 89' lang='lat' dir='ltr'>Volumus</span> <span class='ocrx_word' id='word_1_312' title='bbox 303 4452 416 4504; x_wconf 87' lang='lat' dir='ltr'>autem</span> <span class='ocrx_word' id='word_1_313' title='bbox 445 4451 481 4502; x_wconf 90' lang='lat' dir='ltr'>ut</span> <span class='ocrx_word' id='word_1_314' title='bbox 509 4441 627 4502; x_wconf 89' lang='lat' dir='ltr'>harum</span> <span class='ocrx_word' id='word_1_315' title='bbox 656 4439 843 4503; x_wconf 89' lang='lat' dir='ltr'>litterarum</span> <span class='ocrx_word' id='word_1_316' title='bbox 871 4439 1047 4522; x_wconf 85' lang='lat' dir='ltr'>exemplis,</span> <span class='ocrx_word' id='word_1_317' title='bbox 1075 4442 1176 4505; x_wconf 85' lang='lat' dir='ltr'>etiam</span> 
     </span>
    </p>
   </div>
   <div class='ocr_carea' id='block_1_7' title="bbox 116 4595 1096 4662">
    <p class='ocr_par' dir='ltr' id='par_1_24' title="bbox 116 4595 1096 4662">
     <span class='ocr_line' id='line_1_41' title="bbox 116 4595 1096 4662; baseline 0.024 -27"><span class='ocrx_word' id='word_1_318' title='bbox 116 4595 183 4639; x_wconf 71' lang='lat' dir='ltr'>Acca</span> <span class='ocrx_word' id='word_1_319' title='bbox 193 4597 358 4645; x_wconf 78' lang='lat' dir='ltr'>Leosrsxm.</span> <span class='ocrx_word' id='word_1_320' title='bbox 368 4602 428 4644; x_wconf 87' lang='lat' dir='ltr'>—T.</span> <span class='ocrx_word' id='word_1_321' title='bbox 438 4601 477 4662; x_wconf 81' lang='lat' dir='ltr'>lii.</span> <span class='ocrx_word' id='word_1_322' title='bbox 1073 4622 1096 4659; x_wconf 74' lang='lat'>¹⁴</span> 
     </span>
    </p>
   </div>
   <div class='ocr_carea' id='block_1_8' title="bbox 0 0 1568 4859">
    <p class='ocr_par' dir='ltr' id='par_1_25' title="bbox 0 0 1568 4859">
     <span class='ocr_line' id='line_1_42' title="bbox 0 0 1568 4859; baseline 0 0"><span class='ocrx_word' id='word_1_323' title='bbox 0 0 1568 4859; x_wconf 95' lang='lat' dir='ltr'> </span> 
     </span>
    </p>
   </div>
  </div>
 </body>
</html>
