3117 4859
68 395 123 444 DE
140 397 188 444 RE
203 395 420 446 carrloblca
437 397 539 447 APUD
554 395 795 447 ORlENTALES
814 397 1085 447 PROVEHENDA.
1114 396 1180 465 133

66 551 134 616 tur,
150 542 178 602 si
195 542 386 604 curaverint
402 552 439 605 ut
457 543 559 606 etiam
581 561 627 604 ex
644 540 758 604 latinis
773 542 885 604 idonei
898 541 959 603 viri
974 541 1182 604 advocentur
1270 568 1300 612 ιφ

69 644 130 724 qui
146 643 254 726 parati
280 645 349 707 sint
364 645 564 713 adiutricem
581 665 719 728 operam
745 646 873 709 clericis
889 644 1082 708 erudiendis
1103 663 1182 706 con·
1222 612 1348 728 ‘wlff

71 746 166 812 ferre.
188 747 256 810 Hic
282 747 356 812 Nos
380 748 489 812 facere
511 749 649 832 quidem
675 767 741 814 non
768 768 950 831 possumus
965 750 1045 831 quin
1063 751 1184 812 merita

71 850 293 914 honestamus
309 851 410 916 laude
426 853 605 916 nonnullas
622 853 853 935 religiosorum
870 852 1024 931 familias,
1039 873 1182 936 quarum

73 955 204 1018 sedulae
214 956 380 1020 alacritati
392 957 534 1021 multam
546 958 579 1021 in
597 977 638 1021 eo
654 974 778 1040 genere
791 957 836 1020 ab
849 957 1071 1022 orientalibus
1082 959 1183 1023 tribui

73 1061 220 1140 gratiam
237 1061 303 1123 ianr
321 1063 380 1124 diu
397 1070 446 1124 est
462 1061 570 1125 Nobis
582 1071 804 1144 compertum.
819 1097 864 1110 --
876 1060 1033 1125 Alterum
1045 1073 1106 1140 est,
1122 1083 1185 1126 nec
1209 1095 1322 1148 erpwa-

74 1164 204 1226 minore
221 1163 372 1247 profecto
388 1165 565 1250 diligentia
582 1165 733 1249 dignum,
749 1167 793 1229 de
816 1166 951 1248 puerilis
973 1165 1185 1230 educationis
1212 1164 1275 1200 Μ’·

74 1268 282 1356 sustinendis
295 1269 627 1353 multiplicandisque
639 1269 772 1335 scholis.
784 1271 849 1333 'Per
859 1291 895 1334 se
911 1282 1051 1353 apparet
1066 1270 1185 1353 quanti

75 1372 160 1436 illud
176 1373 220 1436 sit
237 1373 395 1455 ponderis
411 1385 449 1437 ut
465 1375 593 1456 primae
614 1374 794 1453 aetatulae,
811 1395 876 1438 una
901 1392 977 1438 curn
1000 1374 1185 1439 litterarum

76 1476 279 1558 primordiis,
292 1498 334 1540 ne
350 1479 429 1561 quid
444 1478 611 1543 imbibant
622 1480 754 1542 veritati
766 1479 997 1562 institutisque
1012 1481 1187 1544 catholicis

75 1581 255 1644 adversum
269 1603 277 1661 ;
293 1601 334 1645 eo
350 1583 402 1645 vel
425 1583 532 1664 magis
547 1581 639 1665 quod
656 1595 774 1646 contra
791 1583 867 1664 filii
879 1583 1096 1662 tenebrarum,
1112 1602 1187 1665 pru·

76 1683 196 1748 dentia
211 1685 380 1767 pollentes
396 1695 430 1750 et
455 1687 586 1769 opibus,
601 1689 721 1750 eadem
743 1689 776 1749 iu
803 1709 838 1751 re
853 1689 1024 1751 enitantur
1036 1688 1188 1770 quotidie
1280 1745 1284 1749 ,

78 1789 273 1871 impensius.
290 1791 438 1854 Necesse
448 1801 500 1854 est
516 1792 617 1874 igitur
633 1792 707 1874 ipsa
718 1810 822 1856 sanae
836 1792 1009 1856 doctrinae
1026 1793 1189 1874 principia

77 1903 112 1956 et
130 1892 301 1974 religionis
319 1913 414 1958 amor
430 1896 477 1958 ita
489 1897 522 1958 in
541 1895 661 1958 molles
677 1891 809 1959 animos
825 1896 1055 1972 infundantur,
1072 1906 1108 1959 ut
1131 1914 1189 1958 eos

77 1995 228 2060 afficiant
244 1997 498 2080 innutriantque
515 2001 648 2080 penitus
658 2001 700 2062 ad
718 1999 920 2064 catholicam
932 1999 1189 2082 professionem:

80 2119 191 2182 neque
204 2101 348 2166 aliorum
363 2113 454 2167 certe
469 2104 521 2167 vel
539 2105 722 2168 studiosior
737 2102 769 2166 in
788 2105 852 2167 hac
866 2115 963 2187 parte
978 2105 1031 2168 vel
1045 2104 1188 2169 fructuo-

82 2206 151 2268 sior
178 2206 241 2270 erit
269 2207 442 2284 industria,
458 2227 560 2290 quam
588 2227 703 2272 eorum
728 2210 786 2290 qui
811 2229 885 2271 sese
909 2209 1000 2272 bono
1027 2209 1190 2290 pueritiae

77 2311 182 2372 sacris
194 2311 227 2373 in
241 2312 478 2376 sodalitatibus
489 2315 704 2376 devoverunt.
712 2313 805 2396 Quin
815 2314 917 2377 etiam
934 2333 979 2376 ex
995 2312 1189 2393 hujusmodi

77 2413 267 2496 disciplina,
283 2416 316 2478 in
335 2436 401 2498 qua
416 2419 473 2500 qui
491 2419 686 2500 religionem
706 2437 882 2500 moresque
897 2419 1044 2495 tradunt,
1054 2438 1116 2481 suo
1126 2419 1190 2500 ipsi

79 2518 171 2581 facto
187 2519 262 2602 plus
279 2521 420 2585 tradunt
432 2539 533 2604 quam
559 2524 864 2606 praeceptionibus,
879 2523 912 2586 id
930 2521 1028 2586 facile
1047 2531 1099 2585 est
1115 2539 1189 2605 pro-

76 2622 252 2702 fecturum,
279 2637 315 2688 ut
339 2625 411 2708 spei
437 2627 586 2709 optimae
611 2627 737 2691 alumni
758 2629 887 2690 semina
912 2627 1092 2690 sacerdotii
1116 2626 1189 2689 reli·

76 2728 237 2810 giosaeve
260 2728 478 2810 perfectionis
504 2741 634 2794 mature
659 2732 832 2814 excipiant
858 2741 892 2794 et
917 2731 1052 2794 colant:
1079 2731 1190 2813 plures

77 2842 193 2897 autetn
209 2833 383 2915 utriusque
399 2854 502 2898 sexus
526 2833 702 2916 indigenas
730 2835 777 2898 lta
799 2853 1018 2911 succrescere,
1037 2854 1103 2897 non
1121 2854 1189 2897 una

78 2938 122 3000 de
139 2956 257 3000 caussa
267 2937 406 3002 omnino
419 2938 576 3002 laetabile
592 2950 625 3002 et
641 2939 786 3020 perutile
796 2949 911 3002 est.-
927 2938 1043 3002 Tertio
1059 2939 1191 3001 videtur
1215 2977 1347 3032 „qum

78 3041 155 3104 loco
179 3041 304 3122 pariter
329 3059 403 3105 esse
430 3041 636 3125 frugiferum,
651 3063 789 3124 operam
805 3043 879 3105 dari
895 3051 932 3105 ut
959 3043 1190 3124 ephemerides
1212 3039 1325 3090 WM·

79 3143 248 3208 simi‘lesve
289 3165 333 3208 ex
375 3146 554 3210 intervallo
583 3148 738 3228 paginae,
769 3148 914 3210 scienter
953 3148 1191 3227 moderateque
1216 3092 1326 3218 {thmuis

79 3248 200 3325 factae,
231 3249 336 3313 fusius
367 3250 616 3333 pervulgantur.
643 3249 743 3313 Tales
768 3251 895 3332 quippe
911 3251 1118 3332 scriptiones,
1143 3250 1190 3311 uti
1216 3209 1352 3314 slollcnlrlra.

82 3361 238 3435 tempora
260 3367 339 3418 sunt
364 3375 402 3417 ac
427 3373 546 3431 mores,
563 3354 714 3436 religioni
735 3351 976 3437 percommode
999 3353 1193 3430 inserviunt,

78 3459 152 3520 sive
168 3459 211 3522 ad
234 3458 419 3522 refellenda
434 3479 521 3541 quae
547 3458 715 3522 calumnia
732 3457 781 3520 vel
808 3477 899 3521 error
924 3459 1048 3520 ineam
1066 3455 1192 3520 conlin-

80 3573 174 3644 gant,
189 3563 259 3625 sive
275 3565 317 3626 ad
332 3561 430 3626 fidele
448 3564 551 3645 ipsius
564 3564 713 3626 studium
731 3562 889 3626 alendum
908 3563 940 3624 in
957 3561 1079 3624 animis
1091 3571 1193 3644 atque
1273 3589 1276 3595 ·

82 3665 317 3730 incitandum:
342 3667 375 3730 id
403 3667 600 3750 praesertim
617 3667 674 3730 ubi
688 3685 754 3729 non
780 3667 827 3730 ita
854 3665 1010 3748 frequens
1037 3667 1135 3748 copia
1150 3667 1194 3729 sit

84 3771 280 3847 sacerdotis,
308 3769 468 3852 pabulum
494 3772 670 3836 doctrinae
693 3781 727 3834 et
752 3771 955 3851 hortationis
977 3781 1114 3833 sanctae
1132 3771 1194 3834 im-

82 3876 265 3954 pertientis.
297 3875 369 3938 Nec
390 3877 685 3957 praetereundum,
713 3877 804 3957 quod
821 3873 977 3937 catholici
1005 3875 1196 3958 scriptis'iis

83 3979 238 4061 legendis
254 3999 293 4042 ea
317 3990 531 4061 cognoscunt
547 3999 633 4060 quae
654 3980 754 4042 variis
776 3980 809 4041 in
830 3979 914 4042 locis
938 3997 1076 4060 quoquo
1094 3981 1198 4042 modo

84 4085 297 4166 contingant,
313 4105 389 4164 curn
407 4085 578 4165 religionis
602 4103 757 4146 connexa
779 4083 985 4146 rationibus:
1008 4084 1196 4146 cuiusmodi

87 4198 165 4252 sunt
176 4185 316 4251 fratrum
328 4189 463 4271 egregie
475 4188 564 4251 facta
577 4187 628 4250 vel
642 4188 1008 4270 coepta‚impendentia
1025 4207 1045 4250 a
1057 4187 1197 4250 fallaciis

88 4292 356 4356 adversariorum
385 4293 543 4374 pericula,
567 4301 741 4374 pastorum
758 4311 904 4356 suorum*
917 4301 952 4355 et
976 4291 1198 4372 Apostolicae

92 4395 193 4460 Sedis
223 4395 409 4460 laboriosae
436 4415 544 4474 curae,
573 4393 986 4460 Ecclesiaesuccedentes
1006 4395 1140 4458 dolores
1163 4405 1199 4458 et
