<?xml version="1.0" encoding="UTF-8"?>
<!DOCTYPE html PUBLIC "-//W3C//DTD XHTML 1.0 Transitional//EN"
    "http://www.w3.org/TR/xhtml1/DTD/xhtml1-transitional.dtd">
<html xmlns="http://www.w3.org/1999/xhtml" xml:lang="en" lang="en">
 <head>
  <title>
</title>
<meta http-equiv="Content-Type" content="text/html;charset=utf-8" />
  <meta name='ocr-system' content='tesseract 3.04.00' />
  <meta name='ocr-capabilities' content='ocr_page ocr_carea ocr_par ocr_line ocrx_word'/>
</head>
<body>
  <div class='ocr_page' id='page_1' title='image "./sanctissimidomi04xiiigoog_0614.png"; bbox 0 0 3117 4859; ppageno 0'>
   <div class='ocr_carea' id='block_1_1' title="bbox 380 361 1490 450">
    <p class='ocr_par' dir='ltr' id='par_1_1' title="bbox 380 361 1490 450">
     <span class='ocr_line' id='line_1_1' title="bbox 380 361 1490 450; baseline 0.006 -19"><span class='ocrx_word' id='word_1_1' title='bbox 380 361 454 450; x_wconf 89' lang='lat'>246</span> <span class='ocrx_word' id='word_1_2' title='bbox 479 382 738 438; x_wconf 80' lang='lat' dir='ltr'>cousrrrurro</span> <span class='ocrx_word' id='word_1_3' title='bbox 753 386 879 438; x_wconf 69' lang='lat' dir='ltr'>apost.</span> <span class='ocrx_word' id='word_1_4' title='bbox 897 375 918 403; x_wconf 80' lang='lat'>¹⁸</span> <span class='ocrx_word' id='word_1_5' title='bbox 931 387 1167 442; x_wconf 77' lang='lat' dir='ltr'>orsrcroauu</span> <span class='ocrx_word' id='word_1_6' title='bbox 1182 389 1229 440; x_wconf 79' lang='lat' dir='ltr'>ac</span> <span class='ocrx_word' id='word_1_7' title='bbox 1245 387 1454 440; x_wconf 73' lang='lat' dir='ltr'>nouarum.</span> <span class='ocrx_word' id='word_1_8' title='bbox 1470 365 1490 391; x_wconf 81' lang='lat'>&#39;⁹</span> 
     </span>
    </p>
   </div>
   <div class='ocr_carea' id='block_1_2' title="bbox 377 529 1490 715">
    <p class='ocr_par' dir='ltr' id='par_1_2' title="bbox 377 529 1490 715">
     <span class='ocr_line' id='line_1_2' title="bbox 377 529 1490 612; baseline 0.004 -22"><span class='ocrx_word' id='word_1_9' title='bbox 377 537 521 610; x_wconf 81' lang='lat' dir='ltr'>gnentur</span> <span class='ocrx_word' id='word_1_10' title='bbox 536 529 570 592; x_wconf 91' lang='lat' dir='ltr'>in</span> <span class='ocrx_word' id='word_1_11' title='bbox 586 529 834 612; x_wconf 82' lang='lat' dir='ltr'>prolegomenis</span> <span class='ocrx_word' id='word_1_12' title='bbox 849 545 907 596; x_wconf 89' lang='lat' dir='ltr'>aut</span> <span class='ocrx_word' id='word_1_13' title='bbox 924 533 1201 598; x_wconf 80' lang='lat' dir='ltr'>adnotationibus</span> <span class='ocrx_word' id='word_1_14' title='bbox 1212 533 1398 598; x_wconf 85' lang='lat' dir='ltr'>catholicae</span> <span class='ocrx_word' id='word_1_15' title='bbox 1410 531 1490 595; x_wconf 85' lang='lat' dir='ltr'>fidei</span> 
     </span>
     <span class='ocr_line' id='line_1_3' title="bbox 377 630 815 715; baseline 0.014 -21"><span class='ocrx_word' id='word_1_16' title='bbox 377 630 549 715; x_wconf 81' lang='lat' dir='ltr'><strong>dogmata,</strong></span> <span class='ocrx_word' id='word_1_17' title='bbox 565 635 815 715; x_wconf 90' lang='lat' dir='ltr'>permittuntur.</span> 
     </span>
    </p>
   </div>
   <div class='ocr_carea' id='block_1_3' title="bbox 379 735 1493 1030">
    <p class='ocr_par' dir='ltr' id='par_1_3' title="bbox 379 735 1493 1030">
     <span class='ocr_line' id='line_1_4' title="bbox 422 735 1493 822; baseline 0.002 -23"><span class='ocrx_word' id='word_1_18' title='bbox 422 735 453 802; x_wconf 92' lang='lat'>6.</span> <span class='ocrx_word' id='word_1_19' title='bbox 466 736 607 802; x_wconf 76' lang='lat' dir='ltr'>Eadem</span> <span class='ocrx_word' id='word_1_20' title='bbox 624 741 762 816; x_wconf 89' lang='lat' dir='ltr'>ratione,</span> <span class='ocrx_word' id='word_1_21' title='bbox 778 753 813 804; x_wconf 88' lang='lat' dir='ltr'>et</span> <span class='ocrx_word' id='word_1_22' title='bbox 841 741 904 805; x_wconf 87' lang='lat' dir='ltr'>sub</span> <span class='ocrx_word' id='word_1_23' title='bbox 930 743 1048 806; x_wconf 88' lang='lat' dir='ltr'>iisdem</span> <span class='ocrx_word' id='word_1_24' title='bbox 1075 742 1336 818; x_wconf 86' lang='lat' dir='ltr'>conditionibus,</span> <span class='ocrx_word' id='word_1_25' title='bbox 1353 739 1493 822; x_wconf 91' lang='lat' dir='ltr'>permit-</span> 
     </span>
     <span class='ocr_line' id='line_1_5' title="bbox 379 841 1492 920; baseline 0.001 -16"><span class='ocrx_word' id='word_1_26' title='bbox 379 849 495 904; x_wconf 90' lang='lat' dir='ltr'>tuntur</span> <span class='ocrx_word' id='word_1_27' title='bbox 511 841 598 905; x_wconf 90' lang='lat' dir='ltr'>aliae</span> <span class='ocrx_word' id='word_1_28' title='bbox 612 843 781 908; x_wconf 81' lang='lat' dir='ltr'><strong>versiones</strong></span> <span class='ocrx_word' id='word_1_29' title='bbox 799 843 978 911; x_wconf 80' lang='lat' dir='ltr'>Sacrorum</span> <span class='ocrx_word' id='word_1_30' title='bbox 1002 846 1188 912; x_wconf 92' lang='lat' dir='ltr'>Bibliorum</span> <span class='ocrx_word' id='word_1_31' title='bbox 1204 846 1275 910; x_wconf 87' lang='lat' dir='ltr'>sive</span> <span class='ocrx_word' id='word_1_32' title='bbox 1290 844 1404 920; x_wconf 89' lang='lat' dir='ltr'>latina,</span> <span class='ocrx_word' id='word_1_33' title='bbox 1420 844 1492 906; x_wconf 84' lang='lat' dir='ltr'>sive</span> 
     </span>
     <span class='ocr_line' id='line_1_6' title="bbox 379 942 1228 1030; baseline 0.005 -22"><span class='ocrx_word' id='word_1_34' title='bbox 379 942 446 1008; x_wconf 85' lang='lat' dir='ltr'>alia</span> <span class='ocrx_word' id='word_1_35' title='bbox 469 943 585 1026; x_wconf 83' lang='lat' dir='ltr'>lingua</span> <span class='ocrx_word' id='word_1_36' title='bbox 601 967 669 1010; x_wconf 91' lang='lat' dir='ltr'>non</span> <span class='ocrx_word' id='word_1_37' title='bbox 685 945 815 1030; x_wconf 83' lang='lat' dir='ltr'>vulgari</span> <span class='ocrx_word' id='word_1_38' title='bbox 832 949 875 1012; x_wconf 90' lang='lat' dir='ltr'>ab</span> <span class='ocrx_word' id='word_1_39' title='bbox 891 949 1085 1013; x_wconf 80' lang='lat' dir='ltr'>acatholicis</span> <span class='ocrx_word' id='word_1_40' title='bbox 1108 950 1228 1014; x_wconf 91' lang='lat' dir='ltr'>editae.</span> 
     </span>
    </p>
   </div>
   <div class='ocr_carea' id='block_1_4' title="bbox 830 1150 1044 1215">
    <p class='ocr_par' dir='ltr' id='par_1_4' title="bbox 830 1150 1044 1215">
     <span class='ocr_line' id='line_1_7' title="bbox 830 1150 1044 1215; baseline 0 -1"><span class='ocrx_word' id='word_1_41' title='bbox 830 1151 955 1214; x_wconf 76' lang='lat' dir='ltr'>Capvr</span> <span class='ocrx_word' id='word_1_42' title='bbox 979 1150 1044 1215; x_wconf 87' lang='lat'>111.</span> 
     </span>
    </p>
   </div>
   <div class='ocr_carea' id='block_1_5' title="bbox 501 1319 1372 1403">
    <p class='ocr_par' dir='ltr' id='par_1_5' title="bbox 501 1319 1372 1403">
     <span class='ocr_line' id='line_1_8' title="bbox 501 1319 1372 1403; baseline -0.005 -19"><span class='ocrx_word' id='word_1_43' title='bbox 501 1321 553 1384; x_wconf 85' lang='lat' dir='ltr'>De</span> <span class='ocrx_word' id='word_1_44' title='bbox 585 1321 795 1386; x_wconf 82' lang='lat' dir='ltr'>Versionibus</span> <span class='ocrx_word' id='word_1_45' title='bbox 817 1321 1002 1388; x_wconf 75' lang='lat' dir='ltr'>ventaculis</span> <span class='ocrx_word' id='word_1_46' title='bbox 1025 1322 1148 1387; x_wconf 83' lang='lat' dir='ltr'>Sacrae</span> <span class='ocrx_word' id='word_1_47' title='bbox 1171 1319 1372 1403; x_wconf 58' lang='lat' dir='ltr'>Scripturas.</span> 
     </span>
    </p>
   </div>
   <div class='ocr_carea' id='block_1_6' title="bbox 344 1513 1492 3171">
    <p class='ocr_par' dir='ltr' id='par_1_6' title="bbox 381 1513 1491 2336">
     <span class='ocr_line' id='line_1_9' title="bbox 424 1513 1490 1602; baseline -0.01 -15"><span class='ocrx_word' id='word_1_48' title='bbox 424 1535 454 1602; x_wconf 89' lang='lat'>7.</span> <span class='ocrx_word' id='word_1_49' title='bbox 477 1519 564 1586; x_wconf 89' lang='lat' dir='ltr'>Cum</span> <span class='ocrx_word' id='word_1_50' title='bbox 598 1521 835 1602; x_wconf 86' lang='lat' dir='ltr'>experimento</span> <span class='ocrx_word' id='word_1_51' title='bbox 863 1519 1081 1584; x_wconf 85' lang='lat' dir='ltr'>manifestum</span> <span class='ocrx_word' id='word_1_52' title='bbox 1109 1519 1164 1595; x_wconf 87' lang='lat' dir='ltr'>sit,</span> <span class='ocrx_word' id='word_1_53' title='bbox 1189 1515 1218 1580; x_wconf 88' lang='lat' dir='ltr'>si</span> <span class='ocrx_word' id='word_1_54' title='bbox 1251 1515 1357 1581; x_wconf 87' lang='lat' dir='ltr'>Sacra</span> <span class='ocrx_word' id='word_1_55' title='bbox 1383 1513 1490 1578; x_wconf 87' lang='lat' dir='ltr'>Biblia</span> 
     </span>
     <span class='ocr_line' id='line_1_10' title="bbox 381 1617 1490 1707; baseline -0.012 -17"><span class='ocrx_word' id='word_1_56' title='bbox 381 1625 510 1707; x_wconf 77' lang='lat' dir='ltr'>vulgari</span> <span class='ocrx_word' id='word_1_57' title='bbox 537 1624 652 1707; x_wconf 87' lang='lat' dir='ltr'>lingua</span> <span class='ocrx_word' id='word_1_58' title='bbox 678 1626 803 1706; x_wconf 85' lang='lat' dir='ltr'>passim</span> <span class='ocrx_word' id='word_1_59' title='bbox 832 1625 904 1688; x_wconf 91' lang='lat' dir='ltr'>sine</span> <span class='ocrx_word' id='word_1_60' title='bbox 930 1622 1122 1688; x_wconf 82' lang='lat' dir='ltr'>discrimine</span> <span class='ocrx_word' id='word_1_61' title='bbox 1146 1621 1395 1704; x_wconf 87' lang='lat' dir='ltr'>permittantur,</span> <span class='ocrx_word' id='word_1_62' title='bbox 1420 1617 1490 1700; x_wconf 86' lang='lat' dir='ltr'>plus</span> 
     </span>
     <span class='ocr_line' id='line_1_11' title="bbox 381 1721 1489 1807; baseline -0.007 -13"><span class='ocrx_word' id='word_1_63' title='bbox 381 1730 468 1806; x_wconf 91' lang='lat' dir='ltr'>inde,</span> <span class='ocrx_word' id='word_1_64' title='bbox 484 1728 529 1793; x_wconf 94' lang='lat' dir='ltr'>ob</span> <span class='ocrx_word' id='word_1_65' title='bbox 544 1729 718 1793; x_wconf 90' lang='lat' dir='ltr'>hominum</span> <span class='ocrx_word' id='word_1_66' title='bbox 737 1729 975 1804; x_wconf 88' lang='lat' dir='ltr'>temeritatem,</span> <span class='ocrx_word' id='word_1_67' title='bbox 991 1726 1195 1800; x_wconf 86' lang='lat' dir='ltr'>detrimenti,</span> <span class='ocrx_word' id='word_1_68' title='bbox 1209 1743 1313 1807; x_wconf 87' lang='lat' dir='ltr'>quam</span> <span class='ocrx_word' id='word_1_69' title='bbox 1337 1721 1489 1786; x_wconf 82' lang='lat' dir='ltr'>utilitatis</span> 
     </span>
     <span class='ocr_line' id='line_1_12' title="bbox 381 1825 1490 1916; baseline -0.013 -17"><span class='ocrx_word' id='word_1_70' title='bbox 381 1833 461 1898; x_wconf 90' lang='lat' dir='ltr'>oriri</span> <span class='ocrx_word' id='word_1_71' title='bbox 476 1853 484 1913; x_wconf 91' lang='lat'><strong>;</strong></span> <span class='ocrx_word' id='word_1_72' title='bbox 499 1831 682 1897; x_wconf 89' lang='lat' dir='ltr'>Versiones</span> <span class='ocrx_word' id='word_1_73' title='bbox 706 1853 825 1898; x_wconf 89' lang='lat' dir='ltr'>omnes</span> <span class='ocrx_word' id='word_1_74' title='bbox 852 1834 885 1896; x_wconf 89' lang='lat' dir='ltr'>in</span> <span class='ocrx_word' id='word_1_75' title='bbox 912 1833 1026 1916; x_wconf 84' lang='lat' dir='ltr'>lingua</span> <span class='ocrx_word' id='word_1_76' title='bbox 1051 1827 1240 1903; x_wconf 84' lang='lat' dir='ltr'>vernacula,</span> <span class='ocrx_word' id='word_1_77' title='bbox 1262 1827 1364 1891; x_wconf 88' lang='lat' dir='ltr'>etiam</span> <span class='ocrx_word' id='word_1_78' title='bbox 1382 1845 1403 1888; x_wconf 93' lang='lat' dir='ltr'>a</span> <span class='ocrx_word' id='word_1_79' title='bbox 1417 1825 1490 1887; x_wconf 87' lang='lat' dir='ltr'>viris</span> 
     </span>
     <span class='ocr_line' id='line_1_13' title="bbox 382 1928 1490 2020; baseline -0.011 -18"><span class='ocrx_word' id='word_1_80' title='bbox 382 1939 557 2004; x_wconf 83' lang='lat' dir='ltr'>catholicis</span> <span class='ocrx_word' id='word_1_81' title='bbox 583 1937 767 2015; x_wconf 88' lang='lat' dir='ltr'>conlectae,</span> <span class='ocrx_word' id='word_1_82' title='bbox 790 1939 929 2003; x_wconf 90' lang='lat' dir='ltr'>omnino</span> <span class='ocrx_word' id='word_1_83' title='bbox 957 1936 1185 2020; x_wconf 89' lang='lat' dir='ltr'>prohibentur,</span> <span class='ocrx_word' id='word_1_84' title='bbox 1209 1931 1274 1996; x_wconf 91' lang='lat' dir='ltr'>nisi</span> <span class='ocrx_word' id='word_1_85' title='bbox 1301 1931 1426 1994; x_wconf 83' lang='lat' dir='ltr'>luerint</span> <span class='ocrx_word' id='word_1_86' title='bbox 1451 1928 1490 1991; x_wconf 92' lang='lat' dir='ltr'>ab</span> 
     </span>
     <span class='ocr_line' id='line_1_14' title="bbox 383 2031 1489 2126; baseline -0.013 -18"><span class='ocrx_word' id='word_1_87' title='bbox 383 2043 584 2126; x_wconf 86' lang='lat' dir='ltr'>Apostolica</span> <span class='ocrx_word' id='word_1_88' title='bbox 601 2042 692 2108; x_wconf 87' lang='lat' dir='ltr'>Sede</span> <span class='ocrx_word' id='word_1_89' title='bbox 706 2043 925 2124; x_wconf 88' lang='lat' dir='ltr'>approbatae,</span> <span class='ocrx_word' id='word_1_90' title='bbox 937 2050 997 2106; x_wconf 89' lang='lat' dir='ltr'>aut</span> <span class='ocrx_word' id='word_1_91' title='bbox 1013 2041 1125 2104; x_wconf 86' lang='lat' dir='ltr'>editae</span> <span class='ocrx_word' id='word_1_92' title='bbox 1146 2037 1209 2102; x_wconf 89' lang='lat' dir='ltr'>suh</span> <span class='ocrx_word' id='word_1_93' title='bbox 1225 2033 1400 2115; x_wconf 80' lang='lat' dir='ltr'>vigilantia</span> <span class='ocrx_word' id='word_1_94' title='bbox 1415 2031 1489 2114; x_wconf 90' lang='lat' dir='ltr'>Epi·</span> 
     </span>
     <span class='ocr_line' id='line_1_15' title="bbox 385 2135 1491 2227; baseline -0.015 -15"><span class='ocrx_word' id='word_1_95' title='bbox 385 2167 562 2227; x_wconf 86' lang='lat' dir='ltr'>scoporum</span> <span class='ocrx_word' id='word_1_96' title='bbox 575 2167 653 2211; x_wconf 89' lang='lat' dir='ltr'>cum</span> <span class='ocrx_word' id='word_1_97' title='bbox 669 2146 948 2212; x_wconf 84' lang='lat' dir='ltr'>adnotationibus</span> <span class='ocrx_word' id='word_1_98' title='bbox 967 2141 1155 2226; x_wconf 87' lang='lat' dir='ltr'>desumptis</span> <span class='ocrx_word' id='word_1_99' title='bbox 1179 2161 1223 2204; x_wconf 90' lang='lat' dir='ltr'>ex</span> <span class='ocrx_word' id='word_1_100' title='bbox 1243 2138 1369 2203; x_wconf 87' lang='lat' dir='ltr'>sanctis</span> <span class='ocrx_word' id='word_1_101' title='bbox 1382 2135 1491 2200; x_wconf 90' lang='lat' dir='ltr'>Eccle-</span> 
     </span>
     <span class='ocr_line' id='line_1_16' title="bbox 386 2243 1443 2336; baseline -0.015 -16"><span class='ocrx_word' id='word_1_102' title='bbox 386 2255 455 2320; x_wconf 85' lang='lat' dir='ltr'>siae</span> <span class='ocrx_word' id='word_1_103' title='bbox 472 2253 637 2331; x_wconf 87' lang='lat' dir='ltr'>Patribus,</span> <span class='ocrx_word' id='word_1_104' title='bbox 653 2264 755 2336; x_wconf 88' lang='lat' dir='ltr'>atque</span> <span class='ocrx_word' id='word_1_105' title='bbox 771 2272 816 2315; x_wconf 88' lang='lat' dir='ltr'>ex</span> <span class='ocrx_word' id='word_1_106' title='bbox 831 2252 942 2315; x_wconf 90' lang='lat' dir='ltr'>doctis</span> <span class='ocrx_word' id='word_1_107' title='bbox 957 2247 1198 2331; x_wconf 88' lang='lat' dir='ltr'>catholicisque</span> <span class='ocrx_word' id='word_1_108' title='bbox 1214 2243 1443 2328; x_wconf 79' lang='lat' dir='ltr'>scriptoribus</span> 
     </span>
    </p>

    <p class='ocr_par' dir='ltr' id='par_1_7' title="bbox 344 2347 1488 2963">
     <span class='ocr_line' id='line_1_17' title="bbox 431 2347 1488 2424; baseline -0.016 -1"><span class='ocrx_word' id='word_1_109' title='bbox 431 2359 461 2424; x_wconf 89' lang='lat'>8.</span> <span class='ocrx_word' id='word_1_110' title='bbox 485 2359 735 2422; x_wconf 87' lang='lat' dir='ltr'>Interdicuntur</span> <span class='ocrx_word' id='word_1_111' title='bbox 760 2357 930 2421; x_wconf 87' lang='lat' dir='ltr'>versiones</span> <span class='ocrx_word' id='word_1_112' title='bbox 957 2374 1077 2419; x_wconf 89' lang='lat' dir='ltr'>omnes</span> <span class='ocrx_word' id='word_1_113' title='bbox 1093 2353 1271 2419; x_wconf 90' lang='lat' dir='ltr'>Sacrorum</span> <span class='ocrx_word' id='word_1_114' title='bbox 1300 2347 1488 2414; x_wconf 89' lang='lat' dir='ltr'>Bibliorum,</span> 
     </span>
     <span class='ocr_line' id='line_1_18' title="bbox 387 2457 1488 2548; baseline -0.016 -19"><span class='ocrx_word' id='word_1_115' title='bbox 387 2467 505 2548; x_wconf 89' lang='lat' dir='ltr'>quavis</span> <span class='ocrx_word' id='word_1_116' title='bbox 529 2462 658 2546; x_wconf 85' lang='lat' dir='ltr'>vulgari</span> <span class='ocrx_word' id='word_1_117' title='bbox 685 2463 801 2546; x_wconf 83' lang='lat' dir='ltr'>lingua</span> <span class='ocrx_word' id='word_1_118' title='bbox 825 2461 869 2525; x_wconf 88' lang='lat' dir='ltr'>ab</span> <span class='ocrx_word' id='word_1_119' title='bbox 896 2459 1093 2525; x_wconf 88' lang='lat' dir='ltr'>acatholicis</span> <span class='ocrx_word' id='word_1_120' title='bbox 1126 2457 1395 2540; x_wconf 89' lang='lat' dir='ltr'>quibuscumque</span> <span class='ocrx_word' id='word_1_121' title='bbox 1416 2469 1488 2513; x_wconf 91' lang='lat' dir='ltr'>oon·</span> 
     </span>
     <span class='ocr_line' id='line_1_19' title="bbox 389 2554 1482 2652; baseline -0.018 -18"><span class='ocrx_word' id='word_1_122' title='bbox 389 2571 505 2646; x_wconf 88' lang='lat' dir='ltr'>lectae,</span> <span class='ocrx_word' id='word_1_123' title='bbox 520 2579 622 2652; x_wconf 88' lang='lat' dir='ltr'>atque</span> <span class='ocrx_word' id='word_1_124' title='bbox 637 2567 716 2632; x_wconf 89' lang='lat' dir='ltr'>illae</span> <span class='ocrx_word' id='word_1_125' title='bbox 730 2567 937 2650; x_wconf 88' lang='lat' dir='ltr'>praesertim,</span> <span class='ocrx_word' id='word_1_126' title='bbox 952 2583 1038 2647; x_wconf 86' lang='lat' dir='ltr'>quae</span> <span class='ocrx_word' id='word_1_127' title='bbox 1055 2583 1114 2646; x_wconf 87' lang='lat' dir='ltr'>per</span> <span class='ocrx_word' id='word_1_128' title='bbox 1129 2561 1317 2627; x_wconf 87' lang='lat' dir='ltr'>Societates</span> <span class='ocrx_word' id='word_1_129' title='bbox 1345 2554 1482 2620; x_wconf 86' lang='lat' dir='ltr'>Bibllcas</span> 
     </span>
     <span class='ocr_line' id='line_1_20' title="bbox 388 2661 1488 2743; baseline -0.018 -4"><span class='ocrx_word' id='word_1_130' title='bbox 388 2695 409 2739; x_wconf 88' lang='lat' dir='ltr'>a</span> <span class='ocrx_word' id='word_1_131' title='bbox 425 2674 589 2738; x_wconf 88' lang='lat' dir='ltr'>Romanis</span> <span class='ocrx_word' id='word_1_132' title='bbox 607 2671 826 2737; x_wconf 88' lang='lat' dir='ltr'>Pontificibus</span> <span class='ocrx_word' id='word_1_133' title='bbox 854 2690 921 2734; x_wconf 90' lang='lat' dir='ltr'>non</span> <span class='ocrx_word' id='word_1_134' title='bbox 947 2667 1052 2733; x_wconf 91' lang='lat' dir='ltr'>semel</span> <span class='ocrx_word' id='word_1_135' title='bbox 1069 2667 1258 2739; x_wconf 89' lang='lat' dir='ltr'>damnatas,</span> <span class='ocrx_word' id='word_1_136' title='bbox 1273 2661 1488 2743; x_wconf 84' lang='lat' dir='ltr'>divulgantur,</span> 
     </span>
     <span class='ocr_line' id='line_1_21' title="bbox 344 2759 1488 2855; baseline -0.017 -12"><span class='ocrx_word' id='word_1_137' title='bbox 344 2848 346 2855; x_wconf 64' lang='grc'>,</span> <span class='ocrx_word' id='word_1_138' title='bbox 389 2799 465 2843; x_wconf 93' lang='lat' dir='ltr'>cum</span> <span class='ocrx_word' id='word_1_139' title='bbox 493 2780 526 2842; x_wconf 90' lang='lat' dir='ltr'>in</span> <span class='ocrx_word' id='word_1_140' title='bbox 554 2778 594 2840; x_wconf 89' lang='lat' dir='ltr'>iis</span> <span class='ocrx_word' id='word_1_141' title='bbox 619 2776 859 2840; x_wconf 87' lang='lat' dir='ltr'>saluberrimae</span> <span class='ocrx_word' id='word_1_142' title='bbox 886 2772 1059 2838; x_wconf 87' lang='lat' dir='ltr'>Ecclesiae</span> <span class='ocrx_word' id='word_1_143' title='bbox 1084 2770 1175 2853; x_wconf 87' lang='lat' dir='ltr'>leges</span> <span class='ocrx_word' id='word_1_144' title='bbox 1200 2770 1244 2832; x_wconf 92' lang='lat' dir='ltr'>de</span> <span class='ocrx_word' id='word_1_145' title='bbox 1268 2767 1392 2830; x_wconf 85' lang='lat' dir='ltr'>divinis</span> <span class='ocrx_word' id='word_1_146' title='bbox 1407 2759 1488 2827; x_wconf 84' lang='lat' dir='ltr'>libris</span> 
     </span>
     <span class='ocr_line' id='line_1_22' title="bbox 390 2878 989 2963; baseline -0.01 -15"><span class='ocrx_word' id='word_1_147' title='bbox 390 2885 529 2948; x_wconf 91' lang='lat' dir='ltr'>edendis</span> <span class='ocrx_word' id='word_1_148' title='bbox 546 2882 696 2947; x_wconf 83' lang='lat' dir='ltr'>funditus</span> <span class='ocrx_word' id='word_1_149' title='bbox 713 2878 989 2963; x_wconf 88' lang='lat' dir='ltr'>posthabeantur.</span> 
     </span>
    </p>

    <p class='ocr_par' dir='ltr' id='par_1_8' title="bbox 388 2968 1492 3171">
     <span class='ocr_line' id='line_1_23' title="bbox 434 2968 1489 3064; baseline -0.019 -14"><span class='ocrx_word' id='word_1_150' title='bbox 434 2987 511 3051; x_wconf 90' lang='lat' dir='ltr'>Hae</span> <span class='ocrx_word' id='word_1_151' title='bbox 538 2987 755 3050; x_wconf 88' lang='lat' dir='ltr'>nihilominus</span> <span class='ocrx_word' id='word_1_152' title='bbox 771 2985 938 3048; x_wconf 90' lang='lat' dir='ltr'>versiones</span> <span class='ocrx_word' id='word_1_153' title='bbox 955 2981 1005 3059; x_wconf 91' lang='lat' dir='ltr'>iis,</span> <span class='ocrx_word' id='word_1_154' title='bbox 1021 2980 1078 3064; x_wconf 87' lang='lat' dir='ltr'>qui</span> <span class='ocrx_word' id='word_1_155' title='bbox 1103 2977 1223 3042; x_wconf 87' lang='lat' dir='ltr'>studiis</span> <span class='ocrx_word' id='word_1_156' title='bbox 1239 2973 1435 3058; x_wconf 83' lang='lat' dir='ltr'>theologicis</span> <span class='ocrx_word' id='word_1_157' title='bbox 1446 2968 1489 3034; x_wconf 83' lang='lat' dir='ltr'>cel</span> 
     </span>
     <span class='ocr_line' id='line_1_24' title="bbox 388 3081 1492 3171; baseline -0.018 -13"><span class='ocrx_word' id='word_1_158' title='bbox 388 3092 520 3158; x_wconf 89' lang='lat' dir='ltr'>biblicis</span> <span class='ocrx_word' id='word_1_159' title='bbox 535 3093 619 3156; x_wconf 90' lang='lat' dir='ltr'>dant</span> <span class='ocrx_word' id='word_1_160' title='bbox 634 3109 783 3171; x_wconf 87' lang='lat' dir='ltr'>operam,</span> <span class='ocrx_word' id='word_1_161' title='bbox 800 3087 1065 3171; x_wconf 86' lang='lat' dir='ltr'>permittuntur:</span> <span class='ocrx_word' id='word_1_162' title='bbox 1081 3085 1122 3147; x_wconf 89' lang='lat' dir='ltr'>iis</span> <span class='ocrx_word' id='word_1_163' title='bbox 1138 3081 1288 3159; x_wconf 89' lang='lat' dir='ltr'>servatis,</span> <span class='ocrx_word' id='word_1_164' title='bbox 1303 3098 1391 3162; x_wconf 88' lang='lat' dir='ltr'>quae</span> <span class='ocrx_word' id='word_1_165' title='bbox 1403 3095 1492 3159; x_wconf 86' lang='lat' dir='ltr'>supra</span> 
     </span>
    </p>
   </div>
   <div class='ocr_carea' id='block_1_7' title="bbox 389 3197 1056 3364">
    <p class='ocr_par' dir='ltr' id='par_1_9' title="bbox 389 3197 1056 3364">
     <span class='ocr_line' id='line_1_25' title="bbox 389 3197 736 3284; baseline -0.014 -21"><span class='ocrx_word' id='word_1_166' title='bbox 389 3201 435 3284; x_wconf 88' lang='lat' dir='ltr'>(n.</span> <span class='ocrx_word' id='word_1_167' title='bbox 454 3197 487 3280; x_wconf 86' lang='lat'>5)</span> <span class='ocrx_word' id='word_1_168' title='bbox 503 3205 632 3261; x_wconf 89' lang='lat' dir='ltr'>statuta</span> <span class='ocrx_word' id='word_1_169' title='bbox 647 3203 736 3258; x_wconf 91' lang='lat' dir='ltr'>sunt.</span> 
     </span>
     <span class='ocr_line' id='line_1_26' title="bbox 841 3293 1056 3364; baseline -0.028 0"><span class='ocrx_word' id='word_1_170' title='bbox 841 3298 971 3364; x_wconf 76' lang='lat' dir='ltr'>Carus</span> <span class='ocrx_word' id='word_1_171' title='bbox 996 3293 1056 3359; x_wconf 90' lang='lat' dir='ltr'>IV.</span> 
     </span>
    </p>
   </div>
   <div class='ocr_carea' id='block_1_8' title="bbox 773 3467 1120 3536">
    <p class='ocr_par' dir='ltr' id='par_1_10' title="bbox 773 3467 1120 3536">
     <span class='ocr_line' id='line_1_27' title="bbox 773 3467 1120 3536; baseline -0.012 1"><span class='ocrx_word' id='word_1_172' title='bbox 773 3473 826 3536; x_wconf 81' lang='lat' dir='ltr'>Dc</span> <span class='ocrx_word' id='word_1_173' title='bbox 841 3470 957 3536; x_wconf 83' lang='lat' dir='ltr'>Libris</span> <span class='ocrx_word' id='word_1_174' title='bbox 971 3467 1120 3533; x_wconf 83' lang='lat' dir='ltr'>obscenis.</span> 
     </span>
    </p>
   </div>
   <div class='ocr_carea' id='block_1_9' title="bbox 390 3639 1497 3957">
    <p class='ocr_par' dir='ltr' id='par_1_11' title="bbox 390 3639 1497 3957">
     <span class='ocr_line' id='line_1_28' title="bbox 434 3639 1493 3745; baseline -0.029 -16"><span class='ocrx_word' id='word_1_175' title='bbox 434 3681 462 3745; x_wconf 93' lang='lat'>9.</span> <span class='ocrx_word' id='word_1_176' title='bbox 480 3663 583 3738; x_wconf 92' lang='lat' dir='ltr'>Libri,</span> <span class='ocrx_word' id='word_1_177' title='bbox 599 3660 657 3743; x_wconf 91' lang='lat' dir='ltr'>qui</span> <span class='ocrx_word' id='word_1_178' title='bbox 673 3679 725 3722; x_wconf 88' lang='lat' dir='ltr'>res</span> <span class='ocrx_word' id='word_1_179' title='bbox 748 3656 891 3721; x_wconf 89' lang='lat' dir='ltr'>lascivas</span> <span class='ocrx_word' id='word_1_180' title='bbox 917 3672 974 3716; x_wconf 91' lang='lat' dir='ltr'>seu</span> <span class='ocrx_word' id='word_1_181' title='bbox 1003 3648 1167 3714; x_wconf 89' lang='lat' dir='ltr'>obscenas</span> <span class='ocrx_word' id='word_1_182' title='bbox 1182 3663 1228 3706; x_wconf 86' lang='lat' dir='ltr'>ex</span> <span class='ocrx_word' id='word_1_183' title='bbox 1252 3639 1406 3724; x_wconf 84' lang='lat' dir='ltr'>professo</span> <span class='ocrx_word' id='word_1_184' title='bbox 1420 3647 1493 3701; x_wconf 90' lang='lat' dir='ltr'>trac-</span> 
     </span>
     <span class='ocr_line' id='line_1_29' title="bbox 390 3745 1495 3845; baseline -0.032 -10"><span class='ocrx_word' id='word_1_185' title='bbox 390 3779 475 3845; x_wconf 90' lang='lat' dir='ltr'>tant,</span> <span class='ocrx_word' id='word_1_186' title='bbox 487 3775 633 3841; x_wconf 88' lang='lat' dir='ltr'>narrant,</span> <span class='ocrx_word' id='word_1_187' title='bbox 645 3773 703 3828; x_wconf 90' lang='lat' dir='ltr'>aut</span> <span class='ocrx_word' id='word_1_188' title='bbox 714 3763 849 3836; x_wconf 90' lang='lat' dir='ltr'>docent,</span> <span class='ocrx_word' id='word_1_189' title='bbox 859 3777 936 3822; x_wconf 93' lang='lat' dir='ltr'>cum</span> <span class='ocrx_word' id='word_1_190' title='bbox 949 3775 1015 3819; x_wconf 91' lang='lat' dir='ltr'>non</span> <span class='ocrx_word' id='word_1_191' title='bbox 1026 3751 1135 3822; x_wconf 87' lang='lat' dir='ltr'>solum</span> <span class='ocrx_word' id='word_1_192' title='bbox 1147 3745 1235 3821; x_wconf 88' lang='lat' dir='ltr'>fidei,</span> <span class='ocrx_word' id='word_1_193' title='bbox 1246 3745 1312 3809; x_wconf 87' lang='lat' dir='ltr'>sed·</span> <span class='ocrx_word' id='word_1_194' title='bbox 1320 3753 1355 3808; x_wconf 90' lang='lat' dir='ltr'>et</span> <span class='ocrx_word' id='word_1_195' title='bbox 1366 3758 1495 3811; x_wconf 88' lang='lat' dir='ltr'>momm,</span> 
     </span>
     <span class='ocr_line' id='line_1_30' title="bbox 390 3845 1497 3957; baseline -0.03 -20"><span class='ocrx_word' id='word_1_196' title='bbox 390 3874 448 3957; x_wconf 90' lang='lat' dir='ltr'>qui</span> <span class='ocrx_word' id='word_1_197' title='bbox 474 3869 668 3936; x_wconf 89' lang='lat' dir='ltr'>huiusmodi</span> <span class='ocrx_word' id='word_1_198' title='bbox 696 3867 857 3930; x_wconf 92' lang='lat' dir='ltr'>librorum</span> <span class='ocrx_word' id='word_1_199' title='bbox 894 3861 1038 3924; x_wconf 89' lang='lat' dir='ltr'>lectione</span> <span class='ocrx_word' id='word_1_200' title='bbox 1065 3853 1164 3919; x_wconf 89' lang='lat' dir='ltr'>lacile</span> <span class='ocrx_word' id='word_1_201' title='bbox 1190 3848 1359 3930; x_wconf 89' lang='lat' dir='ltr'>corrumpi</span> <span class='ocrx_word' id='word_1_202' title='bbox 1387 3845 1497 3915; x_wconf 87' lang='lat' dir='ltr'>solent,</span> 
     </span>
    </p>
   </div>
   <div class='ocr_carea' id='block_1_10' title="bbox 390 3963 1498 4149">
    <p class='ocr_par' dir='ltr' id='par_1_12' title="bbox 390 3963 1498 4149">
     <span class='ocr_line' id='line_1_31' title="bbox 390 3963 1123 4048; baseline -0.025 -6"><span class='ocrx_word' id='word_1_203' title='bbox 390 3977 477 4042; x_wconf 88' lang='lat' dir='ltr'>ratio</span> <span class='ocrx_word' id='word_1_204' title='bbox 492 3976 650 4040; x_wconf 85' lang='lat' dir='ltr'>habenda</span> <span class='ocrx_word' id='word_1_205' title='bbox 665 3972 718 4048; x_wconf 90' lang='lat' dir='ltr'>sit,</span> <span class='ocrx_word' id='word_1_206' title='bbox 734 3968 877 4033; x_wconf 90' lang='lat' dir='ltr'>omnino</span> <span class='ocrx_word' id='word_1_207' title='bbox 893 3963 1123 4048; x_wconf 88' lang='lat' dir='ltr'>prohibentur.</span> 
     </span>
     <span class='ocr_line' id='line_1_32' title="bbox 439 4053 1498 4149; baseline -0.031 -4"><span class='ocrx_word' id='word_1_208' title='bbox 439 4098 486 4146; x_wconf 92' lang='lat'>10.</span> <span class='ocrx_word' id='word_1_209' title='bbox 511 4078 604 4143; x_wconf 90' lang='lat' dir='ltr'>Libri</span> <span class='ocrx_word' id='word_1_210' title='bbox 631 4087 807 4142; x_wconf 88' lang='lat' dir='ltr'>auctorum</span> <span class='ocrx_word' id='word_1_211' title='bbox 833 4071 902 4135; x_wconf 90' lang='lat' dir='ltr'>sive</span> <span class='ocrx_word' id='word_1_212' title='bbox 926 4069 1151 4149; x_wconf 89' lang='lat' dir='ltr'>antiquorum,</span> <span class='ocrx_word' id='word_1_213' title='bbox 1173 4061 1244 4124; x_wconf 87' lang='lat' dir='ltr'>sive</span> <span class='ocrx_word' id='word_1_214' title='bbox 1272 4053 1498 4121; x_wconf 86' lang='lat' dir='ltr'>recentiorum,</span> 
     </span>
    </p>
   </div>
   <div class='ocr_carea' id='block_1_11' title="bbox 390 4152 1496 4470">
    <p class='ocr_par' dir='ltr' id='par_1_13' title="bbox 390 4152 1496 4470">
     <span class='ocr_line' id='line_1_33' title="bbox 390 4152 1496 4267; baseline -0.032 -18"><span class='ocrx_word' id='word_1_215' title='bbox 390 4204 476 4267; x_wconf 91' lang='lat' dir='ltr'>quos</span> <span class='ocrx_word' id='word_1_216' title='bbox 500 4183 658 4246; x_wconf 87' lang='lat' dir='ltr'>classicos</span> <span class='ocrx_word' id='word_1_217' title='bbox 684 4186 817 4254; x_wconf 89' lang='lat' dir='ltr'>vocant,</span> <span class='ocrx_word' id='word_1_218' title='bbox 833 4177 860 4240; x_wconf 90' lang='lat' dir='ltr'>si</span> <span class='ocrx_word' id='word_1_219' title='bbox 885 4175 949 4238; x_wconf 89' lang='lat' dir='ltr'>hac</span> <span class='ocrx_word' id='word_1_220' title='bbox 966 4174 1038 4255; x_wconf 89' lang='lat' dir='ltr'>ipsa</span> <span class='ocrx_word' id='word_1_221' title='bbox 1062 4163 1281 4250; x_wconf 89' lang='lat' dir='ltr'>turpitudinis</span> <span class='ocrx_word' id='word_1_222' title='bbox 1297 4159 1372 4224; x_wconf 85' lang='lat' dir='ltr'>labe</span> <span class='ocrx_word' id='word_1_223' title='bbox 1389 4152 1496 4221; x_wconf 86' lang='lat' dir='ltr'>inlecti</span> 
     </span>
     <span class='ocr_line' id='line_1_34' title="bbox 391 4258 1495 4367; baseline -0.029 -16"><span class='ocrx_word' id='word_1_224' title='bbox 391 4296 480 4362; x_wconf 90' lang='lat' dir='ltr'>sunt,</span> <span class='ocrx_word' id='word_1_225' title='bbox 513 4293 650 4367; x_wconf 89' lang='lat' dir='ltr'>propter</span> <span class='ocrx_word' id='word_1_226' title='bbox 676 4281 847 4363; x_wconf 42' lang='lat' dir='ltr'>,sermonis</span> <span class='ocrx_word' id='word_1_227' title='bbox 880 4277 1082 4361; x_wconf 88' lang='lat' dir='ltr'>elegantiam</span> <span class='ocrx_word' id='word_1_228' title='bbox 1116 4281 1151 4334; x_wconf 88' lang='lat' dir='ltr'>et</span> <span class='ocrx_word' id='word_1_229' title='bbox 1182 4267 1432 4351; x_wconf 86' lang='lat' dir='ltr'>proprietatem,</span> <span class='ocrx_word' id='word_1_230' title='bbox 1460 4258 1495 4320; x_wconf 86' lang='lat' dir='ltr'>iis</span> 
     </span>
     <span class='ocr_line' id='line_1_35' title="bbox 390 4365 1496 4470; baseline -0.028 -16"><span class='ocrx_word' id='word_1_231' title='bbox 390 4400 523 4454; x_wconf 90' lang='lat' dir='ltr'>tantum</span> <span class='ocrx_word' id='word_1_232' title='bbox 548 4387 797 4470; x_wconf 87' lang='lat' dir='ltr'>permittuntur,</span> <span class='ocrx_word' id='word_1_233' title='bbox 814 4404 899 4468; x_wconf 89' lang='lat' dir='ltr'>quos</span> <span class='ocrx_word' id='word_1_234' title='bbox 923 4381 1022 4449; x_wconf 90' lang='lat' dir='ltr'>officii</span> <span class='ocrx_word' id='word_1_235' title='bbox 1047 4385 1106 4443; x_wconf 87' lang='lat' dir='ltr'>aut</span> <span class='ocrx_word' id='word_1_236' title='bbox 1131 4369 1316 4456; x_wconf 86' lang='lat' dir='ltr'>magisterii</span> <span class='ocrx_word' id='word_1_237' title='bbox 1341 4365 1428 4430; x_wconf 89' lang='lat' dir='ltr'>ratio</span> <span class='ocrx_word' id='word_1_238' title='bbox 1443 4381 1496 4424; x_wconf 83' lang='lat' dir='ltr'>ex·</span> 
     </span>
    </p>
   </div>
   <div class='ocr_carea' id='block_1_12' title="bbox 0 0 1586 4859">
    <p class='ocr_par' dir='ltr' id='par_1_14' title="bbox 0 0 1586 4859">
     <span class='ocr_line' id='line_1_36' title="bbox 0 0 1586 4859; baseline 0 0"><span class='ocrx_word' id='word_1_239' title='bbox 0 0 1586 4859; x_wconf 95' lang='lat' dir='ltr'> </span> 
     </span>
    </p>
   </div>
  </div>
 </body>
</html>
