3117 4859
422 349 474 402 na
500 347 665 402 nosnuro
692 347 866 400 uramara.
965 337 966 342 ‘
1130 341 1201 416 215

93 494 150 559 ubi
166 492 318 557 habitum
335 490 414 555 fidei
430 491 464 554 in
476 491 711 555 claritudinem
725 490 853 573 gloriae
865 486 1101 554 commutabit.
1114 485 1204 551 Sane
1292 517 1322 551 ω

92 615 171 661 vero
186 597 220 660 in
237 595 372 661 Rosarli
387 595 544 660 instituto
559 593 745 660 luculenter
760 595 886 659 eminet
910 592 1064 659 Christus
1079 611 1087 669 ;
1109 589 1204 654 cuius
1260 564 1349 682 ᾗῇ

92 704 196 767 sitam
222 700 421 765 meditando
445 698 682 781 conspicimus,
696 707 731 763 et
755 699 924 781 priuatam
952 697 985 760 iu
1013 694 1155 779 gaudiis,
1170 700 1204 757 et
1229 733 1374 784 utramuis

92 805 262 888 publicam
293 822 445 868 summos
475 804 562 867 inter
592 801 723 866 labores
752 801 955 886 doloresque
979 801 1021 864 ad
1051 805 1204 872 mortem,
1225 793 1373 903 amm

92 909 237 994 denique
252 907 445 991 gloriosam,
454 926 541 990 quae
558 906 603 972 ab
618 905 767 970 anastasi
783 905 1035 988 triumphantis,
1047 902 1081 968 in
1097 912 1202 968 aeter·
1224 872 1321 977 iham
1331 913 1361 960 tn

117 1016 125 1030 ι
554 1012 562 1026 ο
938 1009 946 1026 ,
1137 1006 1145 1022 .
1228 978 1262 1023 Μ
1272 973 1354 1022 steriir

92 1022 234 1079 nrtatem
250 1011 417 1096 profertur
431 1010 580 1075 sedentrs
596 1009 640 1075 ad
656 1011 836 1075 dexteram
855 1010 973 1074 Patns.
984 1007 1030 1072 Et
1042 1025 1202 1091 quomam
1219 1092 1221 1100 γ
1228 991 1338 1083 nisam.

92 1117 184 1195 fides,
199 1127 237 1180 ut
249 1116 350 1197 plena
363 1114 536 1200 dignaque
546 1115 600 1191 sit,
611 1133 648 1178 se
658 1115 779 1196 prodat
791 1133 928 1178 necesse
941 1122 1002 1190 est,
1012 1111 1105 1176 corde
1115 1109 1203 1174 enim
1229 1145 1301 1194 M,-
1308 1143 1381 1204 msc

98 1219 484 1295 credituradiustitram,
502 1228 674 1284 areautem
696 1218 854 1299 confessio
864 1218 914 1303 fit
930 1216 978 1281 ad
989 1213 1203 1298 salutem(¹);
1220 1206 1368 1327 Jfflm

91 1336 269 1408 propterea
284 1325 327 1388 ad
345 1324 433 1387 hanc
447 1324 550 1387 etiarn
574 1322 740 1386 habemus
762 1342 809 1388 ex
836 1322 981 1387 Rosario
1008 1319 1202 1385 facultatem
1227 1325 1341 1432 m*

89 1430 265 1513 optimam.
283 1427 373 1492 Nam
389 1447 449 1510 per
464 1446 521 1491 eas
533 1428 655 1510 quibus
665 1425 832 1492 intexitur
843 1425 976 1491 vocales
988 1443 1113 1508 preces,
1125 1423 1203 1488 licet
1229 1395 1380 1492 matrinis&

89 1551 292 1617 expromere
315 1551 354 1594 ac
377 1530 526 1613 profiteri
549 1529 651 1596 fidem
676 1531 708 1594 in
728 1530 853 1609 Deum,
868 1527 1202 1614 providentissimum
1223 1505 1337 1611 {pm}

90 1636 197 1701 nostri
227 1644 370 1719 patrem,
394 1635 427 1700 in
459 1635 590 1699 venturi
620 1635 745 1700 saeculi
776 1635 893 1713 vitam,
922 1634 956 1698 ln
987 1640 1202 1716 peccatorum

90 1741 322 1805 remissionem
339 1760 348 1816 ;
363 1740 466 1804 etiam
483 1739 517 1802 in
535 1740 696 1820 mysteria
711 1738 892 1803 Trinitatis
909 1747 1082 1821 augustae,
1098 1735 1202 1802 Verbi

89 1845 237 1909 hominis
254 1843 345 1923 sacti,
360 1844 585 1909 maternitatis
601 1843 735 1908 divinae
751 1853 855 1927 atque
872 1843 946 1909 alia
960 1845 1073 1908 Nemo
1088 1852 1201 1908 autem
1229 1860 1341 1928 ennam

88 1959 142 2013 est
158 1949 290 2013 nescius
305 1957 470 2031 quantum
487 1949 531 2012 sit
548 1947 692 2031 pretium
709 1949 936 2032 meritumque
962 1947 1049 2012 fidei.
1066 1946 1202 2031 Quippe
1227 1921 1353 2040 ξ’,ᾌᾜ

90 2051 175 2116 fides
200 2072 268 2116 non
295 2073 392 2117 secus
413 2062 465 2118 est
487 2073 527 2116 ac
543 2053 763 2116 lectissimum
779 2071 927 2136 germen,
943 2052 1076 2117 virtutis
1092 2051 1202 2116 omnis
1227 2039 1363 2101 “mim'-

89 2155 188 2221 flores
203 2156 238 2219 iu
254 2159 445 2240 praeseutia
460 2155 630 2233 emittens,
645 2157 768 2238 quibus
785 2157 966 2240 probemur
978 2155 1064 2234 Deo,
1075 2156 1202 2220 tructus

88 2261 214 2326 deinde
238 2261 418 2325 allaturum
450 2263 507 2344 qui
535 2272 700 2344 perpetuo
724 2271 906 2327 maneant:
931 2262 1036 2326 Nosse
1061 2261 1148 2324 enim
1173 2269 1203 2324 ta

87 2375 315 2429 camummata
331 2365 463 2430 iustitia
476 2375 533 2442 est,
548 2375 580 2429 at
589 2364 672 2428 scira
687 2366 854 2431 iustitiam
876 2376 907 2430 et
932 2367 1086 2430 vr'rtutem
1110 2374 1202 2434 tuam

89 2469 192 2534 radix
219 2481 268 2534 est
297 2469 586 2552 immortalitatis(
603 2468 625 2553 ).
641 2471 873 2535 -Admonet
904 2470 998 2534 locus
1030 2478 1067 2534 ut
1098 2489 1201 2534 unum
1228 2505 1361 2558 Dm„

88 2573 298 2651 adiiciamus,
314 2575 463 2638 attinens
479 2575 638 2639 nimirum
655 2577 698 2640 ad
716 2573 827 2641 officia
843 2577 1006 2640 virtutum
1028 2595 1116 2658 quae
1131 2575 1203 2640 iure
1228 2566 1371 2679 βψ

1238 2637 1289 2680 ruit

87 2697 150 2742 suo
166 2678 316 2760 postulat
332 2677 424 2742 fides.
443 2677 506 2743 Est
522 2679 608 2744 inter
625 2700 682 2744 eas
697 2681 928 2763 poenitentiae
938 2681 1053 2758 virtus,
1064 2681 1203 2763 eiusque
1228 2694 1317 2742 virens.
1366 2747 1372 2759 ,

87 2800 167 2864 pars
191 2784 293 2846 etlam
320 2791 372 2846 est
396 2781 606 2862 abstinentia,
622 2804 689 2848 non
716 2804 786 2848 uno
811 2785 949 2848 nomine
975 2792 1008 2848 ct
1030 2784 1146 2850 debita
1169 2793 1203 2847 et
1227 2748 1381 2862 ss‘ss‘t'iffiu'

86 2885 254 2952 salutaris.
270 2887 310 2950 In
327 2906 396 2969 quo
412 2886 549 2970 quidem
566 2889 592 2950 si
610 2887 696 2952 filios
723 2909 803 2953 suos
829 2889 982 2952 Ecclesia
1005 2887 1203 2953 clementius
1229 2870 1371 2992 fffflssve,

88 2992 121 3054 in
138 2990 218 3058 dies
240 2990 354 3067 habet,
374 3001 410 3055 at
435 2991 573 3055 videant
588 2993 652 3074 ipsi
668 2992 881 3076 diligentiam
897 2993 961 3058 sibi
977 3011 1113 3056 omnem
1130 3013 1203 3057 esse
1229 2987 1342 3097 ”223⁵ss

89 3093 319 3159 adhibendam
338 3104 375 3159 ut
397 3094 643 3178 indulgentiam
668 3105 857 3161 maternam
883 3097 958 3161 aliis
981 3106 1202 3180 compensent
1228 3068 1325 3174 {fiam

87 3197 213 3263 officiis.
227 3199 328 3264 Libet
344 3201 473 3264 veroin
493 3200 580 3264 hanc
592 3202 715 3283 pariter
726 3221 881 3267 caussam
894 3203 1052 3266 eumdem
1071 3201 1203 3264 Rosarli
1229 3237 1302 3284 qm
1312 3220 1348 3292 aa

87 3321 187 3366 usum
203 3323 279 3367 cum
293 3304 409 3386 primis
423 3323 620 3386 proponere,
630 3305 687 3387 qui
700 3306 808 3369 bonos
823 3307 1057 3386 poenitentiae
1068 3306 1205 3384 fructus,
1230 3285 1353 3389 m?

88 3409 239 3471 maxime
255 3409 300 3472 ab
315 3408 498 3491 angoribus
524 3407 649 3472 Christi
675 3419 709 3472 et
736 3407 857 3474 Matris
887 3409 1082 3488 recolendis,
1098 3428 1205 3492 aeque
1230 3401 1333 3509 ἐπ’

87 3520 202 3593 potest
217 3510 357 3576 efficere.
1310 3494 1316 3508 ι

132 3614 328 3680 Nitentibus
343 3615 446 3699 igitur
461 3617 504 3681 ad
525 3637 695 3682 summum
713 3618 892 3696 bonorum,
912 3639 993 3682 sane
1008 3639 1110 3704 quam
1128 3641 1202 3704 prn—
1230 3655 1380 3708 mmm,

86 3719 214 3784 videnti
238 3721 380 3784 consilio
406 3721 470 3785 hoc
497 3721 631 3786 Rosarli
660 3725 897 3788 adiumentum
927 3724 1117 3789 exhibitum
1144 3735 1204 3806 est,
1231 3717 1348 3836 mr&

87 3822 189 3906 idque
212 3833 282 3888 tam
306 3835 502 3906 promptum
527 3828 685 3891 omnibus
710 3836 814 3911 atque
837 3827 1039 3911 expeditum
1063 3837 1100 3893 ut
1121 3830 1202 3893 nihil
1229 3833 1380 3889 cassanen,

88 3928 205 4009 magis.
221 3925 343 4010 Quivis
368 3929 458 3992 enim
480 3928 643 4012 religione
658 3931 710 3995 vel
734 3935 950 3998 mediocriter
971 3935 1146 3999 institutus
1162 3956 1203 4000 eo
1225 3909 1365 4013 xiima.

87 4033 186 4098 facile
210 4034 260 4097 uti
285 4044 418 4097 etcum
445 4031 554 4099 fructu
578 4046 712 4118 potest;
737 4058 847 4121 neque
872 4059 925 4103 res
949 4048 1000 4103 est
1015 4041 1101 4105 tanti
1118 4050 1201 4107 tem-

88 4138 180 4220 poris
196 4156 282 4220 quae
297 4137 496 4220 cuiusquam
518 4141 663 4224 negotiis
682 4140 803 4207 afferat
829 4163 969 4208 moram.
991 4143 1202 4228 Opportunis

88 4241 254 4323 clarisque
280 4241 448 4323 exemplis
474 4243 649 4308 abundant
674 4246 813 4310 annales
839 4248 950 4312 sacri:
976 4250 1125 4334 satisque
1151 4263 1202 4319 est

119 4379 140 4413 1.
153 4367 232 4419 Rom..
245 4374 271 4419 x,
286 4377 322 4413 ro.
334 4389 365 4400 -
379 4379 400 4414 a
414 4367 483 4428 Sap,
493 4377 538 4422 xv,
552 4382 574 4427 a
