3117 4859
311 365 363 416 DE
390 365 724 416 ORDINATIONIBUS
751 365 998 416 ANGLICANIS.
1131 363 1202 436 207

95 511 164 587 lita,
178 528 265 591 quae
274 508 457 572 arbitratur
468 527 569 589 posse
585 509 675 570 idem
688 506 851 571 Ordinale
868 509 910 572 ad
927 529 1044 572 sanam
1062 522 1204 573 rectam·
1292 543 1321 588 ta

96 633 160 697 que
186 613 387 681 sententiam
405 611 548 694 intelligi
577 622 611 676 et
638 613 768 691 deduci.
792 612 902 691 Vana,
918 614 1098 695 inquimus,
1114 613 1206 678 fuere
1262 589 1354 700 ⁸1}ss

94 726 126 782 et
142 725 221 780 sunt
236 715 429 779 huiusmodi
446 726 588 780 conata:
604 716 706 798 idque
719 717 783 779 hac
800 718 902 780 etiam
914 719 956 780 de
966 737 1094 795 caussa,
1103 718 1205 801 quod,
1231 768 1307 812 quum
1319 755 1347 801 i„

94 821 122 884 si
138 840 204 903 qua
220 819 358 903 quidem
374 820 487 899 verba,
498 821 533 883 in
545 820 700 886 Ordinali
711 820 892 902 anglicano
905 832 941 885 ut
954 841 1043 884 nunc
1057 831 1116 898 est,
1128 842 1205 904 por·
1231 814 1383 932 mm

93 918 204 1006 rigant
220 924 301 987 sein
319 925 527 1006 ambiguum,
553 944 593 988 ea
609 934 723 988 tamen
748 944 881 988 sumere
897 945 1032 989 sensum
1046 925 1203 989 eumdem
1231 935 1387 1052 Ξὲιξνοιοᾳζὲπαεῖ

93 1037 266 1111 nequeunt
281 1047 380 1111 quem
391 1027 518 1092 habent
534 1029 568 1092 in
585 1029 650 1092 ritu
662 1029 837 1094 catholico.
861 1029 950 1092 Nam
964 1028 1066 1093 semel
1080 1038 1206 1094 novato
1232 1052 1376 1098 sacramen-

94 1134 168 1209 ritu,
184 1141 222 1196 ut
248 1132 403 1209 vidimus,
419 1153 487 1214 quo
502 1152 625 1215 nempe
641 1143 783 1216 negetur
800 1133 852 1198 vel
875 1134 1083 1198 adulteretur
1097 1154 1205 1197 sacra·
1233 1113 1370 1216 {iamsi

95 1245 247 1300 mentum
266 1235 414 1314 Ordinis,
429 1245 463 1300 et
479 1258 498 1299 a
515 1257 583 1318 quo
599 1239 738 1319 quaevis
754 1239 850 1302 notio
867 1237 1044 1319 repudiata
1069 1238 1112 1301 sit
1128 1258 1207 1302 con·
1234 1232 1380 1290 '‘tum'‘-

96 1340 294 1404 secrationis
310 1349 344 1402 et
356 1339 509 1403 sacrificii
525 1363 533 1419 3
549 1342 617 1404 iam
629 1343 768 1405 minime
779 1351 913 1406 constat
930 1341 1083 1420 formula,
1094 1342 1211 1425 Accipe

98 1443 270 1527 Spiritum
286 1443 457 1522 Sanctum,
472 1444 530 1526 qui
542 1445 697 1526 Spiritus,
709 1466 786 1518 cum
804 1446 912 1528 gratia
929 1445 1086 1509 nimirum
1099 1467 1208 1510 sacra·

96 1549 213 1626 menti,
241 1549 438 1612 inanimam
465 1549 677 1627 infunditur3
700 1550 906 1632 minimeque
922 1559 1080 1615 constant
1107 1550 1235 1616 verba·

97 1652 167 1728 illa,
183 1652 232 1716 ad
236 1652 375 1736 officium
390 1663 421 1715 et
434 1664 512 1734 opus
515 1653 700 1735 presbytcri
713 1653 765 1718 vel
777 1653 914 1736 epsicopi
928 1673 967 1717 ac
978 1654 1110 1728 similia,
1122 1675 1209 1737 quae

94 1767 226 1822 restant
252 1757 392 1820 nomina
408 1758 481 1820 sine
508 1777 662 1840 requam
691 1759 837 1822 instituit
855 1757 1018 1824 Christus.
1033 1797 1077 1808 —
1097 1759 1214 1822 Huius*
1235 1795 1367 1853 Hujusvu

95 1862 165 1925 vim
183 1860 377 1942 argumenti
394 1871 605 1944 perspectam
619 1863 683 1944 ipsi
696 1861 823 1926 habent
840 1862 990 1944 plerique
1015 1861 1209 1944 Anglicani,
1234 1857 1385 1972 mgni·

98 1966 372 2030 observantiores
397 1966 570 2031 Ordinalis
586 1967 787 2048 interpretes
804 1987 811 2044 ;
831 1987 933 2047 quam
957 1986 1023 2031 non
1044 1967 1208 2031 'dissimu
1229 1979 1350 2044 perspefra

93 2069 150 2133 lan
158 2079 212 2134 ter
227 2069 275 2132 eis
290 2069 455 2134 obiiciunt
472 2069 540 2152 qui,
554 2089 642 2134 nove
659 2072 768 2152 ipsum
786 2071 1057 2152 interpretantes,
1074 2069 1209 2135 Ordini·
1234 2033 1375 2163 {is's'fssc‘t‘ii-

93 2173 158 2239 bus
177 2174 260 2237 inde
284 2173 417 2237 collatis
432 2174 578 2256 pretium
594 2175 823 2256 virtutemque
838 2193 906 2238 non
924 2193 1018 2238 suam
1046 2195 1107 2257 spe
1122 2195 1210 2250 vana
1234 2153 1378 2269 5222}ss

93 2277 276 2364 affingunt.
299 2278 431 2341 Eodem
448 2299 549 2361 porro
565 2287 765 2360 argumento
777 2278 830 2341 vel
844 2298 911 2341 uno
924 2278 1006 2342 illud
1024 2281 1125 2343 etiam
1139 2301 1209 2342 cor·
1236 2271 1388 2388 ssgssnssmni'

94 2382 175 2460 ruit,
191 2382 405 2464 opinantium
422 2402 522 2464 posse
538 2382 571 2447 in
589 2383 776 2464 legitimam
805 2381 943 2446 Ordinis
960 2383 1103 2447 sormam
1121 2382 1211 2447 suffi·
1237 2389 1311 2438 Deus.

94 2505 175 2550 cere
191 2487 433 2569 precationem,
460 2487 670 2569 Omnipotens
683 2486 784 2564 Deus,
800 2487 956 2550 bonorum
971 2487 1119 2550 omnium
1143 2488 1211 2554 lar·

89 2590 198 2672 gitor,
214 2610 301 2673 quae
327 2591 391 2656 sub
407 2591 539 2655 initium
565 2600 617 2655 est
633 2592 763 2656 ritualis
779 2592 944 2670 actionis;
968 2593 1100 2655 etiamsi
1126 2593 1213 2657 lorte

96 2693 217 2759 haberi
233 2715 273 2759 ea
288 2705 404 2777 posset
420 2705 597 2779 tamquam
613 2696 781 2760 sufficiens
795 2697 827 2758 in
840 2697 903 2760 ritu
921 2694 1034 2778 aliquo
1045 2695 1212 2761 catholico

96 2818 203 2882 quern
220 2799 373 2864 Ecclesia
389 2801 574 2882 probasset.
586 2837 630 2850 -
647 2801 734 2865 Cum
750 2799 814 2864 hoc
830 2800 934 2882 igitur
950 2800 1071 2864 intimo
1076 2803 1212 2881 formae
1239 2850 1381 2897 Ordinatio·

93 2902 225 2984 defectu
245 2905 445 2969 coniunctus
461 2914 512 2969 est
527 2904 671 2986 dissutus
691 2904 894 2980 intentionis,
906 2924 1008 2985 quam
1025 2924 1131 2986 aeque
1154 2923 1210 2967 ne·
1237 2911 1370 2969 anangu-

96 3009 246 3073 cessario
261 3009 418 3092 postulat,
434 3017 473 3073 ut
484 3010 537 3086 sit,
552 3018 811 3072 sacramentum.
834 3009 888 3071 De
905 3017 1018 3071 mente
1034 3008 1085 3071 vel
1102 3009 1211 3071 inten-
1236 2983 1376 3074 52:525ssss

95 3113 202 3190 tione,
217 3121 336 3197 utpote
351 3133 438 3196 quae
453 3133 514 3196 per
529 3133 566 3176 se
581 3114 743 3195 quiddam
756 3121 808 3177 est
818 3111 966 3188 interius,
980 3111 1133 3176 Ecclesia
1143 3131 1210 3174 non
1238 3087 1358 3192 {ffim

30 3261 35 3272 ·
96 3218 250 3284 iudicat:
272 3227 308 3282 at
324 3227 491 3301 quatenus
513 3227 613 3281 extra
628 3216 790 3299 proditur,
818 3217 966 3281 iudicare
981 3217 1024 3279 de
1040 3235 1079 3278 ea
1100 3215 1210 3279 debet.
1236 3205 1390 3310 s'ffledn

92 3321 258 3387 -lamvero
273 3343 377 3406 quum
394 3323 469 3405 quis
485 3322 529 3386 ad
547 3331 796 3385 sacramentum
813 3318 1060 3384 conficiendum
1078 3328 1112 3383 et
1132 3340 1210 3382 con·
1236 3298 1390 3394 quadratam

98 3426 279 3492 ferendum
296 3427 474 3490 materiam
491 3425 702 3508 formamque
716 3425 869 3488 debitam
886 3425 973 3487 serio
988 3442 1027 3486 ac
1044 3423 1106 3487 rite
1116 3423 1209 3486 adhi-
1236 3391 1384 3430 mamonis.

94 3531 184 3608 buit,
199 3549 241 3594 eo
261 3531 335 3611 ipso
360 3537 517 3593 censetur
540 3530 574 3593 id
598 3529 756 3592 nimirum
781 3527 891 3592 iacere
912 3527 1097 3591 intendisse
1119 3528 1210 3609 quod

94 3633 182 3698 t‘acit
211 3633 373 3698 Ecclesia.
398 3632 476 3715 Quo
502 3653 583 3697 sane
598 3631 765 3715 principio
781 3632 935 3695 innititur
951 3631 1105 3695 doctrina
1125 3652 1212 3713 quae

95 3747 195 3802 tenet
221 3757 295 3801 esse
324 3758 401 3801 vere
427 3745 676 3805 sacramentum
708 3735 760 3799 vel
792 3735 884 3812 illud,
908 3736 1000 3820 quod
1027 3736 1213 3800 ministerio

96 3842 250 3907 hominis
265 3841 423 3906 baeretici
448 3851 507 3905 aut
520 3861 586 3904 non
604 3840 778 3922 baptizati,
793 3840 983 3904 dummodo
1006 3841 1069 3903 ritu
1098 3838 1212 3904 catho-

94 3947 175 4025 lico,
203 3945 401 4011 conferatur.
426 3947 564 4021 Contra,
588 3945 616 4008 si
632 3946 716 4008 ritus
743 3945 949 4022 immutetur,
967 3963 1007 4006 eo
1033 3945 1213 4008 manilesto

94 4049 245 4115 consilio
261 4061 298 4114 ut
314 4049 398 4114 alius
414 4051 593 4113 inducatur
609 4049 652 4111 ab
669 4048 824 4111 Ecclesia
839 4067 905 4110 non
922 4055 1086 4129 receptus,
1107 4057 1211 4131 utque

95 4156 132 4220 id
147 4154 333 4236 repellatur
357 4155 447 4238 quod
474 4153 556 4218 sacit
580 4153 734 4216 Ecclesia
760 4161 795 4217 et
812 4152 901 4235 quod
927 4172 972 4216 ex
998 4153 1211 4218 institutione

96 4258 230 4324 Christi
255 4259 298 4322 ad
325 4269 480 4322 naturam
507 4258 632 4321 attinet
657 4256 869 4334 sacramenti,
899 4265 979 4320 tunc
1009 4257 1121 4339 palam
1153 4268 1213 4336 est,

95 4381 170 4428 non
199 4361 308 4428 solum
336 4363 557 4428 necessariam
589 4370 801 4425 sacramento
829 4361 1053 4424 intentionem
1084 4362 1212 4441 deesse,
