3117 4859
410 1146 739 1221 QAETITIAE
769 1149 920 1216 sanctae,
948 1158 1051 1223 quam
1082 1138 1190 1203 Nobis
1237 1157 1347 1200 annus
1385 1136 1476 1219 quin·

228 1147 408 1369 8,ξὲζῖ
534 1222 800 1442 ἒᾳυιιςεεὶιιιιιε
816 1245 860 1307 ab
875 1243 1057 1338 episcopali
1073 1242 1327 1306 consecratione
1343 1240 1478 1305 feliciter

264 1372 411 1520 Ma
433 1222 701 1442 Lgplenus
732 1350 888 1425 adduxit,
911 1356 1068 1430 pergrata
1100 1346 1257 1410 nimirum
1284 1343 1478 1408 excoluit

198 1460 263 1507 ‘²⁰0²
283 1460 347 1507 Pon-
372 1372 560 1522 am
582 1454 737 1532 accessio,
752 1455 843 1537 quod
860 1472 988 1529 omnes,
1003 1472 1062 1535 per
1078 1452 1329 1515 universitatem
1343 1450 1476 1515 catholi-

220 1525 350 1654 quinffi
375 1575 488 1621 carum
505 1559 666 1639 gentium,
677 1578 744 1621 non
756 1578 853 1620 secus
868 1576 908 1620 ac
924 1555 1010 1618 filios
1028 1564 1132 1637 pater,
1141 1563 1316 1617 consortes
1328 1554 1476 1617 habueri·

215 1657 349 1770 {astamus
376 1680 459 1738 mus,
474 1660 552 1726 fidei
568 1673 603 1726 et
618 1663 741 1725 amoris
757 1659 1004 1743 significatione
1020 1660 1252 1743 pulcherrima
1266 1660 1305 1722 ln
1317 1678 1386 1743 quo
1396 1677 1477 1722 nova

198 1722 350 1835 rupim
374 1786 507 1849 semper
522 1788 597 1831 cum
614 1769 722 1850 gratia
736 1769 952 1849 agnoscimus
968 1777 1001 1830 et
1018 1766 1253 1847 praedicamus
1284 1764 1350 1827 Dei
1376 1763 1476 1846 provi

206 1854 349 1967 ”aiff‘f
376 1873 486 1936 dentis
502 1872 688 1949 consilium,
705 1882 738 1933 et
755 1891 886 1934 summe
902 1872 935 1933 in
954 1870 1191 1953 Nosmetipsos
1214 1868 1427 1948 benevolum,
1448 1876 1478 1931 et

216 1986 293 2031 auxit
305 1985 347 2033 Fi·
378 1976 550 2039 Ecclesiae
562 1996 643 2039 suae
658 1976 749 2039 haud
767 1976 885 2039 leviter
900 1974 1137 2057 profuturum
1155 1994 1265 2057 neque
1280 1975 1393 2039 minus
1408 1984 1479 2039 avet

197 2050 348 2163 {fssj‘mh‘
377 2081 517 2159 animus,
530 2082 680 2147 eiusdem
697 2079 851 2145 beneficii
868 2082 1031 2163 optimam
1049 2081 1139 2161 apud
1157 2078 1270 2143 Deum
1284 2080 1478 2145 conciliatri·

242 2182 350 2229 Gratum
376 2204 459 2261 cern,
477 2185 623 2248 Matrem
643 2187 715 2249 eius
740 2194 930 2267 augustam,
945 2183 1092 2247 salutare
1118 2183 1273 2246 laudibus
1298 2194 1334 2247 et
1360 2184 1479 2247 efferre

232 2261 352 2359 “iiim
381 2287 491 2350 Huius
508 2290 632 2371 quippe
649 2290 775 2351 eximia
792 2288 923 2363 caritas,
936 2305 1037 2369 quam
1050 2287 1209 2349 diuturno
1221 2287 1385 2369 varioque
1396 2296 1478 2350 aeta·

200 2376 352 2505 θνέῗζζζζῖ
379 2390 421 2452 tis
437 2392 548 2471 spatio
560 2392 725 2455 sensimus
745 2392 813 2474 Ipsi
831 2390 945 2453 multis
968 2389 1076 2452 modis
1092 2399 1314 2471 praesentem,
1329 2409 1478 2471 praesen-

201 2514 225 2555 ιι
237 2508 310 2557 ΒΜ.
323 2508 349 2555 V.
379 2492 443 2557 tior
460 2495 492 2556 in
509 2496 581 2559 dies
597 2506 676 2559 ante
699 2496 814 2559 oculos
845 2494 962 2577 fulget,
976 2504 1078 2576 atque
1105 2495 1254 2556 animum
1287 2496 1479 2558 suavissime

380 2595 535 2675 afficiens,
553 2597 674 2664 fiducia
695 2620 761 2663 non
779 2601 927 2663 humana
943 2597 1130 2662 confirmat
1146 2597 1309 2662 Caelestis
1332 2600 1479 2682 Reginae

259 2726 351 2788 Benig-
380 2723 447 2765 vox
472 2703 545 2785 ipsa
572 2706 725 2769 exaudiri
752 2704 894 2781 videtur,
911 2702 984 2768 Nos
1015 2702 1160 2784 benigne
1179 2712 1251 2766 tum
1275 2704 1434 2786 erigentis
1448 2705 1479 2766 in

201 2808 249 2839 ''⁶“
257 2793 353 2840 Matris
380 2805 569 2888 asperrimis
584 2808 754 2872 Ecclesiae
770 2808 988 2890 temporibus,
1000 2817 1073 2871 tum
1089 2806 1219 2870 consilii
1229 2808 1328 2889 copia
1337 2808 1380 2871 ad
1391 2809 1479 2872 insti·

379 2922 453 2975 tuta
470 2914 657 2977 communis
673 2915 790 2978 salutis
807 2913 980 2996 proposita
1002 2911 1202 2989 adiuvantis,
1217 2921 1290 2974 tum
1306 2913 1408 2975 etiam
1425 2913 1480 2975 ad·

381 3018 548 3082 monentis
566 3029 602 3082 ut
630 3019 791 3101 pietatem
807 3036 1012 3099 omnemque
1038 3016 1172 3080 virtutis
1198 3014 1326 3078 cultum
1343 3017 1375 3079 in
1398 3017 1480 3082 chri·

202 3162 352 3226 „udum-p
379 3123 490 3185 stiano
507 3124 633 3205 populo
658 3123 855 3186 excitemus.
871 3120 1013 3184 Talibus
1035 3120 1238 3201 respondere
1264 3119 1389 3201 optatis
1416 3121 1480 3183 iam

210 3244 235 3276 π
254 3228 354 3291 saepius
380 3228 502 3309 pluries
515 3230 658 3292 antehac
675 3228 857 3291 iucundum
875 3226 983 3291 Nobis
1000 3234 1222 3308 sanctumque
1237 3224 1307 3288 suit.
1324 3224 1362 3288 ln
1373 3224 1481 3288 fructi-

202 3302 354 3409 ‘pmcn
381 3334 442 3395 bus
458 3342 570 3395 autem
588 3353 644 3415 qur
638 3332 869 3395 hortationes
886 3332 1064 3407 Nostras‚'
1054 3350 1127 3413 rpsa
1150 3330 1297 3411 auspice,
1312 3340 1391 3392 sunt
1405 3348 1480 3393 con·

380 3436 484 3498 secuti
487 3436 646 3518 ,dignum
660 3438 810 3519 estquod
824 3454 1127 3498 commemoremus
1130 3431 1324 3515 ,perampla
1336 3432 1481 3515 religioni

381 3539 595 3601 sacratissimi
623 3539 694 3601 eius
722 3538 862 3601 Rosarii
872 3538 974 3601 allata
1002 3557 1074 3599 esse
1102 3536 1428 3615 incrementa3hanc
1450 3533 1480 3595 in

381 3662 449 3705 rem
467 3642 631 3705 sodalitiis
647 3663 782 3725 quoque
807 3644 938 3725 piorum
964 3662 1030 3725 qua
1056 3640 1164 3703 auctis
1187 3660 1254 3722 qua
1286 3638 1483 3712 constitutis,

382 3748 514 3828 scriptis
530 3747 629 3809 docte
639 3756 897 3829 opportuneque
924 3746 958 3808 in
982 3744 1104 3826 vulgus
1119 3743 1229 3822 editis,
1255 3743 1338 3825 ipsis
1355 3743 1483 3825 elegan-

314 3930 318 3939 Ι
382 3850 504 3913 tiorum
521 3851 643 3913 artium
676 3851 892 3915 nobilissimis
915 3849 1123 3912 ornamentis
1147 3848 1305 3911 inductis.
1330 3847 1483 3910 -Nunc

202 3996 257 4057 jam
265 3930 356 4046 ,ss'ss‘
383 3976 460 4018 vero
476 3954 615 4038 perinde
631 3975 670 4018 ac
686 3976 713 4018 ει
703 3954 885 4019 eamdem
910 3954 1176 4017 studiosissimae
1194 3951 1315 4016 Matris
1342 3948 1483 4033 excipia-

205 4058 357 4109 nemiuem
384 4079 458 4122 mus
477 4079 604 4135 vocem,
620 4078 687 4141 qua
703 4069 830 4141 urgeat,
849 4057 974 4135 Clamo,
989 4078 1028 4119 ne
1057 4076 1164 4131 cesses,
1178 4074 1289 4118 rursus
1302 4054 1346 4117 de
1363 4046 1483 4116 mariali

206 4126 355 4240 msiffi
384 4160 528 4224 Rosario
544 4182 604 4225 vos
627 4162 752 4244 alloqui
784 4162 875 4238 libet,
891 4158 1111 4225 Venerabiles
1140 4158 1284 4236 Fratres,
1308 4155 1482 4239 appetente

205 4257 281 4307 sara.
383 4268 534 4332 octobri·
526 4288 651 4352 ,quem
669 4288 819 4332 mensem
838 4287 911 4331 esse
927 4265 1138 4343 erdevotum
1153 4263 1391 4348 acceptissimo
1402 4276 1482 4322 erus

383 4375 462 4438 dem
480 4375 613 4438 Rosarii
636 4375 710 4451 ritu,
726 4374 928 4451 censuimus,
951 4372 1086 4435 tributis
1103 4390 1230 4453 ,sacrae
1261 4363 1481 4449 indulgentiae
