3117 4859
395 370 446 418 oe
473 369 603 420 ceusu
631 369 931 421 accuusrnsmco
1155 351 1225 441 285

119 511 283 592 Quamvis
322 512 411 574 enim
454 512 660 575 ecclesiastici
693 498 809 576 caatu's
849 514 1026 578 cultoribus
1064 515 1229 597 integrum
1324 549 1338 596 7

115 617 315 698 liberumque
323 626 448 698 semper
449 616 564 697 feeerit
578 636 616 677 ac
629 615 772 698 deinceps
785 619 949 697 futurum
965 620 1020 695 sit,
1034 619 1230 683 eruditionis

112 721 238 804 gratio,
264 719 447 802 disquirere
468 739 629 800 quaenam
656 729 748 783 vetus
763 721 877 801 fuerit
896 723 1000 803 ipsius
1027 723 1232 787 ecclesiastici

115 835 233 890 cnutus
248 826 377 905 forma,
402 825 579 905 variaeque
596 822 739 887 eiusdem
757 824 882 906 pltases,
901 827 1173 907 quemadmodum
1191 829 1231 889 de

116 929 265 1011 antiquis
285 927 448 992 Ecclesiae
470 926 639 991 ritibusoe
661 928 799 1011 reliquis
821 949 933 992 sacrae
955 930 1131 1012 Litnrgiae
1148 943 1229 1013 par-

114 1032 205 1096 tibus
215 1031 437 1096 eruditissimi
447 1031 519 1095 viri
530 1052 603 1094 curn
611 1032 764 1113 plurima
774 1033 1051 1097 commendatione
1062 1035 1231 1117 disputare

114 1146 148 1200 et
161 1135 327 1218 inquirere
350 1145 606 1210 consuevernut;
623 1135 841 1199 nihilominus
860 1158 932 1200 eam
954 1147 1084 1201 tautum
1100 1139 1153 1202 nti
1172 1161 1230 1202 au·

115 1240 289 1306 theuticam
309 1239 510 1322 Gregorrani
527 1250 644 1302 eamus
656 1243 808 1320 formam
823 1251 921 1322 atque
935 1241 1119 1323 legitimam
1137 1243 1232 1306 hodie

114 1343 297 1406 mbendam
308 1363 382 1420 esse,
396 1363 488 1425 quae,
500 1341 596 1406 iuxta
610 1343 824 1407 Tridentinus
834 1345 1022 1422 sanctiones,
1034 1367 1055 1408 a
1066 1346 1176 1409 Panlo
1194 1347 1226 1411 V
1224 1399 1230 1420 ,

113 1446 179 1510 Pio
199 1447 260 1510 IX
278 1469 325 1512 sa.
341 1469 398 1512 me.
414 1458 446 1511 et
461 1446 682 1512 Sanctissimo
701 1448 846 1512 Domino
862 1451 984 1513 Nostro
1006 1451 1110 1514 Leone
1131 1451 1236 1515 XIII

115 1561 212 1634 atque
225 1573 247 1614 a
260 1550 367 1615 Sacra
375 1552 518 1616 Ritnum
531 1551 798 1634 Gangregotione,
815 1553 909 1616 iuxta
924 1551 1112 1618 Editionem
1129 1567 1232 1636 nuper

115 1655 323 1732 adornatam,
344 1666 422 1719 rata
442 1654 556 1719 habita
571 1666 664 1719 estet
685 1657 890 1740 confirmata,
912 1667 1016 1740 utpote
1034 1679 1116 1740 quae
1138 1660 1230 1722 unice

115 1781 187 1823 eom
202 1769 319 1822 cantus
334 1761 494 1823 rationem
509 1760 681 1836 contineat,
696 1781 762 1842 qua
778 1761 933 1824 Romano
952 1763 1062 1825 utitur
1074 1761 1229 1827 Ecclesia.

118 1863 276 1943 Quocirca
297 1863 336 1926 de
354 1864 416 1927 hue
430 1863 679 1928 authenticitate
700 1875 731 1928 et
747 1865 967 1947 legitimitate,
986 1867 1071 1930 inter
1091 1887 1150 1944 eos,
1172 1868 1231 1949 qui

117 1967 216 2032 Sedis
241 1967 444 2050 Apostolicae
458 1968 652 2032 auctoritati
675 1969 798 2033 sincere
823 1970 1115 2053 obsequuntur,nec
1135 1971 1228 2036 dubi-

115 2072 254 2136 tandum
270 2093 370 2153 neque
379 2069 524 2154 amplius
533 2071 784 2153 disquirendum
794 2093 866 2136 esse.
883 2088 900 2140 t

158 2176 326 2240 Attamen
365 2176 544 2258 postremis
574 2175 666 2238 hisce
696 2177 803 2254 annis,
833 2177 980 2240 diversas
1010 2177 1056 2240 ob
1086 2199 1231 2258 caussas,
1288 2201 1387 2248 eonem

116 2279 279 2362 pristinae
302 2277 518 2342 difficultates
540 2278 660 2342 iterum
683 2280 863 2360 interponi,
885 2288 1102 2364 recentesque
1125 2283 1230 2347 immo
1256 2261 1383 2367 ’ἔξξζζξηῗ

116 2384 384 2448 concertationes
411 2383 590 2447 instaurari
612 2383 702 2446 visae
718 2393 805 2462 sunt,
820 2403 907 2466 quae
924 2383 975 2447 vel
993 2384 1100 2467 ipsam
1124 2406 1227 2468 quum
1255 2381 1405 2486 §mm

115 2487 214 2551 huius
238 2486 410 2552 Editionis
438 2495 511 2551 tum
535 2497 654 2552 cantus
679 2487 712 2549 in
741 2506 781 2550 ea
809 2487 958 2551 contenti
984 2488 1228 2570 genuinitatem
1251 2499 1388 2570 postremis,

115 2600 175 2654 aut
201 2589 370 2655 infirmare
394 2601 454 2655 aut
474 2592 609 2675 penitus
633 2593 796 2674 impetere
814 2592 1085 2674 aggrederentur.
1108 2595 1230 2676 Neque
1255 2560 1408 2610 ''mmm''

117 2695 219 2758 etlam
237 2693 373 2758 defuere
388 2695 447 2776 qui
464 2715 509 2758 ex
524 2694 702 2771 desiderio,
717 2714 794 2777 quo,
812 2693 890 2758 Pius
910 2693 960 2757 IX
978 2705 1012 2759 et
1037 2695 1108 2758 Leo
1126 2697 1230 2773 XIII,

118 2795 298 2860 Pontifices
315 2798 468 2876 maximi,
483 2795 700 2862 ecclesiastici
717 2807 836 2862 cantus
860 2799 1124 2863 uniformitatem
1141 2821 1230 2865 surn-

118 2919 254 2983 mopere
277 2904 552 2966 commendatam
568 2902 768 2979 habuerunt,
791 2901 875 2966 alios
900 2922 1130 2986 quoscumque
1153 2925 1230 2969 can·

117 3013 182 3081 tus,
196 3005 231 3068 in
249 3005 409 3069 Ecclesiis
432 3006 656 3089 peculiaribus
672 3005 874 3087 iampridem
896 3006 1076 3083 adhibitos,
1092 3008 1232 3072 omnino

116 3109 222 3171 vetari
246 3109 416 3176 inferrent.
431 3111 489 3175 Ad
507 3111 591 3174 haec
611 3110 717 3174 dubia
732 3109 840 3172 satius
861 3109 1078 3185 enucleanda,
1097 3129 1230 3173 omnes·
1257 3174 1283 3218 S·
1297 3172 1328 3218 R·
1348 3171 1410 3218 con·

117 3214 232 3295 quein
256 3223 430 3297 posterum
447 3216 690 3296 ambiguitates
714 3214 887 3290 arcendas,
912 3213 1081 3278 Sanctitas
1097 3214 1166 3278 Sua
1182 3215 1230 3277 iu·
1253 3232 1364 3292 gregario

117 3317 242 3382 dicium
273 3319 337 3383 hac
367 3320 411 3384 de
444 3339 478 3383 re
508 3317 728 3384 deferendum
755 3319 934 3382 constituit
965 3317 1230 3400 congregationi
1256 3293 1377 3396 {mia

117 3423 306 3487 ordinariae
332 3423 486 3487 omnium
519 3423 658 3486 Patrum
691 3421 921 3486 Cardinalium
955 3421 1064 3486 Sacris
1096 3425 1231 3486 tuendis
1256 3415 1400 3515 {mim

117 3527 256 3592 Ritibus
273 3527 557 3611 Praepositorum,
578 3527 647 3610 qui,
663 3526 697 3590 in
714 3524 867 3589 coetibus
884 3525 926 3588 ad
944 3524 1034 3588 diem
1051 3539 1106 3589 V11
1127 3535 1161 3590 et
1175 3539 1230 3590 ΧΠ
1250 3529 1364 3589 fuerant,

118 3631 207 3695 Iunii
224 3649 331 3714 nuper
357 3630 462 3713 elapsi
489 3630 694 3707 convocatis,
710 3629 888 3711 resumptis
913 3628 1071 3693 omnibus
1095 3629 1139 3694 ad
1160 3649 1230 3694 rem

117 3733 374 3820 pertinentibus,
405 3733 545 3816 aliisque
576 3752 660 3796 mox
691 3731 853 3797 exhibitis
886 3740 1018 3797 mature
1049 3734 1231 3816 perpensis,

117 3839 269 3903 unanimi
285 3838 533 3921 responderunt
551 3836 739 3901 sententia:
756 3849 774 3902 t
791 3833 984 3899 Servandus
1006 3856 1072 3898 esse
1093 3836 1230 3918 disposi-

116 3945 221 4010 tiones
234 3967 281 4012 so.
297 3965 355 4010 me.
370 3943 434 4007 Pii
446 3942 508 4006 IX
518 3941 553 4004 in
568 3941 675 4004 Brevi
692 3955 710 4009 t
723 3939 792 4024 Qui
807 3939 948 4002 choricis
966 3940 1064 4009 >diei
1071 3959 1120 4022 30
1138 3940 1235 4004 Maii

117 4049 232 4133 18731·
256 4047 473 4114 Sanctissimi
494 4044 638 4109 Domini
657 4044 781 4108 Nostri
801 4043 919 4107 Leonis
934 4043 1048 4125 Papae
1070 4043 1174 4108 XIII
1196 4045 1231 4110 in

116 4153 223 4216 Brevi
244 4168 262 4221 t
280 4153 461 4219 Sacrorum
478 4149 748 4216 Concentuum)
770 4146 841 4209 diei
855 4147 1231 4232 15Novernbri51878;

117 4277 156 4321 ac
176 4255 213 4322 S.
238 4256 281 4322 R.
310 4253 342 4322 C.
368 4255 404 4319 in
428 4255 565 4319 Decreta
584 4250 655 4314 diei
674 4249 719 4315 26
742 4250 877 4333 Aprilis
900 4251 995 4332 1883.
1021 4263 1038 4319 t
1064 4251 1229 4336 -Quod

118 4355 232 4426 aute'rn
254 4362 299 4425 ad
315 4359 505 4425 libertatem
523 4357 653 4432 attinet,
676 4375 743 4440 qua
759 4356 933 4421 Ecclesiae
948 4357 1133 4438 peculiares
1152 4379 1230 4422 can·
1256 4391 1392 4450 ,ΜΨ
