3117 4859
226 1024 299 1125 aiv
476 1016 897 1091 wuovmstt'msslssus
934 1014 1036 1091 Deus,
1066 1014 1122 1097 qui
1146 1016 1331 1082 humanum
1357 1038 1470 1101 genus,

226 1135 299 1201 1893·
363 841 792 1391 [OEwirgmw
525 1096 759 1183 ll‘aumirabili
801 1118 949 1183 caritatis
989 1118 1142 1195 consilio,
1181 1121 1223 1184 ad
1262 1124 1465 1187 consortium

253 1080 519 1329 &effi
573 1234 710 1287 naturae
735 1223 868 1287 divinae
901 1223 1064 1305 principio
1088 1222 1213 1300 evexit,
1234 1224 1312 1287 dein
1337 1244 1359 1287 a
1381 1245 1467 1289 com·

186 1323 338 1431 mm·
439 1170 665 1393 anelinum
697 1328 772 1392 labe
802 1328 976 1410 exitioque
1012 1328 1181 1404 eductum,
1221 1327 1255 1390 in
1294 1329 1467 1410 pristinam

215 1447 285 1496 Deras
296 1446 337 1495 to-
365 1434 564 1518 dignitatem
583 1433 735 1510 restituit,
750 1432 815 1495 hoc
830 1433 940 1496 eidem
957 1441 1135 1516 propterea
1143 1432 1287 1496 contulit
1302 1434 1468 1516 singulare

241 1514 337 1637 2⁸22?
365 1537 577 1620 praesidium,
594 1546 630 1600 ut
656 1556 778 1599 arcana
795 1535 989 1614 divinitatis,
1004 1535 1198 1619 sapientiae,
1222 1536 1467 1601 misericordiae

364 1659 444 1705 suae
471 1638 762 1722 supernaturali
731 1658 786 1703 vsa
812 1638 1024 1722 patefaceret
1051 1638 1147 1704 Licet
1173 1640 1263 1704 euim
1292 1639 1325 1703 in
1356 1640 1468 1705 divina

364 1744 566 1810 revelatione
593 1764 643 1808 res
675 1763 810 1829 quoque
834 1742 1163 1827 comprehendantur
1187 1764 1275 1827 quae
1299 1745 1466 1810 humanae

363 1851 484 1915 sationi
502 1852 690 1913 inaccessae
706 1869 772 1914 non
791 1857 878 1927 suut,
890 1850 967 1913 ideo
981 1848 1176 1913 hominibus
1191 1849 1368 1928 revelatae,
1386 1848 1469 1913 retal

363 1952 513 2017 amnibus
537 1952 685 2035 expedia,
700 1952 810 2035 firma
832 1951 1026 2015 certitudine
1047 1960 1079 2015 et
1092 1950 1180 2015 nullo
1194 1951 1344 2015 armato
1366 1972 1471 2017 errore

362 2059 506 2143 cognosci
512 2058 650 2141 possint,
662 2079 724 2122 nort
740 2057 803 2121 lrac
822 2066 931 2121 tamen
945 2057 986 2119 de
1010 2078 1125 2121 caussa
1151 2056 1304 2121 revelatio
1328 2058 1471 2121 absolute

365 2163 543 2225 necessaria
558 2160 693 2225 dicenda
708 2172 763 2239 est,
778 2161 838 2224 sed
854 2162 934 2244 quia
951 2162 1041 2224 Deus
1052 2179 1094 2225 ex
1106 2160 1241 2243 infinita
1255 2160 1398 2225 bonitate
1411 2182 1469 2225 sua

186 2244 339 2375 mm?
363 2266 534 2330 ordinavit
547 2264 708 2329 hanciaem
720 2264 876 2349 adfinem
886 2266 1168 2348 supematuralem
1183 2265 1235 2347 (¹).
1252 2265 1352 2349 Quae
1363 2276 1468 2349 super-

207 2375 336 2425 ratireve-
365 2372 529 2436 naturalis
555 2370 716 2450 revelatio,
745 2370 919 2435 secundum
945 2368 1145 2434 scaiuersalis
1174 2368 1336 2434 Ecclesiae
1357 2370 1468 2453 fidem,

235 2442 335 2499 latione,

186 2508 337 2572 quaegemt-
364 2476 556 2541 continetur
570 2485 641 2540 tum
659 2476 693 2538 in
719 2474 790 2537 sine
813 2476 931 2558 scripto
950 2474 1194 2551 traditionibus,
1216 2486 1288 2539 turn
1304 2478 1410 2541 etiam
1433 2476 1466 2540 in

188 2572 339 2687 mm?
364 2580 460 2643 libris
483 2579 621 2661 scriptis
647 2580 704 2661 qui
729 2580 943 2661 appellantur
966 2581 1050 2643 sacri
1077 2590 1110 2642 et
1135 2580 1297 2655 canonici,
1312 2599 1356 2642 eo
1380 2581 1466 2663 quod

252 2702 339 2750 Sacro-
367 2683 499 2765 Spiritu
517 2681 638 2746 Sancto
653 2682 834 2764 insperante
847 2682 1024 2764 conscripti,
1047 2683 1155 2745 Deam
1170 2682 1289 2746 habent
1298 2695 1468 2761 auctorem

187 2766 338 2909 ”gjff'
364 2796 461 2869 atque
486 2797 525 2849 ut
550 2786 630 2849 tales
655 2786 719 2867 ipsi
742 2786 903 2849 Ecclesiae
923 2786 1043 2849 traditi
1066 2785 1209 2869 sunt(².)
1229 2786 1306 2849 Hoc
1321 2806 1406 2851 sane
1427 2788 1468 2851 de

216 2898 337 3022 ”metm
365 2892 536 2975 utriusque
552 2890 762 2957 Testamenti
780 2892 887 2956 libris
894 2880 1057 2975 perpetuo
1073 2892 1182 2956 tenuit
1197 2892 1380 2975 palamque
1396 2913 1468 2975 pro·

224 2998 339 3079 dmg-,m
365 2993 451 3058 iessa
467 3004 518 3059 est
535 2994 705 3059 Ecclesia.
722 3015 829 3078 eaque
855 2996 991 3077 cognita
1006 3004 1084 3057 sunt
1100 2994 1300 3076 gravissima
1316 3007 1465 3058 veterum

216 3093 339 3145 Ecclesiae
364 3098 576 3176 documenta,
592 3099 712 3181 quibus
728 3100 930 3174 enuntiatur,
947 3098 1059 3162 Deum
1083 3098 1174 3179 prius
1190 3118 1248 3180 per
1275 3099 1466 3181 prophetas,

186 3159 267 3209 000000
240 3166 336 3214 armum
365 3204 487 3270 deinde
503 3224 561 3286 per
588 3204 745 3285 seipsum,
762 3214 878 3285 postea
905 3224 964 3286 per
987 3204 1160 3287 apostolos
1182 3203 1344 3281 locutum,
1366 3204 1464 3267 etiam

366 3308 572 3392 Scripturam
589 3308 789 3386 condidisse,
804 3328 891 3390 quae
914 3308 1077 3372 canonica
1100 3308 1296 3372 nominatur
1308 3306 1364 3391 (³),
1380 3328 1466 3372 eam·

364 3411 509 3494 demque
521 3430 594 3473 esse
609 3409 744 3475 oracula
760 3419 795 3473 et
810 3410 944 3493 eloquia
970 3410 1086 3473 divina
1099 3408 1152 3493 (⁴),
1164 3408 1292 3473 litteras
1309 3429 1392 3488 esse,
1407 3409 1464 3473 hu·

365 3532 466 3575 mano
478 3532 591 3595 generi
583 3512 707 3595 longe
733 3512 879 3596 apatria
906 3513 1132 3596 peregrinanti
1158 3533 1180 3577 a
1207 3512 1306 3577 Patre
1333 3510 1466 3577 caelesti

229 3627 339 3678 saneta
364 3619 461 3683 datas
487 3630 521 3683 et
548 3639 609 3702 per
632 3629 786 3685 auctores
812 3640 926 3685 sacros
950 3622 1165 3685 transmissas
1181 3619 1233 3705 (⁵.)
1262 3620 1347 3699 lam,
1374 3626 1466 3685 tauta

187 3694 216 3743 S
208 3692 339 3824 ffl'ss,
364 3742 467 3805 quum
484 3723 527 3790 sit
543 3722 750 3805 praestantia
765 3732 800 3786 et
812 3724 960 3807 dignitas
971 3722 1230 3806 Scripturarum,
1253 3733 1290 3787 ut
1306 3723 1404 3789 Deo'
1395 3740 1465 3804 πρᾶο

230 3830 339 3939 miii:
364 3833 499 3889 auctore
528 3824 710 3904 conlectae,
739 3826 904 3891 altissima
932 3827 1084 3893 eiusdem
1116 3828 1288 3910 mysteria,
1317 3824 1465 3901 consilia,

191 3954 339 4018 mmm,
363 3947 464 4011 opera
474 3930 751 4012 complectantur,
761 3930 843 3996 sllud
856 3931 1081 4015 consequitur,
1096 3950 1172 3996 eam
1190 3950 1325 4014 quoque
1336 3940 1463 4013 partem

211 4027 335 4070 ''W''-
363 4050 476 4098 sacrae
492 4034 689 4112 theologiae,
705 4054 791 4117 quae
807 4034 841 4099 in
857 4035 983 4100 eisdem
1006 4036 1129 4101 divinis
1146 4034 1256 4101 Libris
1272 4032 1428 4099 tuendis
1418 4051 1464 4095 sn·

394 4198 413 4232 1.
433 4184 508 4233 Cone
529 4182 583 4230 Vut.
607 4194 665 4230 sess.
691 4192 731 4229 tlt.
749 4196 804 4243 esp.
818 4194 847 4238 tt,
859 4184 968 4232 desecet
987 4209 1016 4219 -
1031 4198 1052 4231 a
1067 4184 1129 4231 {sta
1147 4207 1177 4219 ·-
1192 4197 1213 4244 3.
1231 4182 1257 4233 S.
1276 4182 1403 4243 hagae
1416 4183 1462 4230 civ.

363 4253 419 4305 Dei,
432 4262 500 4310 κῃ.
514 4266 574 4308 -4
587 4250 611 4297 S.
625 4250 700 4297 Clem.
715 4252 786 4299 Rom.
800 4253 919 4301 tadCor.
932 4264 962 4313 45
974 4267 980 4307 ;
991 4253 1016 4299 S.
1031 4250 1154 4311 Polyoasp
1172 4254 1206 4299 ed
1219 4250 1279 4301 Phll.
1297 4264 1331 4309 73
1347 4252 1373 4299 S.
1392 4251 1462 4303 iseo..

361 4336 381 4368 c.
398 4322 473 4375 taen,
487 4322 643 4372 11.28.a.·-
658 4332 679 4378 5.
698 4318 725 4366 S.
736 4320 832 4379 Chrys.
845 4321 876 4367 ln
889 4322 945 4367 Gen.
958 4323 1020 4368 tons.
1032 4335 1054 4375 a.
1065 4334 1095 4375 ις
1115 4320 1140 4369 S.
1151 4320 1214 4381 Aug.
1228 4319 1256 4366 irs
1267 4320 1307 4367 Pr.
1324 4328 1462 4367 mseras.

362 4404 384 4444 a,
399 4403 411 4437 ι
424 4405 430 4446 ;
441 4388 465 4437 S.
478 4389 549 4447 Greg.
569 4387 603 4434 M.
622 4388 662 4434 ad
675 4387 770 4435 Theod.
783 4402 822 4448 ep.
836 4398 872 4441 tv,
883 4402 919 4448 gs.
