3117 4859
337 370 387 419 DE
414 369 563 420 STUDllS
592 362 1008 459 SCRIPTURAE‘SACRAE.
1160 366 1227 415 221

120 522 214 603 quod
232 520 442 582 considerate
459 519 675 582 iudicandum
692 528 753 594 est,
779 537 840 581 nec
857 516 953 580 facile
970 517 1234 596 admittendum,
1300 528 1370 627 ὦ

122 624 187 687 nisi
205 624 326 706 quibus
343 624 423 689 locis
440 624 501 685 rite
517 623 560 684 sit
584 623 875 685 demonstratum:
903 620 973 683 fieri
989 622 1091 684 etiam
1110 631 1232 702 potest,
1300 616 1375 703 1895:

122 741 161 791 ut
178 749 340 811 germana
356 729 495 791 alicuius
511 727 574 790 loci
592 728 758 790 sententia
786 735 983 809 permaneat
996 744 1134 806 anceps
1150 745 1158 802 ;
1181 724 1233 786 cui
1260 755 1383 818 quaenam

121 832 325 895 enodandae
341 832 484 897 multum
501 830 641 895 afferent
656 833 807 913 optimae
830 830 1071 912 interpretandi
1089 828 1234 909 regulae:
1260 836 1414 934 mmet?

121 946 161 997 at
177 935 270 999 nefas
282 937 422 999 omnino
434 935 540 1012 luerit,
549 947 609 1000 aut
624 936 877 1018 inspirationem
894 936 937 997 ad
955 934 1084 1015 aliquas
1101 942 1233 997 tantum
1260 952 1398 1000 scribendis

121 1058 241 1101 sacrae
257 1037 451 1121 Scripturas
463 1049 574 1121 partes
584 1049 815 1121 coangustare,
831 1048 890 1101 aut
905 1038 1088 1101 concedere
1103 1055 1233 1099 sacrum
1260 1018 1401 1131 {ffl'gn

122 1142 238 1225 ipsum
264 1162 390 1206 errasse
417 1154 597 1207 auctorem.
627 1144 699 1207 Nec
727 1143 816 1205 enim
846 1142 1020 1205 toleranda
1045 1151 1096 1205 est
1119 1159 1235 1204 eorum
1261 1148 1377 1205 librario,

184 1244 192 1257 .
288 1244 295 1258 .
637 1248 643 1260 .
932 1245 938 1260 .
1029 1244 1036 1257 .
1104 1243 1159 1257 ··
1263 1214 1413 1262 antlacicu·

123 1253 296 1325 rat10,qu1
313 1266 357 1307 ex
374 1254 445 1307 istis
456 1244 708 1310 difficultatibus
725 1266 798 1309 sese
815 1245 1012 1326 expediunt,
1027 1245 1060 1306 rd
1079 1262 1235 1305 nimirum
1257 1279 1365 1343 jusdam

124 1348 211 1411 dare
237 1368 305 1411 non
331 1350 535 1426 dubitantes,
560 1350 815 1432 inspirationem
843 1347 993 1411 divinam
1021 1348 1064 1409 ad
1082 1367 1133 1409 res
1161 1344 1236 1409 fidei
1263 1359 1416 1420 semmam-

126 1471 337 1533 morumque,
355 1452 435 1515 nihil
463 1462 644 1535 praeterea,
660 1452 836 1535 pertinere,
852 1470 893 1515 eo
919 1452 1010 1532 quod
1041 1449 1125 1513 lalso
1153 1450 1239 1513 arbi·
1265 1410 1416 1524 miss*

124 1566 268 1633 trentur,
296 1556 339 1619 de
363 1557 503 1621 veritate
527 1558 770 1620 sententiarum
799 1575 902 1637 quum
926 1556 1046 1637 agitur,
1062 1573 1129 1616 non
1153 1555 1240 1616 adeo
1265 1540 1416 1655 ζέἕζῖἱᾶῑ·

126 1660 378 1741 exquirendum
395 1681 561 1743 quaenam
580 1661 705 1724 dixerit
718 1662 821 1737 Deus,
837 1670 874 1721 ut
891 1678 957 1720 non
976 1657 1083 1738 magis
1099 1676 1240 1739 perpen·
1266 1687 1330 1736 quas
1341 1678 1397 1747 ran

126 1764 231 1828 datur
261 1764 423 1845 quamob
448 1784 600 1829 caussam
633 1786 672 1827 ea
698 1766 831 1829 dixerit
856 1762 993 1826 Etenim
1025 1762 1099 1823 libri
1123 1781 1241 1824 omnes
1266 1739 1418 1866 §2252ssss

127 1874 235 1948 atque
251 1865 382 1946 integri,
398 1886 481 1947 quos
506 1867 659 1931 Ecclesia
678 1880 853 1949 tamquam
881 1887 993 1929 sacros
1010 1876 1043 1929 et
1059 1866 1241 1929 canonicos
1267 1876 1366 1945 teresse
1378 1870 1419 1916 rn-

129 1972 261 2053 recipit,
276 1989 353 2032 cum
370 1970 528 2034 omnibus
544 1972 611 2035 suis
630 1969 924 2053 partibus,Spiritu
942 1968 1069 2034 Sancto
1080 1971 1239 2045 dictante,
1266 1941 1420 2048 fflrfassu

129 2075 314 2155 conscripti
331 2085 409 2137 sunt
425 2096 432 2152 ;
448 2084 579 2140 tantum
608 2096 686 2139 vero
703 2076 798 2137 abest
814 2086 851 2137 ut
878 2077 1012 2139 divinae
1028 2074 1239 2157 inspirationi
1267 2071 1420 2178 “mg-m

130 2201 226 2245 error
242 2180 329 2245 ullus
345 2183 481 2245 subesse
498 2180 613 2263 possit,
629 2192 664 2242 ut
681 2200 720 2243 ea
731 2200 791 2261 per
806 2198 841 2241 se
858 2180 939 2262 ipsa,
956 2200 1022 2243 non
1041 2181 1144 2243 modo
1153 2199 1240 2243 erro·
1267 2195 1382 2259 Scriptu-

129 2303 204 2347 rem
222 2284 381 2348 excludat
398 2305 544 2361 omnem,
561 2285 619 2346 sed
644 2294 713 2346 tam
743 2285 931 2347 necessario
947 2283 1109 2347 excludat
1124 2293 1159 2347 et
1175 2303 1241 2345 res·
1268 2261 1420 2375 2222}in

130 2397 227 2470 puat,
253 2408 354 2471 quarn
382 2389 604 2453 necessarium
633 2398 693 2464 est,
722 2388 844 2465 Deum,
859 2408 1026 2451 summam
1045 2386 1242 2465 Veritatem,
1268 2392 1403 2453 teramn-

132 2492 260 2555 nullius
284 2494 423 2555 omnino
451 2492 568 2556 erroris
594 2502 764 2556 auctorem
791 2511 872 2555 esse.
894 2530 939 2539 -
964 2491 1060 2554 Haec
1082 2503 1134 2555 est
1157 2492 1241 2553 anti·
1268 2464 1421 2573 {mx}

132 2608 252 2679 quaet
278 2608 437 2661 constans
455 2597 536 2661 fides
565 2596 747 2672 Ecclesiae,
774 2594 928 2658 sollemni
954 2597 1057 2659 etiam
1074 2597 1242 2659 sententia
1269 2590 1421 2660 erudirere-

133 2701 170 2763 in
188 2699 347 2765 Conciliis
363 2700 501 2765 definita
526 2701 722 2763 Florentino
747 2711 781 2764 et
797 2699 1021 2779 Tridentino;
1044 2700 1244 2763 confirmata
1271 2672 1422 2784 “mm-fi.

134 2804 283 2886 denique
299 2814 400 2886 atque
427 2808 618 2886 expressius
646 2805 817 2868 declarata
839 2805 872 2866 in
891 2803 1044 2869 Concilio
1066 2805 1245 2881 Vaticano,
1271 2787 1406 2900 fffijk'

134 2929 156 2971 a
173 2927 241 2990 quo
257 2907 410 2970 absolute
435 2908 609 2973 edictum:
644 2908 768 2973 Veteris
791 2918 824 2971 et
849 2906 928 2969 novi
947 2904 1147 2968 Testamenti
1167 2905 1249 2969 libri
1273 2889 1421 2994 saepius'ee-

134 3010 262 3093 integri
273 3032 346 3074 cum
361 3012 511 3075 amnibus
531 3012 601 3074 suis
612 3012 880 3095 partibus,prout
895 3012 930 3073 r'n
950 3010 1093 3073 eiusdem
1111 3008 1250 3073 Concilii
1264 2983 1357 3048 finita.

134 3115 358 3197 (Tridentini)
384 3115 505 3179 decreto
530 3127 740 3192 recensentur,
754 3126 788 3179 et
808 3116 842 3179 in
859 3116 964 3178 veteri
988 3114 1125 3195 velitata
1139 3113 1248 3176 latina

134 3222 278 3287 editione
291 3223 460 3298 habentur,
466 3236 527 3307 pra
538 3225 643 3288 sacris
657 3236 690 3287 et
702 3224 865 3288 canonicis
875 3221 1074 3305 suscipiendi
1085 3230 1172 3284 sunt.
1182 3220 1250 3283 Eas

136 3346 216 3389 vera
227 3312 369 3389 Ecclesia
378 3339 440 3408 pro
453 3330 557 3391 saeris
571 3338 603 3391 et
617 3328 779 3391 canonicis
793 3327 896 3405 ltabet,
912 3348 974 3389 eran
991 3325 1059 3387 idea
1081 3324 1169 3406 quad
1179 3323 1250 3387 sala

136 3428 287 3493 lcumena
299 3430 467 3494 industria
482 3433 674 3511 concinnati,
684 3454 747 3497 sua
768 3430 884 3495 deinde
897 3430 1090 3494 auctoritate
1103 3431 1174 3492 sint
1193 3438 1249 3509 ap·

132 3532 268 3616 probati
278 3558 293 3609 ,·
310 3556 366 3598 nec
386 3534 456 3597 idea
482 3536 667 3612 dumtaxat,
691 3536 780 3619 quad
798 3536 1025 3599 revelationem
1050 3533 1122 3596 sine
1142 3553 1251 3595 errare

138 3636 326 3700 contineant
335 3663 351 3714 ,·
377 3638 438 3700 sed
450 3649 623 3720 propterea
648 3638 737 3722 quad
758 3638 892 3722 Spiritu
921 3638 1042 3703 Sancto
1069 3636 1251 3718 inspirante

137 3741 318 3822 conscripti,
333 3740 443 3805 Deum
459 3742 577 3806 liabent
586 3753 747 3806 auctorem
762 3742 814 3825 (1).
832 3741 944 3825 Quare
967 3742 1049 3805 nihil
1065 3742 1249 3805 admodum
1294 3823 1300 3833 ·
1316 3756 1428 3833 Veragro-

141 3844 251 3920 relert,
268 3843 431 3925 Spiritum
458 3844 620 3910 Sanctum
648 3848 868 3929 assumpsisse
895 3846 1049 3909 homines
1073 3854 1248 3927 tamquam
1277 3828 1403 3883 ‘'ml''

1278 3887 1387 3935 rationis

141 3950 366 4013 instrumenta
393 3951 436 4014 ad
466 3951 691 4027 scribendum,
712 3950 807 4033 quasi
833 3971 899 4015 non
928 3952 1065 4034 quidem
1093 3951 1251 4032 primario
1278 3954 1426 4029 serpetque

143 4052 282 4131 auctori,
312 4053 370 4115 sed
404 4055 620 4136 scriptoribus
651 4055 819 4135 inspiratis
851 4055 1025 4138 quidpiam
1059 4052 1132 4117 salsi
1164 4052 1251 4115 elabi
1276 4026 1392 4143 {ffb

145 4160 302 4243 potuerit.
327 4158 416 4222 Nam
448 4162 692 4242 supernaturali
718 4161 788 4242 ipse
814 4160 937 4225 virtute
952 4161 999 4223 ita
1023 4178 1082 4221 eos
1106 4158 1149 4221 ad
1175 4158 1253 4220 scri-

147 4265 296 4329 bendum
327 4265 490 4328 excitavit
530 4276 563 4329 et
610 4268 725 4343 movit,
770 4266 817 4330 ita
855 4264 1078 4329 scribentibus
1114 4262 1254 4339 adstitit,

183 4410 202 4445 ι,
221 4396 283 4444 Sess.
299 4406 340 4450 111,
351 4410 375 4443 c.
385 4406 412 4449 11,
426 4399 457 4443 de
473 4400 541 4445 revel.

690 4492 699 4520 l
