3117 4859
332 363 379 431 92
504 364 688 416 ansioni
717 361 930 412 sucvcttcn
959 350 979 376 “
997 362 1250 412 nuturatcsn.
1270 339 1289 365 ''

331 507 532 582 voluntates,
548 508 611 570 hoc
625 525 749 569 novum
767 515 1038 586 exoptatumque
1054 505 1225 586 religionis
1236 508 1349 580 decus,
1363 525 1443 568 sane

331 627 433 690 quam
463 607 520 671 illa
536 611 661 691 poterit
677 609 801 671 virtute
823 627 883 670 sua
899 608 942 671 ad
960 609 1093 671 exitum
1116 616 1294 672 maturare.
1310 608 1442 690 Ecquid

331 721 446 774 autern
480 732 546 774 non
577 713 658 776 velit
688 710 828 787 efficere,
855 722 892 774 ut
922 724 1052 793 gentes,
1082 731 1223 794 quarum
1257 713 1444 775 maximam

330 815 604 881 coniunctionem
621 815 779 898 Unigena
796 835 877 878 suus
893 815 1140 899 impensissime
1155 836 1176 879 a
1200 818 1300 879 Patre
1314 815 1445 898 flagita·

330 921 544 1002 vit,quasque
557 941 616 1002 per
629 940 731 982 unum
746 919 818 1000 ipse
832 920 1000 1002 baptisma
1010 921 1054 982 ad
1067 919 1221 984 eamdem
1234 918 1446 983 hereditatem

331 1024 460 1100 salutis,
470 1025 578 1105 pretio
588 1025 754 1087 immenso
767 1034 909 1105 partam,
919 1024 1062 1099 vocavit,
1071 1044 1111 1086 eo
1120 1044 1239 1087 omnes
1251 1023 1286 1086 r'n
1297 1023 1447 1086 adneira·

333 1127 396 1195 bili
414 1129 486 1191 eins
494 1127 621 1190 lumine
635 1128 845 1191 contendant
861 1128 1067 1190 unanimes?
1080 1127 1213 1210 Ecquid
1226 1148 1293 1191 non
1316 1130 1448 1210 impen-

334 1231 413 1296 dere
429 1232 501 1312 ipsa
517 1231 597 1293 velit
619 1230 780 1293 bonitatis
798 1229 1106 1314 providentiaeque,
1121 1243 1195 1295 tum
1211 1240 1248 1294 ut
1265 1230 1448 1307 Ecclesiae,

335 1333 490 1417 Sponsae
517 1333 651 1409 Christi,
666 1334 844 1397 diuturnos
860 1335 903 1397 de
919 1333 983 1397 hac
1010 1355 1045 1396 re
1072 1336 1204 1398 labores
1221 1335 1356 1411 soletur,
1371 1344 1445 1398 tum

335 1451 372 1503 ut
389 1438 529 1502 unitatis
550 1438 676 1502 bonum
694 1435 845 1518 perficiat
861 1438 894 1501 in
911 1439 1095 1504 christiana
1113 1439 1249 1516 familia,
1264 1457 1352 1519 quae
1367 1459 1447 1503 suae

335 1541 559 1607 maternitatis
576 1542 716 1623 insignis
733 1551 785 1605 est
801 1542 952 1605 tructus?
968 1579 1011 1590 -
1030 1543 1299 1626 Auspiciumque
1316 1542 1362 1605 rei
1380 1563 1446 1606 non

336 1647 469 1728 longius
484 1658 665 1710 eventurae
681 1649 721 1708 ea
737 1646 871 1708 videtur
886 1643 1079 1709 confirmari
1095 1648 1256 1728 opinione
1272 1656 1307 1708 et
1323 1645 1448 1711 fiducia

334 1770 422 1835 quae
439 1751 470 1812 in
487 1751 609 1813 animis
622 1749 753 1831 piorum
770 1749 917 1813 calescit.
934 1751 1077 1814 Mariam
1096 1751 1251 1814 nimirum
1277 1749 1359 1813 ielix
1375 1752 1447 1814 vin·

335 1856 447 1922 culum
473 1853 552 1932 fore,
578 1855 672 1918 cuius
698 1853 793 1917 firma
818 1853 951 1936 lenique
979 1857 1020 1932 vi,
1036 1875 1151 1919 eorum
1168 1854 1332 1931 omnium,
1347 1864 1445 1938 quot-

334 1973 418 2045 quot
444 1961 568 2041 ubique
586 1969 673 2034 sunt,
688 1961 745 2042 qui
762 1959 909 2040 diligunt
924 1959 1107 2035 Christum,
1124 1979 1211 2024 unus
1228 1961 1366 2023 fratrum
1385 1980 1445 2042 po-

334 2064 435 2149 pulus
451 2065 520 2141 fiat,
536 2063 672 2126 Vicario
684 2064 754 2126 eius
772 2063 804 2124 in
823 2063 928 2138 terris,
945 2062 1100 2127 Pontifici
1118 2083 1267 2141 romano,
1283 2075 1445 2145 tanquam

221 2201 310 2271 ,mm
335 2169 506 2234 communi
540 2167 630 2230 Patri
659 2166 929 2249 obsequentium.
960 2167 1039 2251 Quo
1066 2169 1142 2232 loco
1169 2178 1291 2249 sponte
1318 2166 1447 2230 revolat

118 2287 121 2292 ⁴
178 2262 309 2323 imm
337 2293 432 2336 mens
459 2291 518 2351 per
546 2269 718 2333 Ecclesiae
743 2268 847 2332 fastos
872 2271 915 2332 ad
933 2273 1062 2352 priscae
1077 2271 1218 2334 unitatis
1234 2269 1447 2333 nobilissima

167 2323 309 2428 iifssiiii·
335 2374 505 2457 exempla,
519 2385 622 2455 atque
638 2373 671 2434 in
693 2373 851 2436 memoria
876 2371 1017 2438 Concilii
1035 2375 1149 2455 magni
1166 2372 1317 2456 ephesini
1343 2374 1445 2436 liben-

179 2442 311 2561 pii‘itiiii
335 2483 400 2546 tior
412 2479 571 2543 subsistit.
585 2475 728 2542 Summa
738 2476 864 2557 quippe
875 2478 1052 2539 consensio
1065 2475 1141 2539 fidei
1152 2487 1185 2540 et
1203 2496 1264 2558 par
1276 2495 1447 2541 sacrorum

158 2559 310 2678 ”b‘fkiffiss
335 2583 528 2649 communio
543 2600 631 2663 quae
647 2580 822 2645 Orientem
839 2591 942 2660 atque
959 2579 1180 2644 Occidentem
1192 2600 1252 2662 per
1265 2579 1299 2642 id
1313 2589 1448 2661 tempus

157 2680 309 2785 granata
335 2687 482 2762 tenebat,
512 2685 558 2748 ibi
583 2686 753 2747 enimvero
778 2683 939 2766 singulari
963 2686 1110 2767 quadam
1139 2696 1173 2749 et
1189 2683 1376 2747 stabilitate
1392 2703 1449 2747 va-

194 2773 199 2785 ·
336 2794 436 2858 luisse
459 2801 493 2853 et
524 2788 683 2851 enituisse
708 2787 817 2870 gloria
846 2788 917 2850 visa
933 2798 1125 2871 est;quum
1145 2787 1299 2850 Patribus
1323 2790 1449 2869 dogma

336 2895 485 2976 legitime
510 2891 747 2968 sancientibus
773 2899 922 2952 sanctam
962 2889 1133 2972 Virginem
1157 2912 1224 2954 esse
1256 2889 1449 2972 Detparam,

335 3001 406 3064 eius
428 2996 507 3060 facti
532 2997 692 3059 nuncium
719 3014 740 3057 a
761 2995 1015 3075 religiosissima
1030 2996 1168 3057 civitate
1184 2995 1363 3058 exultante
1379 3015 1449 3058 nta-

335 3123 430 3178 nans‚
443 3103 509 3164 una
526 3101 712 3181 eademque
728 3098 945 3161 celeberrima
957 3097 1086 3161 laetitia
1102 3108 1212 3162 totum
1229 3098 1447 3163 christianum

175 3247 311 3295 Cataonas
334 3208 451 3272 orbem
468 3204 657 3286 complevit
670 3239 714 3250 -·
726 3200 821 3284 Quot
837 3201 938 3284 igitur
950 3203 1075 3264 caussis
1086 3202 1207 3266 fiducia
1218 3204 1447 3285 expetitarum

161 3308 312 3353 “mmm
336 3332 445 3375 rerum
463 3311 495 3373 in
510 3319 648 3391 potente
664 3327 703 3369 ac
718 3306 926 3388 perbenigna
940 3305 1084 3387 Virgine
1099 3315 1312 3370 sustentatur
1333 3316 1368 3370 et
1379 3328 1447 3371 cre·

172 3371 202 3471 'i'
214 3368 310 3472 emoliti}
335 3417 406 3492 scit,
419 3425 470 3478 tot
486 3413 591 3477 veluti
602 3409 747 3474 stimulis
759 3410 833 3473 acui
849 3419 983 3489 oportet
999 3413 1149 3474 studium
1165 3412 1255 3493 quod
1272 3410 1446 3475 catholicis

156 3485 240 3604 mi
254 3485 309 3592 ¹:22.
334 3521 516 3584 suademus
529 3519 561 3581 in
579 3537 618 3580 ea
634 3517 817 3580 exoranda.
835 3512 888 3576 Illi
905 3535 1005 3596 porro
1021 3517 1111 3597 apud
1128 3537 1165 3578 se
1177 3524 1334 3597 reputent
1345 3535 1445 3597 quam

160 3609 223 3656 '‘²¹‘’
334 3625 515 3686 honestum
541 3620 604 3684 hoc
629 3620 674 3684 sit
697 3618 829 3699 sibique
856 3619 939 3698 ipsis
963 3618 1182 3694 fructuosum,
1208 3639 1312 3701 quam
1334 3621 1444 3685 eidem

335 3727 470 3808 Virgini
483 3735 660 3806 acceptum
672 3735 875 3806 gratumque
886 3734 976 3786 certe
988 3724 1146 3787 futurum.
1160 3721 1260 3798 Nam,
1270 3732 1446 3806 compotes

335 3843 372 3896 ut
384 3841 461 3896 sunt
479 3829 621 3894 unitatis
634 3827 722 3905 fidei,
738 3829 786 3892 ita
802 3828 975 3892 declarant
990 3838 1025 3889 et
1040 3825 1141 3890 huius
1151 3829 1219 3890 vim
1236 3827 1389 3891 beneficii
1409 3848 1444 3891 se

337 3935 451 4018 magni
468 3954 529 4016 pro
547 3934 666 3997 merito
681 3933 798 4009 lacere,
807 3942 841 3996 et
857 3932 947 3996 idem
961 3952 996 3995 se
1005 3930 1092 3994 velle
1104 3933 1252 3994 sanctius
1267 3933 1443 3996 custodire.

336 4040 408 4104 Nec
425 4057 503 4114 vero
520 4048 647 4119 queunt
673 4039 916 4118 praestantiore
942 4036 1010 4099 ullo
1037 4036 1140 4098 modo
1160 4035 1343 4112 fraternum
1366 4056 1443 4118 erga

334 4145 537 4210 dissidentes
549 4145 691 4225 probare
706 4143 869 4218 animum,
881 4162 983 4225 quam
999 4143 1027 4204 si
1039 4141 1088 4204 eis
1103 4141 1146 4204 ad
1164 4141 1291 4204 bonurn
1309 4160 1441 4222 recupe-

161 4265 309 4321 fraumen-
335 4250 476 4314 randum
492 4267 596 4312 unum
613 4249 766 4310 omnium
783 4247 972 4310 maximum
990 4247 1091 4309 enixe
1114 4244 1325 4310 subveniant.
1349 4244 1442 4328 Quae

167 4325 311 4430 ”’ῗ,ζ’,,ἶ’ζζ
336 4373 415 4418 vere
439 4353 620 4416 christiana
637 4351 855 4415 fraternitatis
871 4349 1015 4427 affectio
1031 4350 1064 4412 in
1086 4350 1178 4430 omni
1195 4349 1314 4431 vigens
1330 4348 1443 4413 Eccle-
