3117 4859
343 385 394 434 nn
421 384 526 435 rmar
554 369 754 435 uuirassu
782 386 1037 440 cononrxrro.
1174 383 1244 457 277

136 534 295 614 coniunge
305 545 434 598 sanctae
445 546 521 598 tuae
541 536 714 599 catholicae
733 547 764 599 et
788 538 977 618 apostolicae
1002 539 1164 603 Ecclesiae
1180 540 1223 621 (1)
1239 566 1246 603 ι
1305 562 1362 648 1²⁰

139 636 186 700 sic
203 639 245 700 ad
272 637 364 701 illam
389 640 614 703 restituamini
639 659 740 703 unam
764 650 984 725 sanctamque
1015 641 1126 718 fidem,
1144 665 1244 727 quam
1310 608 1396 725 rill'

139 739 259 804 ultima
291 751 443 805 vetustas
477 742 573 805 nobis
609 743 748 824 perinde
784 745 946 827 vobisque
973 748 1246 810 constantissime
1273 775 1412 839 saprade-

141 844 307 920 tradidit;
337 864 439 927 quam
466 855 580 927 patres
606 866 645 909 ac
678 847 822 909 maiores
854 850 954 911 vestri
986 851 1148 913 inviolate
1181 872 1246 913 ser·
1264 842 1414 969 ffiffl·
1478 856 1480 859 ’

139 955 279 1028 varunt:
296 968 396 1030 quam
414 949 523 1031 ipsam
550 949 730 1031 splendore
753 951 926 1029 virtutum,
944 954 1179 1035 magnitudine
1197 956 1246 1017 in·
1272 914 1353 1021 variis
1369 990 1423 1023 con-

136 1052 238 1133 genii,
254 1052 456 1117 excellentia
477 1054 651 1119 doctrinae
675 1057 829 1120 certatim
855 1057 1063 1121 illustravere
1091 1060 1246 1123 Athana·
1273 1038 1361 1087 ‘'uhi“
1422 1065 1423 1071 ’

137 1156 217 1231 sius,
232 1155 385 1234 Basilius,
401 1156 581 1239 Gregorius
600 1158 844 1247 Nazianzenus,
877 1161 1020 1225 Ioannes
1046 1162 1246 1244 Chrysosto-

137 1279 223 1337 mus,
237 1270 378 1343 uterque
405 1260 559 1344 Cyrillus,
585 1262 707 1345 aliique
732 1264 847 1347 magni
877 1266 1078 1347 complures,
1101 1288 1244 1349 quorum

136 1362 245 1443 gloria
260 1364 301 1426 ad
317 1363 490 1427 Orientem
508 1375 609 1449 atque
623 1365 853 1445 Occidentem,
870 1377 1043 1451 tamquam
1055 1374 1246 1434 communis

135 1466 307 1530 hereditas
323 1487 430 1549 aeque
445 1469 600 1552 pertinet¹
625 1518 627 1524 a

183 1570 322 1653 Vosque
338 1573 538 1637 nominatim
554 1574 758 1655 compellare
773 1575 837 1638 hoc
855 1575 930 1639 loco
946 1575 1055 1655 liceat,
1066 1576 1243 1641 Slavorum
1346 1590 1424 1639 Slavi

134 1685 255 1757 gentes
271 1678 454 1756 universae,
474 1698 614 1761 quarum
642 1678 877 1743 claritudinem
902 1681 1047 1743 nominis
1065 1682 1172 1746 multa
1195 1702 1244 1745 re·
1270 1670 1388 1769 miz.

134 1800 210 1842 rum
227 1789 398 1860 gestarum
425 1791 645 1845 monumenta
661 1792 838 1847 testantur.
857 1782 973 1845 Nostis
989 1803 1091 1865 quam
1108 1785 1243 1866 egregie
1265 1786 1405 1849 pellantur,

132 1883 179 1946 de
197 1884 307 1949 Slavis
324 1886 505 1949 meruerint
521 1887 627 1949 sancti
645 1886 677 1948 in
696 1884 763 1950 fide
777 1897 891 1969 patres
905 1888 1050 1970 Cyrillus
1060 1899 1095 1951 et
1110 1889 1244 1952 Metho-
1271 1851 1421 1966 liifacia-

133 1989 222 2067 dius,
237 2008 379 2071 quorum
397 1990 593 2053 memoriam
610 1990 820 2073 Nosmetipsi
845 1992 970 2055 honore
986 1993 1102 2056 debito
1118 2011 1243 2075 augen-
1270 1981 1414 2097 {ma

135 2095 218 2157 dam
235 2093 364 2176 aliquot
380 2103 459 2158 ante
482 2097 580 2158 annis
595 2096 795 2159 curavimus.
813 2095 940 2159 Eorum
958 2097 1083 2161 virtute
1098 2106 1132 2160 et
1149 2097 1242 2161 labo·
1270 2112 1358 2160 Fruem

134 2193 230 2256 ribus
245 2202 342 2275 parta
356 2193 525 2276 plerisque
541 2215 559 2257 e
575 2215 698 2277 genere
712 2205 825 2258 vestro
842 2196 974 2279 populis
998 2196 1192 2261 humanitas
1208 2208 1242 2263 et
1266 2179 1421 2308 gssfssffi

134 2298 236 2362 salus.
252 2296 332 2380 Quo
347 2297 473 2361 sactum
486 2306 523 2362 ut
534 2298 730 2363 Slavoniam
747 2300 835 2363 inter
847 2311 879 2362 et
894 2320 1051 2365 romanos
1062 2301 1242 2366 Pontifices
1270 2320 1420 2384 Μαινο-

132 2401 361 2486 pulcherrima
386 2403 584 2479 vicissitudo
607 2403 685 2467 hinc
707 2403 957 2483 beneficiorum,
974 2406 1063 2470 illinc
1089 2406 1241 2471 fidelissi·
1266 2373 1420 2488 mni?

134 2526 212 2569 mae
228 2506 364 2589 pietatis
382 2508 439 2570 diu
467 2508 627 2571 extiterit.
652 2507 798 2590 Quodsi
816 2510 958 2573 maiores
974 2520 1102 2575 vestros
1120 2513 1242 2577 misera
1270 2505 1343 2569 laiss·

131 2619 327 2694 temporum
337 2611 512 2675 calamitas
529 2632 688 2694 magnam
706 2623 836 2695 partem
850 2636 869 2677 a
881 2616 1090 2697 professione
1103 2638 1244 2682 romana

131 2715 303 2792 alienavit,
318 2716 528 2780 considerate
548 2719 664 2798 quanti
681 2719 725 2781 sit
750 2719 857 2781 redire
884 2720 927 2783 ad
960 2720 1133 2785 unitatem.
1168 2723 1241 2786 Vos

130 2840 270 2903 quoque
297 2819 448 2884 Ecclesia
480 2821 588 2903 pergit
620 2822 663 2885 ad
695 2842 792 2886 suum
821 2844 977 2887 revocare
1012 2827 1242 2907 complexum,

130 2924 261 3000 salutis,
287 2924 528 3005 prosperitatis,
551 2916 793 3006 magnitudinis
820 2926 1022 3007 praesidium
1057 2926 1235 3010 multiplex

130 3026 336 3111 praebitura.

179 3130 329 3196 Caritate
348 3150 416 3195 non
434 3132 563 3196 minore
577 3133 621 3196 ad
637 3132 780 3214 populos
797 3134 1003 3213 respicimus,
1019 3154 1112 3215 quos,
1130 3155 1239 3198 recen·
1328 3174 1421 3236 Popula·

128 3237 219 3299 tiore
234 3238 406 3313 memoria,
424 3235 559 3299 insolita
575 3238 742 3318 quaedam
761 3256 869 3300 rerum
888 3245 1146 3320 temporumque
1161 3258 1241 3302 con·
1266 3239 1297 3288 aa
1308 3239 1419 3317 aaran

127 3340 242 3404 versio
257 3340 301 3404 ab
317 3339 470 3403 Ecclesia
486 3359 624 3402 romana
641 3340 799 3403 seiunxit.
816 3341 928 3405 Variis
945 3352 1143 3405 exactorum
1156 3350 1239 3406 tem·
1267 3312 1396 3433 {eamn

127 3463 253 3530 porum
269 3446 401 3510 casibus
413 3445 580 3509 oblivione
590 3447 746 3524 dimissis,
757 3448 999 3528 cogitationem
1013 3468 1113 3529 supra
1123 3447 1240 3513 huma·
1266 3436 1406 3550 {miz

127 3571 178 3616 na
214 3550 328 3614 omnia
365 3550 505 3632 erigant,
534 3551 716 3633 animoque
744 3552 896 3615 veritatis
929 3563 962 3614 et
996 3552 1114 3615 salutis
1145 3554 1242 3616 unice
1266 3518 1402 3642 velncer-

126 3654 265 3738 cupido,
289 3662 445 3736 reputent
460 3655 550 3735 apud
567 3674 603 3715 se
619 3655 837 3717 constitutam
855 3675 875 3716 a
891 3650 1026 3718 Christo
1043 3655 1240 3720 Ecclesiam.
1267 3638 1393 3745 ξζῧῖαζζ,

128 3758 288 3840 Quacum
305 3758 332 3820 si
348 3756 453 3820 velint
468 3758 746 3839 congregationes
762 3757 914 3821 conferre
929 3778 1017 3835 suas,
1032 3770 1066 3822 et
1082 3780 1149 3841 quo
1165 3760 1239 3823 loco
1264 3764 1418 3840 persfrcerta

127 3864 166 3925 in
181 3860 247 3924 illis
263 3860 380 3943 religio
395 3861 438 3923 sit
454 3862 641 3937 aestimare,
656 3860 754 3924 sacile
769 3862 908 3939 dabunt,
923 3882 959 3924 se
975 3863 1112 3944 quidem
1127 3862 1241 3928 multis
1258 3828 1358 3953 {2122st
1359 3846 1381 3875 ν’

127 3964 359 4047 maximisque
375 3966 408 4027 in
425 3967 534 4041 rebus,
548 3966 808 4047 primordiorum
824 3965 957 4043 oblitos,
973 3969 1016 4031 ad
1035 3986 1121 4031 nova
1132 3988 1241 4033 errore

124 4069 224 4133 vario
251 4068 433 4132 defluxisse
449 4090 457 4148 ;
472 4089 581 4150 neque
596 4067 837 4146 diffitebantur,
853 4090 898 4132 ex
914 4092 955 4134 eo
970 4072 1063 4135 velut
1079 4073 1241 4153 patrimo-

124 4172 187 4237 nio
203 4172 363 4248 veritatis,
379 4174 469 4254 quod
487 4194 651 4237 novarum
669 4193 777 4236 rerum
794 4184 949 4236 auctores
961 4196 1074 4240 secum
1086 4176 1120 4239 in
1134 4198 1241 4241 seces-

162 4316 183 4348 2.
197 4298 266 4359 Τοὺς
277 4297 503 4369 ἐσκορπισμένους
515 4298 699 4370 ἐπισυνάγαγε,
712 4300 775 4360 τοὺς
786 4300 1007 4367 πεπλανημένους
1024 4300 1183 4375 ε’πανάγαγε,
1198 4308 1241 4359 καὶ

127 4372 250 4443 σύναψον
261 4379 296 4447 τῇ
308 4371 370 4444 ἁγίᾳ
382 4393 429 4426 σου
442 4369 579 4446 audoleni
591 4375 636 4426 zui
649 4374 815 4447 ἀποπολικῇ
828 4374 972 4446 ’intincta
984 4378 1030 4439 (lb,
1040 4380 1053 4435 l.
