3117 4859
454 383 577 434 INDEX
603 384 855 434 ANALYI'ICUS.
1142 378 1212 451 325

112 561 208 599 mense
222 546 310 617 Majo,
328 550 447 619 parochi
460 552 617 606 rectoribus
633 550 822 621 dioecesanis,
837 552 866 606 hi
879 551 1005 607 vicissim
1024 550 1085 605 sedi
1099 548 1217 604 centrali

112 648 250 688 romanae
269 635 437 693 indicabunt
459 639 501 708 85.
521 670 557 679 —
571 646 599 708 5⁰
612 639 799 695 Consecratio
811 639 968 695 secundum
982 638 1133 693 formulam
1147 638 1175 693 S.
1185 638 1217 692 C.

111 734 128 771 a
142 720 237 775 Leone
250 723 327 777 XIII
341 724 531 794 approbatam
549 736 702 796 peragetur
713 727 773 781 sive
786 726 919 797 privatim
932 742 950 781 a
962 725 1082 797 singulis
1094 724 1217 793 familiis,

110 805 170 861 sive
181 808 372 877 apluribusin
382 812 539 881 parochiali
552 813 683 868 Ecclesia
693 813 874 883 congregatis
882 830 947 868 cum
962 812 1091 867 Parocbo
1100 812 1145 866 vel
1158 811 1220 881 ejus

111 893 243 964 delegato
258 899 300 967 85.
312 928 349 939 -
360 900 391 953 6⁰
404 900 507 970 Imago
521 900 694 955 &Familiae
706 901 735 955 in
748 901 882 956 domibus
892 900 1062 955 familiarum
1072 899 1218 954 consocia·

112 990 203 1037 tarum
211 984 314 1040 adesse
325 985 412 1041 debet
422 1007 431 1053 3
443 1004 540 1041 coram
553 987 617 1057 ipsa
629 988 791 1042 communis
804 988 896 1043 oratio
909 988 998 1041 semel
1012 988 1113 1043 saltem
1124 986 1152 1040 in
1163 986 1219 1055 die,

111 1070 276 1138 etquidem
298 1088 417 1142 vespere
441 1073 465 1128 si
484 1074 545 1129 fieri
567 1084 670 1144 potest,
693 1075 866 1130 instituatur.
889 1074 1020 1128 Precatio
1038 1091 1056 1129 a
1081 1084 1220 1143 regnante

113 1156 140 1211 S.
166 1158 305 1215 Pontifice
335 1161 466 1231 probata,
489 1171 518 1217 et
541 1161 685 1231 quaedam
712 1178 813 1231 preces
838 1162 1026 1231 jaculatoriae
1055 1160 1221 1215 recitandae

111 1251 350 1306 commendantur
360 1253 451 1322 85-86.
465 1282 501 1293 -—
514 1260 543 1319 7⁰
554 1255 654 1322 Imago
668 1254 695 1308 S.
706 1254 729 1307 F
731 1252 854 1321 amiliae,
862 1252 911 1308 illa
920 1254 957 1308 sit
967 1253 1004 1307 de
1014 1269 1071 1323 qua
1080 1252 1108 1308 in
1118 1252 1220 1307 litteris

113 1338 155 1391 Pii
167 1340 211 1392 lX
226 1353 239 1408 5
253 1342 317 1409 Jan.
333 1342 489 1408 rtyodaris
501 1342 532 1398 fit
548 1343 666 1410 mentio,
685 1344 729 1398 vel
751 1344 839 1399 etiam
859 1342 978 1412 quaevis
1000 1342 1065 1409 alia,
1082 1358 1220 1411 personas

115 1425 142 1479 S.
155 1426 295 1481 Familiae
307 1440 535 1498 repraesentans,
548 1431 629 1484 salvo
641 1440 737 1485 tamen
748 1432 812 1501 iure
822 1429 968 1487 Ordinarii
979 1429 1146 1484 excludendi
1158 1429 1220 1485 illas

113 1510 252 1581 imagines
261 1531 335 1585 quae
349 1515 579 1572 consociationis
589 1517 678 1573 menti
688 1536 746 1573 non
754 1519 936 1574 consentiant
946 1519 988 1573 86.
998 1548 1033 1557 -
1044 1518 1073 1572 8⁰
1082 1518 1221 1575 Familiae

112 1600 253 1671 ascriptae
272 1601 456 1672 indulgentiis
474 1605 503 1658 in
523 1604 735 1675 aggregationis
754 1605 851 1660 libello
872 1606 978 1659 notatis
990 1604 1118 1659 fruentur
1130 1605 1172 1660 86.
1186 1633 1221 1644 -·

113 1698 140 1753 9α
151 1688 325 1744 constitutio
337 1708 355 1745 a
369 1692 454 1747 Card.
469 1693 636 1747 Protectore
648 1694 766 1764 ejusque
778 1691 906 1748 Consilio
918 1690 1041 1759 dabitur,
1051 1692 1099 1746 ubi
1112 1692 1148 1746 de
1160 1691 1221 1763 plu-

113 1774 189 1829 ribus
202 1776 241 1830 ad
253 1778 406 1834 utilitatem
425 1779 654 1834 ConsocIationis
666 1780 863 1850 spectantibus
875 1789 983 1849 agetur,
1003 1779 1043 1834 uti
1065 1795 1108 1835 ex.
1126 1796 1167 1848 gr.
1184 1780 1222 1837 de

113 1862 192 1917 festis
204 1864 588 1934 celebrandis,conventibus
595 1867 746 1935 habendis,
753 1876 807 1922 etc.
818 1866 860 1921 86.
870 1894 903 1905 -
913 1867 966 1921 Illa
976 1875 1082 1921 statuta
1092 1866 1222 1923 Pontifex

113 1952 281 2021 comprobat
291 1952 421 2008 86.-19
431 1955 507 2009 hanc
517 1954 768 2010 consociationem
778 1964 910 2010 caeterae
919 1954 1221 2026 coalescunt;aliquae

112 2037 299 2107 excipiuntur,
318 2057 392 2111 quae
410 2051 506 2096 tamen
527 2042 573 2111 jus
591 2041 725 2097 amittunt
743 2040 866 2096 familias
879 2039 1060 2097 adscribendi
1083 2039 1172 2108 86-87.
1185 2071 1221 2081 -

114 2126 254 2181 Familiae
267 2136 353 2183 antea
364 2128 527 2199 adscriptae
541 2129 723 2197 indulgentiis
737 2130 873 2197 fruentur,
886 2129 972 2184 modo
984 2140 1015 2183 ut
1027 2145 1102 2185 nova
1115 2138 1221 2183 statuta

112 2222 226 2269 servent
251 2217 293 2281 87.
313 2246 350 2257 -
372 2217 602 2272 consociationis
627 2219 747 2273 Praeses
767 2217 948 2273 constituitur
968 2218 1051 2289 eique
1071 2217 1221 2272 consilium

113 2304 514 2374 assignatur87.—-Studeant
522 2307 571 2379 qui
580 2325 677 2362 curam
686 2307 846 2363 animarum
855 2308 1221 2377 gerunt,Consociationem

114 2412 282 2462 promovere
301 2399 467 2465 praesertim
489 2398 563 2453 inter
581 2398 735 2468 operarios,
748 2409 777 2453 et
791 2400 819 2452 ln
832 2399 933 2453 eodem
954 2414 1068 2453 servare
1087 2395 1222 2451 orationis

114 2482 214 2551 spiritu
228 2484 320 2549 87-88.
332 2513 368 2522 -
381 2485 577 2541 Praesentium
590 2485 747 2541 litterarum
759 2486 915 2541 auctoritas
929 2484 1142 2540 vindicaturus

149 2601 194 2652 18.
224 2602 445 2652 Ll'r'l'ERAE
472 2601 763 2654 APOSTOLICAE
795 2606 834 2653 de
861 2604 1082 2665 indulgentiis
1103 2605 1136 2650 et

116 2690 304 2752 privilegiis
323 2692 398 2753 piae
422 2692 684 2742 Consociationis
708 2694 846 2743 assera
866 2692 1019 2742 Familia.
1033 2716 1067 2725 —
1091 2690 1135 2739 20

113 2777 313 2829 Iun111892.
1068 2789 1132 2842 pag.
1188 2770 1223 2839 89

147 2896 291 2951 Memorat
305 2896 435 2951 Pontifex
447 2914 464 2951 a
475 2914 506 2952 se
526 2915 618 2967 nuper
636 2900 758 2967 probata
770 2897 859 2952 fuisse
873 2908 980 2952 statuta
994 2894 1222 2951 Consociationis

115 2982 222 3038 Sacrae
235 2984 384 3052 Familiae,
396 3002 483 3055 quarn
496 2986 602 3041 nostris
616 2986 784 3054 praesertim
795 2984 973 3056 temporibus
983 2984 1224 3056 opportunissime

113 3081 238 3151 expetam
250 3072 376 3127 ostendit
389 3073 431 3140 89.
448 3102 484 3113 -
496 3074 541 3127 ad
556 3074 651 3128 fausta
670 3072 746 3127 illius
765 3073 943 3129 incrementa
962 3083 1153 3143 opportunum
1172 3071 1222 3124 du·

115 3175 181 3213 cens
193 3160 353 3229 praemium
367 3160 622 3231 indulgentiarum,
633 3161 760 3217 decernit
783 3160 981 3231 infrascriptas
1003 3160 1194 3228 indulgentias
1206 3175 1224 3213 a

118 3249 264 3303 sodalibus
278 3249 428 3304 lucrandas
442 3250 530 3319 89-94.
545 3281 580 3290 —
593 3252 616 3304 F
618 3252 728 3306 ormula
741 3250 887 3306 recitanda
901 3268 918 3305 a
939 3249 1109 3305 Christianis
1130 3248 1224 3301 Fami-

113 3333 158 3389 liis
169 3350 213 3405 95.

149 3459 195 3508 19.
210 3460 419 3510 EPISTOLA
433 3460 476 3510 ad
485 3460 645 3511 Comitem
656 3460 698 3511 de
708 3462 772 3510 Loe
786 3461 997 3510 deconventu
1011 3458 1134 3510 Catho-

115 3546 811 3599 licor-umlnFuida.-27.iuniilt392....
1067 3558 1130 3610 pag.
1186 3540 1222 3609 96

151 3655 287 3721 Pergrata
298 3654 351 3708 sibi
362 3654 450 3708 fuisse
460 3664 580 3709 testatur
591 3654 720 3709 Pontifex
732 3671 807 3724 quae
815 3655 843 3708 in
854 3665 994 3709 conventu
1010 3654 1144 3709 Fuldensi
1156 3664 1223 3709 sunt

115 3754 186 3809 acta,
198 3755 227 3797 et
249 3743 346 3797 laudat
359 3743 571 3797 Catholicorum
586 3744 758 3798 Germaniae
777 3745 865 3797 zelum
880 3744 1084 3798 connitentium
1099 3754 1128 3797 ut
1139 3743 1223 3813 plena

117 3829 260 3898 religionis
282 3830 441 3886 catholicae
459 3830 576 3885 libertas
593 3832 630 3885 ab
650 3831 711 3899 ipsa
731 3833 794 3899 lege
813 3830 886 3886 civili
907 3832 1116 3886 communiatur
1134 3831 1176 3900 96.
1189 3859 1224 3870 -

122 3916 264 3972 Memorat
277 3935 307 3971 se
321 3917 431 3987 legibus
450 3917 597 3972 obstitisse
609 3919 638 3972 in
652 3918 813 3973 Ecclesiam
827 3920 892 3974 latis
905 3921 997 3975 cultus
1018 3919 1109 3976 civilis
1127 3917 1224 3996 tuendi

119 4006 232 4060 nomine
244 4006 288 4075 96.
299 4034 334 4043 -
344 4008 468 4076 Exoptat
479 4018 509 4060 ut
522 4008 600 4075 leges
613 4008 735 4077 iniquae,
750 4007 918 4077 praesertim
933 4008 968 4063 de
981 4009 1113 4076 religiosa
1123 4007 1221 4076 juven·

119 4092 184 4159 tutis
197 4093 385 4160 institutione,
398 4094 571 4161 abrogentur
583 4093 675 4162 96-97.
687 4122 722 4133 -
736 4094 926 4149 Connitantur
938 4096 967 4148 in
981 4096 1009 4149 id
1024 4097 1137 4150 fideles
1151 4096 1221 4151 Ger·

117 4184 237 4252 maniae,
259 4184 427 4238 Antistitunr
452 4201 568 4238 suorum
587 4184 683 4238 ductu.
704 4184 804 4238 Aderit
826 4184 976 4239 auxiliator
1008 4187 1087 4239 Deus
1117 4200 1160 4253 97.
1185 4215 1221 4225 —

118 4270 268 4325 Paternum
280 4271 407 4325 animum
419 4271 567 4341 profitetur
583 4272 712 4326 Pontifex
732 4271 761 4324 in
771 4271 932 4343 omnesqui
947 4272 1023 4326 sedis
1037 4273 1220 4341 Apostolicae

118 4356 176 4426 jure
193 4358 223 4413 in
236 4360 351 4415 laudato
362 4369 504 4415 conventu
516 4359 701 4414 adseruerunt
714 4370 760 4425 97.
