3117 4859
398 410 471 499 326
751 432 873 483 tubex
899 431 1150 484 nuaorrrcus

430 590 458 639 5.
483 590 630 641 EPISTO
637 592 689 641 LA
703 591 745 643 ed
761 592 960 653 Episcopum
975 592 1379 653 Mootlspessulaueosem,
1393 592 1436 642 de

398 677 494 728 rebus
515 679 722 729 etvtttoustu
743 679 860 729 Gallia.
882 703 917 713 —
947 678 992 731 30
1022 678 1099 729 Dec.
1120 678 1212 729 189⁴.
1331 691 1398 745 pag.
1475 690 1503 729 tt

431 794 568 849 Testatur
591 795 720 851 Pontifex
742 794 914 851 benevolum
934 797 1065 851 Antistiti
1088 796 1225 863 animum,
1247 808 1349 865 utpote
1370 796 1400 849 S.
1420 796 1503 849 Sedis

398 883 557 953 praeceptis
579 882 759 953 obsequenti,
772 894 860 955 atque
880 883 918 938 de
929 884 1087 939 concordia
1097 882 1306 939 catholicorum
1325 882 1450 937 sollicito
1466 897 1502 937 11.

398 1000 430 1009 -
442 969 563 1027 Licitum
578 988 644 1025 vero
654 972 782 1027 declarat
795 970 881 1025 aliam
894 988 990 1026 rernm
1002 970 1128 1027 civilium
1139 969 1262 1025 tonnam
1274 979 1450 1041 praeoptare
1465 983 1501 1022 ιι.

396 1087 430 1097 -
445 1058 551 1115 Fausta
565 1060 691 1115 Praesuli
704 1076 721 1115 a
736 1060 800 1115 Deo
811 1070 942 1131 precatur
958 1075 997 1114 rt.

431 1210 461 1259 a.
483 1211 692 1263 EPISTOLA
714 1213 757 1263 ad
784 1214 963 1275 Episcopus
993 1211 1239 1261 foederatarum
1261 1212 1437 1262 Armoricae

396 1301 664 1359 septentrionalis
683 1300 871 1359 civitatum,
892 1302 933 1351 de
954 1300 1055 1350 rebus
1074 1299 1257 1353 catholicis.
1276 1322 1313 1334 -
1325 1300 1434 1351 dian.

397 1386 486 1437 18⁹5.
1331 1400 1399 1453 pag.
1471 1398 1498 1437 12

433 1504 608 1559 Benevolum
629 1506 820 1561 Americanae
844 1507 923 1575 genti
949 1504 1077 1558 animum
1102 1516 1222 1560 testatur
1245 1504 1379 1559 Pontifex
1405 1521 1500 1559 12.-

397 1590 559 1646 Ecclesiam
582 1592 619 1648 de
643 1593 778 1649 Amerina
799 1595 872 1648 bene
885 1594 1016 1647 meritam
1037 1608 1104 1648 esse
1123 1594 1234 1663 probat,
1255 1592 1352 1647 allatis
1373 1594 1500 1648 columbi

396 1688 482 1747 atque
495 1678 642 1735 homiuum
654 1682 876 1751 apostolicomm
896 1680 1043 1735 laboribus
1058 1694 1146 1748 12-13.
1168 1710 1203 1719 —
1230 1681 1316 1735 initia
1332 1682 1452 1751 exponit
1463 1682 1499 1735 rei

396 1764 488 1821 civilis
517 1778 603 1839 atque
630 1768 809 1825 hierarchiae
840 1769 1059 1824 ecclesiasticae
1092 1769 1122 1822 in
1143 1768 1303 1823 foederatis
1333 1770 1500 1824 civitatibus

397 1858 541 1914 Memorat
555 1860 678 1930 primum
691 1862 844 1917 Americae
858 1860 1038 1931 Episcopum
1050 1860 1179 1915 amicitia
1190 1859 1279 1914 fuisse
1288 1860 1422 1930 junctum
1438 1880 1498 1915 cnm

397 1946 608 2017 Wasbingtono
628 1948 676 2019 qui
698 1949 816 2021 quidem
838 1950 894 2005 sibi
915 1949 1042 2004 habebat
1063 1964 1231 2018 persuasum
1256 1965 1316 2004 noo
1337 1966 1425 2019 posse
1450 1950 1497 2004 uisi

396 2035 480 2089 bonis
494 2036 630 2105 operibus
650 2048 727 2092 stare
740 2037 969 2107 rempublicam:
988 2036 1081 2091 bonos
1100 2052 1170 2090 vero
1186 2053 1282 2091 mores
1302 2036 1429 2092 maxime
1438 2056 1498 2093 cou-

397 2122 468 2177 tiuet
481 2124 589 2191 religio,
602 2142 677 2195 quae
692 2126 759 2180 licet
773 2138 876 2181 natura
887 2142 940 2179 sua
953 2126 1077 2181 salutem
1090 2134 1202 2193 spectet
1215 2123 1388 2193 animarum,
1407 2136 1497 2180 tameo

397 2220 424 2265 et
439 2212 598 2279 praesentis
620 2214 695 2269 vitae
708 2224 803 2268 tuetur
815 2213 968 2268 utilitatem
985 2227 1072 2281 ¹3⁴4·
1095 2241 1130 2250 -
1143 2212 1197 2265 Rei
1211 2211 1345 2281 publicae
1358 2230 1394 2267 ac
1407 2215 1496 2268 Etcle

397 2298 457 2354 siae
471 2298 499 2353 in
514 2300 643 2356 Statibus
663 2301 816 2357 foederatis
836 2302 1014 2357 incrementa
1035 2308 1131 2353 narrat
1144 2299 1285 2367 Pontifex,
1298 2316 1336 2355 ac
1346 2318 1394 2355 res
1406 2302 1497 2356 little

396 2387 457 2442 siae
470 2396 530 2442 tam
552 2405 705 2459 prosperas
725 2388 856 2459 assignat
875 2388 996 2459 synodis
1017 2387 1238 2457 Episcopomm,
1257 2403 1375 2442 necnon
1397 2390 1496 2459 legibus

396 2473 526 2530 civilibus
541 2476 703 2532 Ecclesiam
716 2478 795 2532 nullo
820 2476 907 2531 modo
921 2474 1176 2548 praepedientibus
1188 2494 1196 2540 ς
1214 2486 1302 2543 negat
1316 2486 1416 2530 tamen
1433 2476 1496 2546 opti·

396 2580 474 2617 mum
489 2573 596 2619 statum
609 2566 760 2620 Ecclesiae
775 2565 895 2621 inveniri
910 2563 938 2618 in
951 2563 1135 2633 separatione
1147 2578 1165 2617 a
1176 2562 1317 2617 societate
1326 2563 1404 2618 civili
1420 2577 1494 2629 tr-rt

394 2680 429 2689 -
451 2651 618 2707 Studiorum
639 2653 857 2719 incrementum,
879 2669 914 2707 ac
931 2652 972 2708 rei
992 2652 1151 2706 catholicae
1171 2650 1453 2706 administrationem
1468 2664 1495 2703 se

393 2756 494 2794 curare
512 2741 643 2796 Pontifex
664 2740 791 2810 exponit.
817 2740 1011 2795 1⁰Conditam
1031 2757 1048 2793 a
1065 2756 1097 2794 se
1116 2752 1255 2794 memorat
1278 2740 1494 2795 Universitatem

394 2825 608 2897 Washingtonii
637 2830 724 2897 1546.
747 2858 778 2867 -
817 2828 885 2882 Vult
902 2826 1104 2881 adolescentes
1130 2826 1159 2881 io
1184 2825 1249 2897 ipsa
1268 2844 1330 2881 non
1349 2827 1443 2881 minus
1465 2824 1496 2878 ad

394 2914 573 2984 Religionem
588 2916 736 2972 informari
750 2933 839 2986 quarn
851 2917 889 2970 ad
902 2925 979 2971 artes
988 2915 1116 2985 optimas
1131 2915 1170 2969 16.
1180 2942 1215 2953 —
1228 2914 1393 2969 Gaudetde
1404 2914 1494 2968 faustis

392 3002 476 3073 hujus
492 3003 619 3059 Instituti
645 3004 744 3059 initiis.
773 3004 897 3058 Multam
916 3021 951 3058 ex
970 3003 1073 3073 Lyceis
1094 3002 1262 3074 provenisse
1283 3001 1438 3057 utilitatem
1448 3016 1494 3056 tes

294 3094 297 3099 '
392 3099 468 3145 tatur
483 3090 522 3145 16.
542 3122 575 3131 -
599 3093 745 3148 Laudibus
768 3092 895 3147 celebrat
909 3092 1035 3161 Lyceum
1063 3088 1352 3145 Lovauieuse16.-
1376 3091 1494 3145 Beuero

392 3177 499 3233 lentiac
513 3180 726 3251 Episcoporum
738 3190 766 3235 et
779 3178 990 3235 beneficentiae
1003 3177 1148 3234 Fideliunr
1156 3177 1343 3233 commendat
1356 3178 1495 3233 Amenme

391 3268 625 3335 septentrionalis
647 3268 808 3337 Collegium
829 3268 858 3322 in
892 3267 981 3334 Urbe,
1003 3268 1124 3337 ejusque
1144 3282 1314 3337 prosperum
1340 3282 1495 3321 successum

391 3356 507 3423 exponit
524 3368 563 3421 17.
574 3385 608 3395 —
623 3364 652 3410 2⁰
664 3354 932 3410 Administrationis
945 3355 1097 3411 Ecclesiae
1109 3354 1254 3424 providus,
1267 3354 1493 3423 congregandum

392 3446 501 3500 curavit
515 3445 604 3499 Cone.
618 3443 829 3498 Baltimorense
844 3445 900 3510 lIl,
913 3460 1033 3514 ejusque
1049 3444 1167 3498 decreta
1180 3440 1306 3497 saucivit
1321 3456 1364 3506 17.
1377 3470 1416 3481 -
1427 3443 1494 3496 Salu-

391 3545 467 3588 tares
482 3531 601 3587 Concilii
623 3531 732 3586 fructus
745 3532 851 3601 gaudet
865 3548 915 3600 per
928 3531 1085 3587 sollertiam
1097 3541 1127 3585 et
1148 3528 1332 3600 prudentiam
1346 3529 1494 3599 Episcopo

390 3636 453 3675 rum
473 3621 603 3675 celeriter
622 3620 659 3674 ad
680 3620 875 3674 maturitatem
890 3621 1057 3687 pervenisse
1079 3617 1403 3686 17·18.—Fastigium
1425 3614 1493 3685 operi

391 3707 522 3763 Pontifex
536 3709 672 3779 imposuit
685 3708 862 3775 legationem
875 3708 1065 3778 apostolicam
1079 3706 1289 3771 constituendo,
1303 3722 1363 3774 qua
1371 3703 1493 3759 Amerina

390 3796 531 3851 ineodem
542 3796 605 3868 jure
624 3813 657 3851 ac
680 3806 793 3851 ceterae
814 3794 945 3851 civitates
966 3795 1091 3865 ponitur,
1104 3806 1133 3848 et
1149 3793 1287 3849 catholici
1307 3794 1417 3847 arctius
1437 3807 1492 3846 cun

389 3884 418 3937 S.
432 3884 507 3938 Sede
520 3884 666 3938 sociantur
682 3884 721 3937 18.
740 3913 774 3923 -
787 3885 834 3937 Ab
845 3883 946 3937 ultima
957 3882 1132 3953 antiquitate
1145 3892 1358 3937 consueverunt
1379 3876 1491 3935 Romani

390 3970 551 4039 Pontifices,
566 3971 663 4025 nativo
674 3971 737 4040 jure
751 3988 812 4037 suo,
824 3966 936 4041 legatos
948 3972 986 4025 ad
1005 3969 1128 4041 populos
1143 3969 1317 4024 christianos
1329 3968 1444 4023 mittere
1456 3967 1491 4019 ιδ,

388 4086 421 4095 -
437 4057 539 4112 Missio
552 4057 638 4128 legati
651 4058 722 4112 nihil
736 4058 868 4113 detrahet
881 4059 918 4113 de
932 4060 1144 4129 Episcoporutn
1157 4067 1312 4127 potestate,
1324 4057 1414 4110 immo
1423 4055 1491 4109 illam

385 4145 498 4199 iefficiet
523 4145 685 4214 firmiorem,
698 4155 797 4215 utpote
810 4162 884 4217 quae
896 4146 1092 4201 obedientiam
1105 4144 1135 4199 in
1149 4144 1306 4215 fidelibus,
1318 4144 1490 4213 disciplinam

384 4247 403 4285 n
418 4232 511 4297 Clero,
525 4232 554 4284 in
575 4232 730 4301 Episcopis
744 4235 899 4288 caritatem
922 4244 1053 4288 mutuam
1066 4233 1194 4288 tuebitur
1217 4234 1357 4301 18·19.-
1379 4231 1488 4301 Episco

385 4332 486 4377 porum
499 4318 651 4372 concordia
664 4337 698 4374 ac
711 4330 811 4375 mutua
825 4320 1011 4377 observantia
1023 4321 1099 4391 parit
1112 4321 1236 4376 salutem
1256 4320 1411 4386 Fidelinm,
1424 4316 1487 4372 utili·

384 4415 440 4467 que
457 4402 588 4471 exemplo
601 4413 644 4457 est
664 4407 831 4461 acatholicis
848 4422 889 4474 19.
902 4435 938 4446 -
958 4408 1151 4464 Americanae
1160 4406 1295 4463 civitates
1308 4423 1397 4477 quum
1410 4406 1484 4461 noris
