3117 4859
345 374 418 444 3¹0
482 374 673 426 merenas
698 374 958 427 nrosronrcaa
988 363 1007 393 ¹⁸
1026 370 1307 424 oaraurnuuu.
1323 348 1340 375 ”

344 523 490 599 membri,
510 534 722 606 augmentum
745 524 886 607 corperis
899 524 990 605 facit
1015 523 1049 587 in
1073 520 1330 603 aedificationem
1350 516 1407 580 sui
1417 517 1451 579 in

344 626 481 689 caritate
495 626 549 709 (¹).
572 626 626 691 Ea
642 628 799 691 nimirum
817 626 952 711 gloriari
969 626 1067 691 unice
1094 631 1209 709 potest
1230 622 1353 689 Christi
1376 640 1452 683 vera

346 750 418 793 esse
446 729 608 809 Ecclesia,
628 730 661 794 in
688 751 755 813 qua
782 732 957 814 aptissime
977 730 1156 795 cohaereat
1171 748 1275 791 unum
1289 738 1402 809 corytus
1425 734 1455 788 et

345 854 432 897 unus
445 833 584 916 spiritus
599 834 612 915 (
630 834 651 916 ).

226 954 319 1032 uma
391 936 487 1001 Haec
513 937 668 1001 universa
691 947 725 1002 et
741 937 883 1021 singula,
899 955 1132 1021 quaecumque
1148 944 1258 999 sunta
1276 934 1385 999 Nobis
1398 935 1454 999 de-

167 1029 215 1069 m
233 1020 320 1069 ‘’m‘'
345 1049 445 1118 creta,
470 1040 610 1105 minime
635 1041 777 1107 dubium
805 1043 886 1124 quin
908 1041 1126 1107 Venerabiles
1157 1040 1293 1105 Fratres
1314 1038 1455 1103 Patriar·

182 1087 322 1199 &im
346 1145 439 1220 chae,
454 1145 722 1229 Archiepiscopi,
739 1146 900 1229 Episcopi
914 1146 1032 1229 quovis
1042 1145 1198 1211 orientali
1211 1147 1275 1209 ritu
1288 1142 1455 1217 catholici,

167 1214 322 1331 mm
347 1270 408 1333 pro
424 1270 463 1314 ea
479 1271 546 1335 qua
560 1261 734 1333 praestant
749 1263 823 1316 tum
841 1253 874 1317 in
893 1251 1100 1318 cathedram
1119 1250 1354 1335 Apostolicam
1372 1257 1408 1312 et
1423 1248 1455 1311 in

167 1346 304 1403 semmua·
348 1353 421 1418 Nos
447 1355 581 1437 pietate,
608 1365 682 1419 tum
712 1374 847 1419 suarum
865 1355 1093 1422 sollicitudine
1110 1355 1348 1431 Ecclesiam,
1363 1352 1456 1417 omni

347 1456 415 1519 sint
440 1457 627 1521 reverentia
649 1464 685 1520 et
700 1457 995 1541 obtemperatione
1011 1458 1208 1540 suscepturi,
1223 1456 1325 1540 idque
1341 1451 1457 1519 sedulo

347 1558 496 1626 effecturi
522 1572 559 1626 ut
582 1563 777 1627 eorumdem
795 1561 1018 1641 observantia,
1034 1563 1078 1628 ab
1094 1563 1134 1626 iis
1150 1580 1291 1644 quorum
1311 1561 1458 1633 interest,

204 1707 323 1770 detegaris
347 1665 448 1747 plena
473 1674 706 1750 consequatur.
728 1704 772 1715 -
789 1664 897 1749 Copia
913 1686 992 1731 vero
1010 1666 1190 1743 fructuum,
1205 1684 1290 1748 quos
1307 1663 1388 1727 inde
1403 1682 1457 1726 au·

174 1774 187 1808 ‚·
200 1788 258 1821 vero
268 1772 323 1849 ’νέξ
348 1768 460 1851 gurari
476 1768 554 1833 licet
569 1780 603 1833 et
619 1770 689 1834 iure
703 1770 836 1851 optimo
852 1781 1042 1852 expectare,
1057 1769 1158 1834 valde
1172 1788 1218 1833 ex
1228 1787 1331 1851 opera
1343 1785 1456 1830 eorum

161 1906 164 1908 Δ
192 1844 324 1967 qm?
348 1872 523 1954 proveniet
549 1872 606 1956 qui
633 1883 754 1955 gerunt
786 1892 965 1954 personam
999 1872 1161 1937 Nostram
1193 1890 1253 1955 per
1283 1870 1457 1937 Orientem

177 1976 224 2017 ‘²¹¹‘
234 1968 323 2017 Ortm-
349 1974 578 2041 christianum.
590 1973 766 2058 Delegatis
783 1985 963 2058 propterea
978 1974 1187 2058 Apostolicis
1198 1972 1459 2038 commendatis-

157 2032 324 2148 ,Ἢωωυῗ
349 2080 471 2144 simum
496 2079 652 2143 volumus
679 2090 716 2144 ut
741 2079 876 2145 illarum
902 2081 1058 2163 gentium
1084 2079 1210 2143 tradita
1234 2098 1254 2141 a
1278 2078 1460 2142 maioribus

171 2166 253 2279 Q?
260 2170 325 2278 ,ζῖ
350 2183 506 2251 instituta
531 2184 659 2249 honore
684 2183 800 2249 debito
815 2194 1015 2249 vereantur:
1032 2182 1301 2261 Patriarcharum
1318 2183 1459 2247 auctori·

126 2285 128 2288 ’
183 2246 325 2372 iim’smts
352 2295 456 2352 tatem
473 2307 541 2370 quo
556 2308 617 2371 par
631 2297 684 2352 cst
699 2288 863 2372 obsequio
878 2286 1001 2367 colant,
1015 2287 1192 2353 colendam
1209 2296 1327 2351 curent
1341 2294 1461 2368 ;atque

171 2360 328 2485 mm:
352 2387 595 2467 in1officiorum
626 2409 702 2454 cum
734 2388 783 2453 eis
814 2391 1071 2473 permutatione,
1095 2390 1273 2455 consillum
1301 2386 1461 2470 expleant

167 2490 312 2556 posature.
353 2493 531 2577 Apostoli:
547 2493 681 2558 Honore
696 2493 1084 2578 inue'cernpraeuenientes
1094 2492 1138 2577 (³)
1151 2518 1159 2559 ε
1174 2492 1361 2575 Episcopis,
1374 2490 1462 2555 clero

352 2608 386 2663 et
412 2598 539 2681 populo
563 2598 751 2662 studiosum
776 2618 816 2663 ac
843 2597 1098 2664 benevolentem
1122 2600 1272 2661 animum
1298 2595 1463 2679 probent;

352 2704 509 2767 eumdem
525 2702 626 2785 plane
641 2704 796 2786 spiritum
814 2704 847 2767 in
865 2724 901 2768 se
918 2702 1108 2781 reserentes,
1127 2722 1195 2786 quo
1208 2703 1353 2768 Ioannes
1365 2700 1461 2785 Apo·

353 2804 459 2869 stolus
485 2804 658 2890 agebatur,
682 2826 786 2890 quum
813 2808 1059 2890 Apocalypsim
1084 2806 1179 2871 dedit
1193 2814 1311 2889 septem
1326 2800 1462 2869 ccclesias

353 2920 528 2992 quaesunt
542 2911 577 2975 in
592 2910 690 2988 Asia,
705 2912 866 2993 inscripta
883 2911 1108 2976 salutatione:
1128 2908 1249 2976 Gratia
1261 2908 1393 2974 uobuet
1395 2919 1464 2992 pax

352 3012 395 3078 ab
416 3034 450 3079 eo
471 3015 531 3097 qui
543 3025 598 3091 est,
613 3015 811 3098 etquierat,
825 3015 931 3099 etqui
944 3025 1102 3079 venturus
1112 3024 1161 3079 ast
1174 3013 1217 3097 (⁴)
1232 3037 1239 3078 :
1255 3013 1288 3077 in
1306 3013 1463 3096 omnique

355 3118 478 3201 agendi
495 3120 625 3183 ratione
639 3139 712 3184 sese
730 3126 902 3202 praestent
919 3139 987 3198 eos,
996 3119 1054 3203 qui
1064 3139 1143 3183 vere
1155 3118 1344 3183 habeantur
1357 3116 1463 3181 nuntii

355 3222 450 3304 digni
484 3223 784 3306 conciliatoresque
818 3234 955 3287 sanctae
990 3222 1128 3288 unitatis
1160 3222 1246 3286 inter
1276 3219 1465 3287 Orientales

357 3324 527 3391 Ecclesias
551 3338 585 3392 et
602 3328 805 3405 Romanam,
821 3346 908 3411 quae
923 3338 1076 3392 centrum
1092 3326 1244 3391 eiusdem
1261 3336 1313 3390 est
1328 3324 1465 3389 unitatis

233 3462 332 3513 Eadem
357 3440 392 3495 et
415 3431 573 3496 caritatis.
594 3468 639 3481 -
655 3430 751 3495 Haec
774 3432 850 3515 ipsa
862 3430 1015 3495 similiter
1031 3430 1189 3509 sentiant,
1205 3430 1357 3494 similiter
1374 3448 1465 3510 pera·

180 3529 332 3643 ’ξξζέζξζ
358 3542 450 3617 gant,
473 3534 609 3599 hortatu
636 3536 795 3618 iussuque
820 3534 956 3613 Nostro,
972 3536 1165 3599 sacerdotes
1181 3534 1286 3613 latini,
1302 3542 1465 3617 quotquot

196 3660 333 3709 ‹torrtustn
358 3640 392 3705 in
417 3642 544 3707 eisdem
567 3642 759 3724 regionibus
775 3642 927 3725 egregios
944 3642 1074 3707 labores
1090 3642 1216 3707 obeunt
1234 3641 1278 3704 ad
1294 3637 1464 3721 sempiter-

179 3726 334 3855 negem?
359 3764 437 3808 nam
465 3746 652 3809 animorum
679 3745 847 3810 salutem:
873 3744 1027 3829 religiose
1054 3745 1087 3809 in
1111 3744 1304 3810 obedientia
1322 3738 1465 3807 Romani

360 3847 532 3914 Pontificis
559 3850 799 3929 laborantibus,
822 3859 902 3914 tunc
920 3870 999 3914 vero
1014 3849 1109 3915 dabit
1126 3848 1221 3915 Deus
1236 3848 1351 3931 ampla
1366 3848 1465 3910 incre·

359 3964 480 4017 menta

214 4090 332 4138 p„„„,.
403 4058 512 4142 Igitur
536 4077 768 4141 quaecumque
799 4059 851 4122 his
879 4056 999 4123 litteris
1015 4059 1236 4135 decemimus,
1250 4056 1465 4128 declaramus,

180 4155 247 4204 Μ
267 4156 332 4204 ture-
357 4161 535 4238 sancimus,
550 4160 594 4225 ab
609 4162 765 4226 omnibus
782 4163 825 4226 ad
842 4182 927 4244 quos
938 4161 1084 4243 pertinet
1096 4159 1332 4226 inviolabiliter
1346 4154 1463 4221 servari

241 4236 332 4270 ranam
357 4265 513 4328 volumus
539 4285 578 4329 ac
604 4265 815 4341 mandamus,
840 4284 901 4328 nec
929 4284 967 4327 ea
996 4266 1117 4341 notari,
1144 4266 1178 4328 in
1206 4262 1462 4329 controversiam

388 4414 406 4445 1.
427 4399 519 4457 Epire,
538 4408 573 4448 lv,
589 4410 627 4456 ·13.
647 4399 682 4442 tta
695 4420 725 4431 -
739 4410 760 4443 2.
779 4398 824 4449 lt,
842 4412 863 4452 ψ
876 4420 904 4431 -
919 4412 940 4455 3.
960 4398 1038 4451 Rom,
1058 4406 1106 4448 xit,
1127 4410 1195 4443 ια·-
1211 4411 1233 4454 4.
1251 4396 1333 4455 Aput..
1353 4404 1369 4448 t,
1387 4408 1407 4450 4.
