3117 4859
108 371 158 420 Du
178 371 295 420 REGNl
316 369 533 420 HUNGARlCl
553 369 838 420 SAECULARIBUS
857 371 1112 422 SOLEMNIBUS.
1149 374 1212 438 141

106 513 240 592 effusos,
254 535 360 598 quum
384 514 579 578 testimonia
607 511 696 588 fidei,
719 512 882 595 obsequii,
897 517 1031 593 amoris,
1045 518 1218 582 communi
1245 537 1392 586 celebritates

107 619 319 702 popularium
336 619 482 695 nornine,
493 617 695 682 exhiberent
709 617 944 698 pulcherrirna.
960 619 1033 684 Nec
1049 621 1157 686 defuit
1172 622 1220 685 eis
1242 597 1378 715 Ξῖἇᾝ

108 723 343 788 benevolentia
353 723 480 787 Nostra
492 732 526 786 et
537 721 1008 804 opportunaeexbortationis
1023 723 1220 807 alloquium,
1245 721 1304 760 ⁶¹²³·

109 839 146 893 ut
162 829 294 892 animos
318 829 351 890 in
379 825 495 890 officiis
521 833 660 890 sanctae
685 825 901 907 professionis
926 827 1221 894 confirmaremus:

108 953 313 1016 quamquam
330 933 363 997 id
380 930 534 996 oonsulto
550 928 751 1012 uberiusque
767 930 997 1012 praestitimus
1007 933 1136 996 nationi
1146 935 1217 998 uni·

109 1056 232 1112 versae,
243 1035 363 1101 litteris
374 1038 418 1100 ad
431 1056 492 1100 uos
503 1034 605 1099 semel
617 1042 720 1116 atque
730 1035 852 1098 iterum
867 1035 966 1099 datis.
979 1035 1080 1101 Nunc
1095 1047 1221 1115 autern,

108 1141 383 1224 quandoquidem
394 1138 667 1203 commeminisse
677 1139 771 1202 iuvat
780 1157 847 1219 qua
856 1142 1103 1206 verecundiaet
1113 1145 1223 1226 gratia

107 1245 217 1309 clerus
229 1246 308 1308 boni
334 1263 376 1320 ue
392 1261 510 1308 omnes
524 1242 583 1306 illa
597 1242 729 1325 paterni
746 1243 850 1306 animi
866 1254 1067 1325 argumenta
1083 1253 1220 1330 accepe-

107 1351 186 1426 rint,
203 1265 374 1412 rursusqlr
387 1345 792 1428 vos,iuterpres=caritetis
810 1345 966 1423 Nostrae,
979 1347 1063 1413 haec
1079 1351 1224 1433 epistola

107 1456 284 1532 adveniat3
298 1473 395 1537 quae,
409 1452 544 1516 favente
560 1451 646 1528 Deo,
662 1450 842 1516 saecularis
868 1452 1072 1518 celebritatis
1095 1464 1130 1519 et
1156 1455 1222 1521 lae·

107 1559 218 1623 titiam
234 1568 359 1641 augeat
373 1567 407 1622 et
423 1558 551 1622 fructus
567 1554 778 1637 multiplicet.

153 1664 193 1727 ln
212 1672 285 1726 tota
306 1681 418 1726 rerum
441 1662 534 1738 serie,
562 1679 702 1743 quarum
731 1661 823 1742 apud
850 1681 912 1723 vos
940 1665 1222 1731 commemoratio
1274 1682 1321 1752 se·
1329 1682 1400 1726 Hun-

108 1768 202 1833 cultu
219 1765 400 1849 magnifico
415 1775 607 1848 apparatur,
629 1764 800 1846 religionis
827 1764 1014 1831 catholicae
1026 1787 1068 1830 ea
1081 1770 1223 1834 omnino
1243 1753 1354 1845 mx,

108 1874 341 1955 elucet-atque
355 1871 483 1935 eminet
497 1873 612 1947 virtus,
627 1891 715 1953 quac
741 1870 874 1952 optima
898 1879 952 1935 est
979 1871 1222 1939 incolumitatis
1244 1861 1387 1964 {ffl'jssm

109 1978 267 2062 publicae
288 1975 501 2040 conciliatrix
528 1975 762 2058 bonorumque
783 1995 887 2038 omne
909 1995 1016 2057 genus
1031 1997 1153 2059 parens
1168 1980 1221 2044 vel
1247 1933 1389 2098 {ffifm

108 2082 236 2146 fautrix
248 2082 282 2144 in
293 2081 435 2164 populis.
446 2079 645 2162 Sane,quod
663 2079 898 2160 prudentiores
913 2091 1098 2144 uestrarum
1111 2103 1221 2147 rerum
1346 2073 1351 2083 ’

107 2187 288 2269 scriptores
304 2186 409 2261 aiunt,
423 2193 606 2266 occupatas
619 2183 696 2246 istic
708 2183 862 2265 regiones
874 2184 968 2246 natio
980 2184 1221 2267 Hungarorum

110 2309 173 2354 nee
189 2292 246 2354 diu
270 2309 332 2353 nec
350 2308 510 2372 prospere
533 2288 707 2365 tenuisset,
722 2287 786 2350 nisi
802 2308 877 2351 eam
893 2289 1049 2354 doctrina
1065 2299 1099 2352 et
1115 2290 1224 2373 gratia

107 2394 315 2475 evangelica,
326 2394 406 2475 iugo
421 2391 668 2475 superstitionis
678 2399 886 2472 exemptam,
897 2394 1068 2458 monendo
1083 2414 1123 2456 ac
1136 2395 1224 2458 miti·

110 2499 234 2579 gando,
265 2497 307 2560 ad
339 2496 397 2560 illa
427 2495 638 2572 adduxisset,
662 2494 734 2557 iura
764 2495 918 2575 gentium
949 2496 1063 2573 vereri,
1092 2496 1225 2562 laedere

110 2602 291 2677 neminem,
306 2599 523 2663 clementiam
540 2599 687 2675 inducre,
703 2597 814 2661 colere
829 2597 942 2662 studia
955 2600 1057 2681 pacis,
1068 2601 1224 2684 principi-

110 2707 175 2767 bus
205 2714 368 2786 tanquam
400 2705 475 2767 Deo
504 2704 653 2779 subesse,
676 2702 922 2766 fraternitatem
953 2703 1045 2768 dorni
1077 2703 1224 2790 forisque

111 2807 546 2872 exercere-Admirabili
563 2808 676 2883 modo,
686 2808 719 2870 in
737 2805 854 2870 Gsslzn
870 2808 956 2871 duce
971 2818 1006 2870 et
1019 2809 1054 2872 in
1071 2811 1222 2891 primori·
1286 2829 1405 2897 cremat

110 2914 174 2978 bus
189 2915 311 2995 gentis,
325 2912 513 2978 catholicae
529 2909 606 2976 fidei
622 2913 712 2993 apud
729 2931 791 2974 vos
806 2920 1002 2975 consecrata
1016 2923 1095 2977 sunt
1111 2914 1223 2991 initia;
1248 2889 1364 2992 gfff,
1376 2948 1401 2992 ς,

110 3029 234 3101 agente
249 3018 283 3081 in
301 3018 416 3100 primis
431 3025 550 3080 sancto
565 3017 725 3098 episcopo
741 3015 986 3090 ADALBERTO,
1001 3016 1073 3081 viro
1088 3028 1223 3100 aposto-
1249 3007 1387 3110 fomss

111 3123 182 3186 licis
210 3122 380 3186 laboribus
408 3130 442 3185 et
458 3120 609 3202 martyrii
626 3120 771 3200 denique
788 3119 902 3184 laurea
916 3118 1110 3185 clarissimo.
1127 3121 1225 3204 Quae
1250 3126 1284 3169 ad
1293 3125 1386 3174 fidem·

110 3225 248 3309 quidem
274 3225 371 3288 initia
401 3233 498 3288 tanto
528 3223 773 3305 praestantiora
805 3223 1002 3300 extiterunt,
1032 3235 1161 3306 quanto
1191 3234 1226 3287 et

112 3339 266 3410 tempora
282 3339 316 3391 et
327 3327 403 3390 loca
417 3326 636 3408 periculosius
653 3325 818 3406 patebant
831 3323 967 3390 funesto
978 3345 1056 3388 curn
1073 3325 1226 3390 Ecclesia

113 3453 253 3498 romena
279 3431 420 3495 dissidio
444 3431 488 3494 ab
510 3429 728 3494 orientalibus
751 3429 951 3510 erumpenti.
974 3426 1106 3511 Coepta
1120 3432 1225 3512 patris
1249 3456 1308 3501 ees,
1321 3457 1373 3500 sp.

112 3538 234 3601 institit
248 3536 452 3618 perfecitque
465 3534 700 3609 STEPHANVS,
709 3531 910 3596 christianus
923 3532 1079 3615 princeps
1094 3545 1223 3616 specta·
1247 3517 1390 3633 iiiam

111 3642 234 3706 tissimi
247 3639 410 3722 exempli,
423 3640 559 3702 divinae
574 3639 608 3700 in
625 3657 684 3700 vos
701 3637 920 3718 benignitatis
933 3637 1081 3702 consiliis
1099 3657 1223 3719 magno
1249 3635 1369 3739 '22:⁸5ss

113 3747 216 3808 animi
226 3755 260 3808 et
276 3763 398 3826 operae
413 3744 532 3808 ardore
548 3744 737 3806 obsecutus.
749 3741 817 3823 Qui
831 3741 951 3804 merito
966 3741 1077 3823 gentis
1094 3753 1225 3808 vestrae
1245 3708 1266 3754 ἔ
1372 3729 1377 3743 '

115 3846 363 3912 firmamentum
389 3848 606 3930 praecipuum
630 3866 669 3909 ac
694 3845 808 3908 lumen
833 3845 911 3909 ideo
936 3845 1112 3923 salutatur,
1133 3846 1224 3928 quod

115 3971 199 4029 earn,
215 3953 385 4034 religionis
402 3971 500 4016 verae
516 3948 690 4028 beneficio,
714 3969 780 4012 non
807 3949 911 4014 modo
935 3950 979 4014 ad
1003 3952 1227 4032 sempiternae

115 4057 330 4139 adeptionem
351 4054 480 4132 salutis,
495 4074 665 4118 summum
689 4055 855 4118 bonorum
880 4054 1042 4131 omniurn,
1057 4056 1227 4131 instruxit,

114 4161 174 4222 sed
188 4161 308 4224 ceteris
325 4161 426 4223 etiarn
444 4160 713 4242 expetendarum
730 4179 839 4222 rerum
865 4159 1051 4240 praesidiis,
1071 4160 1169 4222 auxit
1192 4169 1227 4222 et

116 4263 315 4328 nobilitavit.
331 4263 384 4328 Eo
400 4264 473 4345 ipso
490 4263 649 4345 principe,
669 4263 727 4346 qui
753 4262 880 4345 pietate
905 4262 1041 4328 excelsa
1054 4271 1225 4344 sceptrum
1251 4274 1374 4332 quaervi-

117 4385 213 4432 suurn
244 4378 407 4451 augustae
434 4367 500 4430 Dei
526 4368 627 4431 Matri
655 4380 688 4431 et
720 4366 916 4430 beatissimo
943 4369 1043 4432 Petro
1072 4366 1225 4430 oblatum
1251 4334 1404 4438 iiillilim
