3117 4859
108 444 323 452 .....................
353 444 527 453 ,....α-»ιικ»«-..
544 444 649 452 ..Νη-....
667 443 811 451 -...-..ι....,..
829 444 921 451 .....
939 447 1046 453 ,.........,
1063 445 1146 452 .....-«ι,

95 457 1139 508 ῑι----·--···-·-·-’·-“-·“-Ἶ
1159 467 1168 506 ‹.

424 632 430 643 1
466 534 788 617 EPISTOLA
1070 559 1073 565 ·
1136 551 1167 663 {1}

437 736 546 798 Card.
573 734 816 808 Langenieux

176 936 240 996 os
274 935 800 997 punsomnnrronmus
829 934 1076 997 or>1r1cu1u
1136 836 1142 1071 ἱ

368 1121 583 1183 GALLIAE
608 1120 673 1182 AD
702 1122 891 1183 URBEM.

299 1426 348 1478 118
358 1413 479 1496 quibus
489 1412 673 1495 premimur
684 1434 793 1477 rerum
806 1414 969 1497 angustiis
982 1412 1075 1478 nullo
1085 1410 1179 1477 blan·
1245 1430 1307 1518 0ng

78 1424 346 1651 fflius
362 1516 525 1581 afficimur
541 1515 728 1581 lenimento
744 1516 878 1595 doloris,
891 1538 991 1601 quam
1004 1519 1095 1603 quod
1108 1516 1182 1581 offi-
1243 1507 1317 1593 1891'¹

147 1536 176 1695 I
271 1622 324 1685 cia
335 1620 498 1703 praebent
511 1618 654 1685 filiorum
665 1621 851 1685 amantium
862 1622 930 1704 qui,
941 1622 1102 1686 locolicet
1114 1623 1180 1687 dis·
1218 1645 1358 1707 magno

79 1500 255 1817 affl}
271 1724 338 1803 siti,
353 1724 506 1789 certatim
523 1724 567 1787 ad
584 1724 658 1787 Nos
682 1726 887 1789 conveniunt
909 1744 1006 1791 suam
1027 1726 1181 1790 testaturi
1206 1709 1356 1826 53:32⁵„

84 1830 179 1895 Nobis
191 1831 444 1896 observantiam
459 1838 494 1893 et
505 1826 745 1893 iidemMirarn
756 1830 898 1911 proinde
908 1830 1116 1913 voluptatem
1127 1851 1179 1894 ce·
1205 1842 1309 1891 suturae

81 1934 179 2015 pimus
194 1956 240 1999 ex
253 1936 295 1997 iis
308 1932 643 2017 peregrinationibus,
652 1952 736 2015 quas
748 1954 811 1997 sex
823 1934 945 1997 abhinc
957 1954 1064 1998 annos
1076 1937 1179 1997 ductu
1205 1907 1357 2029 {mm

80 2050 109 2101 et
123 2039 270 2123 auspicio
286 2057 456 2101 sacrorum
473 2038 677 2101 Antistitum
695 2038 777 2102 inire
793 2047 975 2120 coeperunt
990 2038 1033 2101 ad
1052 2036 1179 2101 Urbem
1210 2037 1341 2114 Gallorum

82 2143 190 2208 Gallici
206 2143 356 2229 opifices,
368 2144 458 2207 haud
475 2144 600 2207 leviora
612 2144 764 2209 hausturi
777 2165 821 2207 ex
831 2143 941 2209 verbis
951 2142 1085 2207 Nostris
1101 2140 1181 2204 inci·
1203 2102 1350 2233 ᾆξ’,ξῗηῖα

82 2256 221 2313 tamenta
248 2250 397 2332 pietatis,
418 2266 521 2330 quarn
547 2247 611 2330 ipsi
629 2246 738 2311 Nobis
766 2257 879 2311 essent
903 2247 1035 2311 allaturi
1062 2244 1182 2307 solatia
1207 2234 1326 2350 ‘zm'

81 2353 261 2430 praesentia
277 2360 313 2415 et
329 2351 478 2433 alloquio
495 2350 704 2415 suavissimo.
719 2388 763 2399 —
781 2350 886 2413 Plane
898 2351 982 2414 inter
992 2348 1074 2413 haec
1090 2365 1181 2429 pere·
1226 2316 1359 2414 baanna

80 2456 277 2535 grinantium
306 2455 442 2537 agmina
469 2453 552 2516 illud
584 2454 776 2535 perinsigne
806 2474 846 2517 ac
876 2452 1181 2538 frequentissimum
1202 2429 1358 2545 {mm

80 2558 192 2637 extitit,
207 2558 302 2643 quod
319 2557 384 2621 hoc
402 2559 476 2639 ipso
491 2576 590 2635 ann0,
607 2568 640 2621 te
659 2577 795 2621 suasore
819 2558 1005 2639 potissimo,
1030 2574 1181 2640 praecor·
1207 2576 1358 2638 rangew-

79 2682 144 2726 sore
159 2674 192 2728 et
208 2665 306 2740 duce,
322 2661 471 2725 Romam
484 2659 659 2737 confluxit,
674 2682 718 2724 ex
742 2682 810 2746 quo
826 2662 1050 2726 diuturniores
1076 2658 1182 2742 cepis·
1204 2626 1356 2757 {awa

82 2786 183 2831 semus
199 2776 234 2832 et
244 2767 417 2831 uberiores
430 2764 649 2828 iucunditatis
667 2764 803 2844 fructus,
815 2766 877 2829 nisi
893 2787 951 2830 eos
966 2766 1070 2829 tristis
1085 2783 1182 2827 casus
1208 2760 1322 2871 ‘affl

82 2868 307 2952 intercepisset
335 2878 368 2930 et
397 2866 577 2948 impiorum
605 2888 722 2931 vecors
752 2868 959 2950 improbitas.
985 2867 1073 2932 Utut
1104 2886 1182 2930 vero
1199 2823 1357 3003 {aaz}

81 2973 188 3035 acerba
214 2970 326 3035 Nobis
352 2970 485 3035 accidat
499 2970 639 3033 huiusce
649 2972 695 3035 rei
726 2973 921 3050 recordatio,
945 2972 1052 3035 iacere
1068 2982 1181 3036 tamen
1235 2954 1358 3069 ’.Ἕω

81 3094 139 3139 oon
155 3094 345 3158 possumus,
358 3075 438 3157 quin
457 3073 618 3156 plurimas
636 3096 777 3159 agamus
790 3076 851 3141 tibi
875 3076 993 3140 laudes
1009 3086 1043 3141 et
1058 3076 1182 3157 gratias
1223 3100 1249 3134 es
1264 3086 1324 3162 amaj-

82 3197 134 3258 pro
149 3198 187 3243 ea
202 3198 305 3263 quam
331 3177 503 3242 contulisti
529 3198 606 3241 cura
632 3178 775 3259 sapienti
792 3190 826 3243 et
853 3198 955 3262 opera
977 3178 1130 3261 impigra,
1145 3186 1182 3240 ut
1202 3157 1361 3281 mm

83 3284 164 3364 pium
194 3304 235 3349 ac
265 3283 380 3347 nobile
411 3282 585 3367 inceptum
619 3303 797 3366 prosperos
834 3303 1006 3347 successus
1035 3282 1183 3346 haberet.
1207 3282 1360 3396 comibus

84 3386 227 3452 Iunctam
237 3408 339 3471 porro
351 3387 506 3451 laudibus
520 3387 585 3451 tuis
597 3388 929 3453 commendationem
946 3386 1182 3450 essevolumus
1207 3354 1359 3476 mmai}-

81 3487 212 3554 aliorum
227 3489 423 3554 Praesulum
437 3487 589 3553 Gallicae
599 3489 773 3567 ecclesiae,
786 3489 999 3571 virorumque
1011 3498 1182 3571 praestan·
1208 3485 1359 3606 Zff‘ssj·

82 3592 155 3657 tium
171 3614 313 3677 quorum
345 3614 411 3676 ope
427 3604 461 3657 et
472 3592 652 3657 sedulitate
667 3605 718 3658 est
732 3594 900 3671 effectum,
927 3602 964 3657 ut
990 3594 1182 3657 huiusmodi
1208 3609 1345 3669 mendas,

82 3699 356 3780 peregrinationes
372 3708 442 3761 tarn
461 3696 551 3761 laeta
567 3697 730 3762 haberent
751 3699 893 3763 exordia
917 3707 950 3762 et
968 3699 1182 3773 incrementa,

82 3810 144 3864 tarn
155 3812 354 3885 recteatque
365 3802 482 3866 ordine
495 3822 573 3866 suas
585 3812 784 3885 peragerent
799 3806 897 3867 vices.
912 3802 1016 3866 Hisce
1026 3802 1182 3866 omnibus

83 3904 223 3983 patefieri
239 3915 396 3989 optamus
415 3906 602 3970 ministerio
618 3916 678 3969 tuo
706 3926 823 3969 sensus
851 3916 1011 3988 paternae
1035 3904 1184 3969 caritatis

84 4008 227 4092 gratique
242 4010 345 4073 animi
363 4008 489 4075 Nostri.
505 4040 548 4055 -
567 4008 723 4092 Denique
741 4030 846 4093 quum
863 4011 954 4084 haec,
975 4030 1062 4092 quae
1078 4029 1183 4092 nuper
1256 4027 1360 4090 illosque

86 4112 264 4179 enituerunt
280 4114 507 4196 operariorum
525 4114 647 4191 studia,
664 4114 794 4178 dociles
806 4135 864 4178 eos
874 4115 1059 4179 ostenderit
1071 4125 1182 4196 pasto·
1209 4093 1361 4207 :ffmm

87 4235 150 4279 rurn
165 4216 310 4295 vocibus,
326 4236 393 4280 non
410 4214 604 4281 dubitamus
619 4220 700 4302 quin
720 4220 802 4301 ipse,
818 4218 952 4282 Dilecte
968 4208 1032 4281 Fili
1050 4218 1183 4296 Noster,
1208 4224 1361 4300 infundant

89 4318 198 4403 aliique
213 4322 246 4385 in
262 4321 457 4405 episcopatu
475 4322 592 4386 fratres
608 4324 709 4408 quiin
728 4323 847 4390 Galliis
862 4332 940 4386 sunt
952 4322 1053 4386 alacri
1067 4322 1182 4386 volen·
1206 4288 1358 4403 mima.

90 4424 172 4505 tique
187 4425 301 4489 animo
315 4426 462 4509 pergatis
478 4426 670 4491 incumbere
686 4432 728 4493 ad
740 4427 962 4493 excolendam
985 4426 1179 4489 iuvandam·
1207 4420 1303 4469 colendo
1335 4426 1359 4467 ι’
