3117 4859
354 316 401 385 42
458 317 574 368 nurse.
594 315 722 368 anosr.
747 303 767 332 “
783 315 1078 366 anrnrrssrnaa
1095 314 1351 367 vocunrarrs
1371 293 1389 322 '¹

353 451 415 517 fiee
431 445 599 519 illustrant
617 455 682 517 Dei
699 455 909 536 providentis
924 454 1113 531 consilium,
1129 463 1165 517 ut
1190 456 1341 536 precatio
1364 457 1405 518 sit
1430 468 1463 519 et

353 557 561 639 indigentiae
584 571 719 622 nostrae
743 559 908 640 interpres
936 569 1100 622 eteorum
1117 559 1239 639 quibus
1255 560 1464 640 indigeamus

187 699 279 762 mm·
291 700 329 758 [ᾖ
353 671 444 725 certa
468 663 688 726 conciliatrix.
706 661 785 744 Quo
812 683 891 726 vero
916 662 1084 725 maiestati
1113 663 1222 726 Patris
1247 675 1327 726 vota
1353 673 1466 725 nostra

172 761 329 868 'mg'mf
352 775 492 848 accepta
508 779 671 849 grataque
688 765 780 843 fiant,
796 785 836 829 ea
852 765 958 829 Filius
973 785 1049 829 curn
1067 786 1129 829 suo
1145 768 1250 864 ipsius
1270 769 1465 849 deprecato

213 882 269 926 n'nt
279 879 327 924 aa
353 871 397 932 ris
415 871 535 934 merito
551 883 584 934 et
601 871 738 934 nomine
752 870 895 934 omnino
910 870 1003 933 iubet
1019 889 1081 933 nos
1096 873 1302 951 coniungere
1318 882 1353 934 et
1372 870 1465 934 exhi-

176 945 239 988 Μ
352 971 451 1036 bere:
468 974 576 1037 Amen
600 993 695 1036 amen
716 973 788 1037 dico
808 972 924 1050 vobis,·
943 974 978 1036 si
1000 973 1086 1055 quid
1096 975 1264 1056 petieritis
1278 975 1416 1037 Patrem
1432 975 1466 1035 iu

353 1077 481 1139 nominc
497 1099 573 1156 men,
593 1077 687 1141 dabit
703 1076 801 1142 vobis.
823 1077 931 1159 Usque
945 1079 1039 1141 modo
1062 1099 1125 1140 non
1137 1079 1273 1160 petistis
1286 1079 1467 1160 quidquam

354 1181 390 1243 in
413 1182 542 1246 nomine
559 1203 628 1244 meo
638 1205 650 1246 .·
670 1182 771 1265 petite
790 1189 824 1244 et
844 1182 1015 1264 accipietis,
1031 1192 1071 1245 ut
1077 1183 1246 1266 gaudium
1262 1192 1411 1247 vestrum
1424 1183 1468 1244 sit

185 1301 328 1374 aranma-
345 1283 483 1364 plenum
499 1287 551 1369 (1).
567 1286 656 1350 Tum
674 1287 895 1350 similitudine
910 1287 1012 1350 etiam
1029 1288 1287 1352 benevolentiae
1301 1299 1467 1361 actuosae,

173 1368 304 1410 ‘'m'''m'
353 1408 420 1472 qua
447 1401 526 1455 sunt
550 1393 691 1454 animati
719 1398 876 1472 parentes
893 1390 925 1452 in
944 1390 1074 1468 liberos,
1089 1412 1159 1454 rem
1177 1389 1404 1456 confirmans:
1427 1391 1470 1455 Si

352 1512 418 1568 vos,
434 1495 552 1576 inquit,
566 1516 667 1577 quum
683 1494 759 1556 sitis
774 1493 867 1570 mali,
883 1496 985 1557 itastis
1000 1494 1083 1558 bona
1096 1496 1178 1558 data
1192 1495 1275 1560 dare
1288 1495 1381 1578 filiis
1402 1517 1465 1558 vcs-

351 1598 418 1661 tris
426 1620 442 1672 ,·
464 1607 586 1680 quanto
614 1598 724 1680 magis
753 1598 862 1660 Pater
889 1609 995 1663 vester
1022 1600 1062 1662 de
1091 1601 1175 1663 caelo
1196 1600 1292 1663 dabit
1313 1599 1467 1680 spiritum

353 1700 471 1765 bonum
481 1703 668 1785 petentibus
681 1723 714 1766 se
729 1703 797 1785 (2)?
815 1702 944 1785 Magna
958 1704 1073 1787 procul
1090 1705 1194 1768 dubio
1211 1704 1465 1768 lectissimorum

354 1825 531 1871 munerum
559 1807 658 1890 copia
682 1827 723 1871 eo
745 1807 867 1889 spiritu
884 1805 962 1870 bono
982 1809 1190 1886 continetur;
1205 1819 1309 1890 atque
1324 1808 1382 1870 illa
1399 1806 1465 1870 ma·

354 1912 449 1974 xirne
474 1913 560 1978 inest
587 1931 710 1975 arcana
725 1911 787 1988 vis,
810 1914 853 1975 de
880 1931 947 1994 qua
972 1911 1127 1977 Christus
1148 1914 1220 1994 ipse
1234 1909 1464 1976 commonuit:

354 2013 461 2080 Nemo
473 2024 577 2096 potest
591 2016 703 2080 venire
723 2016 772 2079 ad
790 2037 850 2093 me,
866 2015 934 2078 nisi
954 2015 1060 2080 Pater
1073 2017 1134 2099 qui
1147 2017 1240 2081 misit
1254 2038 1313 2094 me,
1327 2015 1468 2079 traxerit

208 2157 266 2202 N„
277 2168 330 2200 ver-
354 2141 430 2184 eum
444 2121 497 2204 (3).
509 2157 553 2170 -
568 2119 644 2183 Tali
668 2121 847 2203 disciplina
862 2121 1018 2198 instituti,
1033 2120 1103 2184 fieri
1120 2141 1333 2204 nequaquam
1356 2127 1467 2202 potest

176 2217 213 2264 Μ’
235 2214 331 2262 “⁷²³⁶
356 2233 394 2288 ut
419 2246 486 2288 non
517 2225 711 2301 invitentur,
735 2244 802 2288 non
829 2224 1044 2307 impellantur
1075 2225 1180 2288 animi
1211 2227 1253 2289 ad
1284 2226 1467 2288 salutarem

202 2279 332 2392 „siffis
356 2332 476 2394 orandi
492 2329 794 2393 consuetudinem:
810 2330 951 2392 nimium
968 2351 1047 2393 vero
1058 2341 1224 2412 quantum
1241 2330 1275 2392 in
1294 2330 1326 2391 id
1344 2337 1379 2392 et
1395 2347 1466 2410 per-

176 2394 332 2499 orar‘ziw
358 2435 544 2500 severantia
572 2433 727 2496 insistent
758 2442 792 2496 et
817 2434 1040 2497 exardescent
1071 2435 1206 2516 pietate,
1236 2435 1294 2496 ubi
1322 2452 1398 2496 sese
1426 2431 1466 2494 ad

179 2512 320 2558 ''mm''
357 2539 517 2621 exempla
528 2536 654 2601 Christi
666 2537 879 2601 contulerint.
890 2535 958 2618 Qui
971 2538 1053 2600 nihil
1067 2537 1295 2614 timens,nulla
1308 2558 1343 2600 re
1356 2555 1468 2619 egens,

357 2647 482 2728 quippe
510 2641 613 2717 Deus,
638 2651 751 2704 tamen
773 2650 847 2703 erat
861 2651 1059 2722 pernoctans
1082 2643 1119 2705 in
1138 2642 1284 2704 oratione
1299 2639 1352 2722 (⁴),
1367 2652 1467 2722 atque

357 2749 490 2824 obtulit,
497 2759 609 2829 preces
619 2745 966 2827 supplicationesque...
978 2766 1050 2809 cum
1059 2745 1199 2809 clamore
1209 2744 1321 2808 vals'cio
1331 2754 1365 2808 et
1373 2742 1466 2807 lacri-

357 2853 421 2917 mis
437 2849 499 2934 (⁵):
516 2853 618 2934 idque
642 2869 816 2932 peragens,
839 2849 889 2912 ita
912 2871 945 2913 se
965 2851 1070 2913 Patri
1081 2848 1230 2913 exhibere
1244 2848 1352 2913 voluit
1359 2859 1467 2929 preca·

358 2967 459 3021 torem
483 2965 520 3020 ut
543 2955 745 3018 meminisset
766 2975 800 3016 se
824 2964 972 3017 nostrum
995 2975 1061 3018 esse
1081 2953 1248 3032 doctorem,
1271 2965 1372 3036 prout
1397 2954 1465 3035 ipse

357 3065 526 3146 sapienter
550 3061 643 3137 vidit,
668 3060 814 3122 nationis
839 3070 969 3122 vestrae
995 3070 1243 3135 ornamentum,
1267 3054 1465 3121 venerabilis

234 3201 331 3248 Ona„
357 3168 451 3230 Beda
464 3166 515 3247 (ὓ).
532 3165 581 3228 At
609 3162 732 3228 Christi
759 3162 899 3225 Domini
924 3165 1197 3245 praeceptionem
1223 3165 1256 3224 in
1282 3162 1345 3224 hac
1373 3181 1411 3224 re
1436 3167 1467 3220 et

209 3262 251 3308 '¹⁵'
261 3269 331 3321 Μ’·
357 3270 553 3354 exemplum
566 3269 647 3331 nihil
658 3268 810 3348 prolecto
820 3267 1021 3329 luculentius
1032 3268 1229 3348 comprobat
1240 3285 1343 3348 quam
1354 3284 1465 3346 supre-

206 3325 300 3380 ceptum
309 3323 334 3364 et

197 3381 333 3448 amram
359 3397 434 3442 mus
460 3377 515 3438 ille
542 3393 654 3436 sermo
679 3391 791 3454 quem,
814 3371 1016 3434 cruciatibus
1045 3371 1220 3452 proximus
1248 3369 1400 3451 necique,
1424 3368 1465 3429 ad

177 3446 337 3547 nami
359 3480 531 3563 apostolos
547 3476 673 3539 habuit.
692 3475 731 3538 ln
744 3495 822 3556 quo,
834 3474 977 3537 sublatis
992 3476 1025 3537 in
1041 3474 1172 3538 caelum
1189 3474 1304 3548 oeulis,
1319 3473 1466 3554 spirante

215 3570 335 3678 fimf
360 3596 496 3666 pectore
511 3581 696 3655 caritatem,
710 3579 842 3641 Patrem
859 3589 1014 3640 sanctum
1031 3580 1132 3641 etiam
1149 3587 1251 3660 atque
1263 3578 1365 3639 etiam
1378 3593 1464 3638 com-

180 3676 334 3792 ''‘¹''¹¹‡.‘‚¹,⁶{}2’5
360 3687 506 3770 pellavit,
522 3687 555 3746 id
573 3703 695 3766 rogans
712 3685 745 3748 id
762 3680 929 3764 flagitans,
944 3693 981 3744 ut
997 3684 1183 3746 arctissima
1200 3683 1287 3744 inter
1314 3681 1467 3742 alumnos

182 3795 296 3864 Chim
306 3799 335 3838 ¹1²
359 3800 609 3871 sectatoresque
629 3807 708 3866 suos
735 3787 928 3849 coniunctio
954 3785 1039 3849 soret
1055 3798 1088 3848 et
1105 3796 1317 3867 permaneret
1335 3785 1368 3846 in
1386 3780 1463 3844 veri·

201 3867 334 3959 isim?
360 3906 446 3973 tate;
469 3897 570 3976 idque
586 3904 760 3973 tamquam
777 3891 915 3953 evidens
938 3899 1176 3972 argumentum
1190 3887 1375 3971 legationis
1390 3903 1468 3950 suae

182 3979 256 4080 „ff”
267 3984 334 4031 '⁰3⁰‘
360 4001 495 4065 divinae
511 4001 544 4060 in
560 3995 666 4059 oculis
682 3995 835 4077 gentium
852 4005 1040 4075 patesceret
1057 3995 1069 4075 (
1086 3995 1108 4076 ).

407 4105 484 4168 Hoc
500 4102 575 4165 loco
590 4099 781 4183 gratissima
798 4100 969 4160 enimvero
980 4098 1178 4161 obversatur
1189 4097 1387 4180 cogitationi
1398 4091 1463 4157 uni·

392 4271 412 4302 1.
430 4255 686 4308 loaun.,xv1,a3·e4.
700 4273 730 4282 -
744 4263 766 4294 a.
783 4247 853 4298 Lac..
865 4257 904 4300 xr,
919 4259 954 4305 13.
967 4271 998 4280 —
1013 4261 1036 4306 3.
1052 4248 1150 4301 locum,
1162 4258 1198 4298 vr.
1210 4261 1247 4304 44
1260 4271 1290 4280 —
1304 4261 1326 4303 4
1345 4246 1414 4297 Lan,
1430 4251 1464 4294 vr,

363 4345 397 4376 12.
413 4351 441 4360 -
457 4336 478 4384 5.
496 4325 581 4377 Heln,
593 4334 619 4376 v,
631 4335 653 4379 7.
666 4346 696 4356 —
710 4321 733 4367 6.
750 4319 781 4364 ln
792 4333 827 4365 eu.
842 4319 868 4363 S.
881 4318 977 4373 Imnn„
990 4329 1056 4366 xvrr.
1069 4344 1100 4353 —
1115 4333 1135 4377 7.
1154 4320 1252 4372 locun„
1265 4329 1332 4374 xvrr,
1343 4333 1382 4365 er.
