3117 4859
383 378 434 448 60
510 392 701 445 armenas
726 380 1096 445 AP08TOL1CAE“AD
1125 394 1339 446 uulveusas
1358 374 1375 399 ''

382 543 538 608 Dioecesi
556 542 590 611 S.
608 544 696 607 Petri
708 542 872 607 Fluminis
889 542 1097 611 Grandsnsis
1112 544 1281 610 dividetur
1299 544 1478 609 fluminibus

383 646 538 730 Uruguai
556 644 690 712 Pelotas
707 645 902 730 Cerquinha
917 655 951 711 et
968 646 1122 727 Barroca,
1133 668 1196 713 nec
1213 667 1281 712 non
1298 649 1385 713 linea
1399 658 1478 713 recta

382 749 424 815 ad
451 750 615 816 Austrum
641 770 662 815 a
689 749 839 815 lontibus
865 750 965 815 huius
988 750 1138 816 fluminis
1164 753 1336 837 usquead
1362 751 1483 815 iontem·

383 852 530 918 fluminis
552 853 725 920 Desertao.
751 890 796 905 -
820 854 879 920 Ad
906 875 1063 921 occasum
1103 858 1240 922 tandem
1274 855 1482 939 Reipublicae

383 958 595 1043 Argentinae
609 958 693 1025 fines
706 961 863 1044 attinget.

234 1076 359 1151 Dioecfses
427 1063 485 1128 Ad
510 1072 639 1129 ceteras
661 1074 776 1130 autem
801 1066 973 1130 dioeceses
992 1066 1082 1149 quod
1110 1066 1240 1146 attinet,
1264 1067 1308 1131 de
1323 1065 1441 1150 quibus
1452 1064 1482 1129 in

207 1140 359 1255 umbri:
384 1168 616 1249 praesentibus
641 1167 759 1233 litteris
776 1169 869 1233 nulla
892 1171 1021 1233 mentio
1044 1169 1133 1234 iacta
1148 1178 1212 1247 est,
1223 1168 1305 1233 nihil
1321 1170 1365 1233 de
1379 1186 1482 1233 earum

203 1270 358 1386 &imp
383 1278 474 1334 statu
490 1278 525 1335 et
540 1270 735 1336 definitione
751 1270 1001 1338 immutandum
1018 1292 1107 1336 nunc
1123 1292 1197 1336 esse
1219 1290 1404 1337 censemus
1419 1272 1482 1336 Iam

205 1408 274 1451 statu
290 1418 359 1451 nunc
384 1394 463 1439 vero
488 1395 601 1453 novas,
620 1387 657 1442 ut
690 1378 885 1461 praefertur,
911 1388 1039 1443 erectas
1074 1375 1294 1442 cathedrales
1329 1377 1484 1441 Ecclesias

208 1476 357 1583 mim
384 1479 587 1558 huiusmodi,
613 1491 745 1547 servata
776 1482 877 1565 plena
892 1484 1037 1565 paritate
1059 1483 1192 1559 iurium,
1207 1482 1366 1546 omnibus
1379 1494 1412 1546 et
1425 1481 1483 1544 siu·

240 1648 349 1698 Nm
384 1584 471 1666 gulis
510 1584 694 1650 identidem
746 1587 894 1669 gaudere
933 1587 1087 1651 volumus
1128 1584 1321 1662 honoribus,
1372 1584 1484 1668 gratiis,

206 1721 299 1763 erectae
310 1715 358 1765 ua·
385 1686 532 1764 indultis,
557 1688 747 1773 privilegiis,
775 1690 955 1764 favoribus.
981 1689 1176 1773 ceterisque,
1200 1689 1322 1771 quibus
1347 1689 1431 1753 aliae
1455 1690 1482 1751 in

235 1778 360 1894 24ssss
385 1793 519 1876 regione
536 1794 722 1859 Brasiliana
744 1793 920 1865 Ecclesiae
932 1792 1153 1859 Cathedrales
1169 1793 1341 1857 communi
1365 1814 1410 1857 ex
1424 1794 1484 1856 iure

159 1898 166 1921 ⁸
210 1910 301 1961 iisdem
331 1926 360 1960 ac
386 1896 540 1962 fruuntur
565 1898 784 1981 et-'gaudent
816 1897 925 1964 Simili
957 1897 1060 1961 modo
1100 1897 1156 1979 qui
1185 1901 1318 1975 nornen,
1351 1896 1484 1971 titulum,

237 1977 359 2041 amiqm
386 2002 694 2085 praeeminentiam,
709 2002 911 2085 dignitatem
928 2009 962 2066 et
978 2001 1199 2065 ministerium
1218 1998 1483 2084 Episcopaleerit

235 2043 359 2171 pm&
385 2110 568 2187 habiturus,
582 2108 740 2173 omnibus
755 2118 790 2173 et
805 2107 946 2190 singulis
961 2127 1050 2190 quae
1065 2107 1232 2170 ordinarie
1248 2106 1482 2189 Episcoporum

222 2188 360 2287 eumz
386 2216 519 2299 propria
543 2224 621 2278 sunt
638 2213 700 2277 frui
717 2212 871 2277 volumus
887 2222 921 2277 et
936 2211 1100 2295 perfungi.
1132 2212 1259 2275 Pariter
1275 2222 1310 2276 et
1333 2228 1484 2277 novarum

230 2320 361 2432 Bw
387 2320 631 2402 praedictarum
667 2317 880 2382 Dioecesium
914 2316 1155 2382 Christifideles
1186 2316 1305 2380 iisdem
1345 2318 1484 2380 fruantur

228 2434 361 2511 mmjpra
386 2425 521 2502 iuribus,
537 2422 719 2506 privilegiis
735 2432 838 2506 atque
853 2422 1048 2501 honoribus,
1063 2421 1186 2505 quibus
1203 2420 1337 2485 Fideles
1356 2422 1483 2486 Dioece-

209 2499 359 2614 bugum-
386 2528 431 2591 sis
455 2528 508 2591 cui
539 2527 793 2609 incorporantur
818 2526 967 2609 gaudent
994 2527 1036 2590 de
1063 2527 1133 2589 iure
1158 2526 1340 2592 communi.
1369 2525 1485 2592 Omnes

387 2632 488 2715 igitur
503 2640 536 2695 et
548 2630 698 2712 singulos
714 2627 958 2696 christifideles
977 2632 1024 2693 sic
1040 2640 1077 2695 ut
1094 2629 1279 2712 praefertur
1293 2631 1484 2694 constitutas

227 2780 359 2830 Decondt-
387 2762 490 2806 novas
516 2741 686 2805 dioeceses
707 2741 901 2820 incolentes,
921 2741 1082 2823 exceptis,
1096 2740 1125 2805 si
1141 2741 1199 2823 qui
1221 2740 1368 2823 sint,qui
1384 2740 1484 2821 singu-

209 2846 359 2960 mm
387 2848 447 2911 lari
472 2847 642 2929 gaudeant
666 2846 894 2928 exemptione,
921 2863 1080 2909 unacum
1097 2845 1166 2923 suis
1190 2844 1392 2909 circumsitis
1404 2844 1484 2917 locis,

209 2992 269 3025 rum
285 2976 359 3026 Diae-
386 2970 450 3035 pus
477 2951 647 3028 institutis,
673 2950 817 3014 adnexis
842 2950 949 3026 rebus,
974 2950 1080 3026 terris,
1100 2948 1244 3031 oppidis,
1268 2968 1404 3032 unaque
1418 2966 1483 3011 cum

207 3042 360 3157 {m’ffi
386 3054 511 3119 iuribus
527 3054 670 3119 realibus
695 3064 729 3118 et
746 3052 976 3136 personalibus
997 3074 1036 3117 ac
1056 3053 1174 3117 mixtis
1190 3074 1270 3117 suae
1291 3055 1413 3137 cuique
1427 3070 1484 3117 etc

208 3172 259 3231 ns,
271 3188 300 3221 ac
310 3188 359 3222 om·
386 3168 460 3223 ctae
477 3158 633 3223 Dioecesi
647 3168 812 3241 perpetuo
823 3158 1015 3222 addicimus
1030 3164 1064 3220 et
1079 3156 1284 3234 subiicimus,
1291 3166 1325 3219 et
1340 3157 1484 3221 addictos

208 3238 360 3353 ”me‘ss
386 3272 419 3327 et
435 3263 603 3328 subiectos
630 3263 700 3327 fore
716 3262 936 3341 decernimus,
961 3262 1126 3343 regendos
1142 3269 1175 3324 et
1201 3260 1439 3343 gubernandos
1449 3258 1485 3321 ab

208 3384 277 3447 rw,
296 3370 360 3445 ipsos
385 3386 500 3430 eorum
525 3365 706 3433 Ordinatio
732 3365 898 3430 Antistite
923 3366 1017 3428 cuius
1047 3364 1147 3427 dictis
1181 3382 1314 3445 semper
1333 3382 1375 3426 ac
1391 3378 1487 3445 prono

210 3441 360 3565 '‘222⁸ssssss
385 3471 499 3535 animo
514 3478 611 3533 erunt
627 3470 859 3552 obsequentes.
882 3467 1008 3533 Omnia
1025 3468 1163 3550 insuper
1186 3477 1416 3543 monumenta,
1425 3465 1488 3528 iura

208 3565 308 3615 “aimi-
385 3583 420 3638 et
435 3574 648 3650 documenta,
663 3591 750 3655 quae
766 3570 908 3654 populos
932 3570 1194 3652 incorporandos
1211 3570 1308 3632 novis
1325 3566 1486 3633 Dioecesi-

386 3678 449 3742 bus
476 3677 669 3759 respiciunt,
684 3694 840 3759 quaeque
857 3676 891 3739 in
908 3676 1078 3757 praesenti
1096 3674 1130 3737 in
1147 3693 1348 3756 unaquaque
1364 3690 1486 3736 eorum·

386 3782 463 3845 dem
480 3779 684 3843 dimittenda
696 3777 854 3842 Dioecesi
864 3788 1087 3854 asservantur,
1104 3779 1186 3841 inde·
1199 3777 1342 3855 extrahi,
1350 3787 1385 3841 et
1399 3777 1486 3840 Prae·

386 3884 475 3948 secto
490 3882 663 3948 Tabularii
694 3883 827 3947 noviter
840 3892 970 3946 erectae
991 3882 1166 3945 Dioecesis
1182 3881 1366 3964 respective
1381 3899 1488 3963 quam·

386 3972 532 4071 primum
550 3986 637 4051 tradi
661 3984 824 4067 iubemus,
842 3996 886 4051 ut
912 3988 984 4068 ipsa
1004 3988 1037 4049 in
1054 3984 1238 4050 Tabulario
1261 4006 1319 4049 seu
1336 3982 1488 4049 Archivio

388 4090 583 4174 Episcopali
608 4109 670 4173 pro
684 4090 938 4172 opportunitate
963 4089 1197 4153 custodiantur
1219 4097 1254 4153 et
1278 4097 1487 4153 asserventur.

245 4206 284 4255 De
309 4208 362 4285 aare
388 4197 446 4262 Ad
471 4196 586 4259 dotem
612 4203 725 4258 autem
748 4194 913 4257 dictarum
937 4195 985 4258 sic
1001 4195 1133 4258 noviter
1155 4202 1340 4257 erectarum
1359 4190 1487 4255 Dioece-

210 4273 365 4397 Jffipfssssf
389 4300 581 4381 sium'quod
599 4298 751 4379 pertinet,
767 4296 850 4360 nihil
866 4296 909 4361 de
924 4298 988 4362 hoc
1009 4298 1283 4363 constituendum
1299 4286 1488 4360 censuimus.

210 4412 273 4454 “7¹⁰
288 4402 361 4470 ⁶02¹st
390 4403 481 4470 Satis
493 4402 587 4467 enim
602 4401 710 4465 Nobis
727 4410 808 4465 nota
823 4411 874 4465 est
888 4402 1063 4466 Brasiliani
1076 4402 1192 4484 populi
1208 4403 1316 4482 pietas
1332 4411 1365 4463 et
1381 4395 1487 4479 religio
