3117 4859
351 334 371 382 2
377 331 421 404 52
450 333 849 390 cousrrrurroaeosr.
870 327 1201 394 “orrrcronuunc
1215 343 1423 396 uunanuu.
1441 291 1460 348 '⁸

348 480 453 543 sticae
479 499 538 546 eos
564 481 684 547 saitem
712 485 876 550 subiicere
903 487 1013 566 libros,
1028 489 1085 572 qui
1103 489 1234 554 divinas
1260 489 1459 572 Scripturas,

348 603 477 648 sacram
494 585 728 670 Theologiam,
746 587 936 656 Historiam
953 591 1226 672 ecclesiasticam,
1240 595 1295 658 lus
1311 592 1458 658 Canoni-

346 706 433 764 cum,
458 687 682 774 Theologiam
713 694 912 772 naturalem,
939 695 1093 776 Ethicen,
1115 697 1240 763 aliasve
1266 698 1456 762 huiusmodi

346 791 520 874 religiosas
535 804 594 861 aut
611 797 755 862 morales
770 797 968 882 disciplinas
995 801 1186 884 respiciunt,
1201 823 1241 868 ac
1257 801 1456 886 generaliter

344 896 469 978 scripta
495 898 620 976 omnia,
646 901 679 964 in
707 902 829 985 quibus
857 905 1029 988 religionis
1055 915 1090 970 et
1115 925 1246 972 morum
1270 905 1455 972 honestatis

345 999 536 1082 specialiter
551 1002 693 1070 intersit

389 1119 442 1183 42.
464 1103 538 1168 Viri
554 1125 573 1170 e
588 1108 679 1174 clero
693 1109 856 1176 saeculari
868 1132 910 1177 ne
927 1112 1028 1178 libros
1038 1114 1185 1198 quidem,
1201 1115 1259 1198 qui
1275 1115 1319 1178 de
1330 1113 1455 1178 artibus

345 1209 561 1293 scientiisque
577 1230 668 1278 mere
683 1215 893 1280 naturalibus
916 1227 1073 1296 tractant,
1089 1218 1287 1284 inconsultis
1310 1219 1377 1283 suis
1393 1216 1455 1282 Or·

346 1313 485 1484 32th
495 1315 678 1467 pzrbiicent,
690 1329 727 1384 ut
736 1319 955 1405 obsequentis
967 1323 1072 1388 animi
1082 1343 1161 1406 erga
1171 1323 1248 1388 illus
1259 1321 1453 1404 exemplum

471 1422 513 1466 an
531 1452 539 1469 .

392 1505 500 1572 iidem
517 1509 738 1592 prohibentur
751 1513 944 1598 quominus,
959 1515 1087 1599 absque
1110 1515 1245 1598 praevia
1261 1512 1455 1578 Ordinatio·

347 1632 421 1676 rum
440 1613 546 1692 venia,
561 1615 668 1680 diaria
683 1617 735 1682 vel
752 1615 834 1684 tolia
850 1619 1020 1702 periodica
1037 1619 1246 1684 moderanda
1263 1617 1457 1700 suscipiant.

799 1911 928 1978 Casus
954 1911 1012 1976 tv.

545 2149 597 2214 De
617 2149 838 2234 typographis
851 2161 883 2214 et
897 2150 1092 2216 Editorr'bus
1105 2153 1274 2218 libranum.

392 2457 444 2521 43.
469 2439 591 2504 Nullus
618 2438 701 2503 liber
723 2459 884 2504 censurae
911 2440 1156 2506 ecclesiasticae
1172 2441 1342 2506 subiectus
1359 2460 1454 2505 excu-

351 2546 459 2623 datur,
476 2545 539 2606 nisi
555 2543 589 2608 in
606 2543 774 2626 principio
791 2563 915 2608 nomen
941 2553 976 2610 et
1002 2567 1191 2628 cognomen
1217 2555 1289 2610 tum
1307 2545 1456 2620 auctoris,

351 2663 425 2716 tum
441 2649 579 2713 editoris
588 2648 764 2731 praeierat,
776 2649 887 2713 locum
899 2649 1034 2732 insuper
1047 2661 1080 2714 et
1093 2670 1219 2715 anuum
1232 2648 1455 2732 impressionis

352 2762 454 2837 atque
477 2753 642 2818 editionis.
658 2751 760 2836 Quod
789 2754 816 2814 si
840 2753 954 2838 aliquo
978 2755 1010 2816 in
1027 2775 1116 2834 casu,
1132 2755 1236 2819 iustas
1258 2753 1303 2818 ob
1319 2773 1457 2828 caussas,

353 2879 477 2924 nomen
500 2859 645 2922 auctoris
668 2857 849 2921 tacendum
877 2857 1041 2936 videatur,
1057 2859 1090 2922 id
1119 2859 1336 2941 permittendi
1359 2876 1456 2941 penes

354 2964 571 3031 Ordinarium
588 2971 739 3046 potestas
754 2962 808 3027 sit.

396 3087 448 3149 44.
472 3069 638 3134 Noverint
666 3067 887 3150 Typographi
916 3077 949 3130 et
977 3067 1133 3131 Editores
1168 3068 1328 3131 librorum
1360 3085 1456 3132 novas

353 3175 503 3240 eiusdem
519 3172 630 3255 operis
645 3171 825 3254 approbati
849 3171 1023 3249 editiones,
1039 3192 1161 3236 novam
1185 3171 1455 3255 approbationem

353 3279 499 3361 exigere,
526 3277 613 3341 hauc
638 3277 774 3358 insuper
801 3277 912 3338 textui
945 3275 1099 3358 originali
1135 3275 1307 3354 tributam,
1333 3277 1403 3340 eius
1426 3275 1456 3336 in

355 3384 446 3449 aliud
464 3384 590 3446 idioma
605 3380 749 3444 versioni
767 3399 835 3443 non
853 3378 1039 3463 suffragari.

398 3504 451 3568 45.
475 3488 567 3552 Libri
583 3488 627 3551 ab
643 3485 845 3568 Apostolica
872 3483 962 3549 Sede
988 3485 1150 3560 damnati,
1166 3485 1291 3568 ubique
1313 3483 1455 3568 gentium

356 3591 516 3675 prohibiti
532 3599 741 3666 censeantur,
757 3597 792 3651 et
809 3589 842 3650 in
859 3589 1098 3673 quodcumque
1120 3598 1294 3653 vertantur
1310 3588 1437 3653 idioma

399 3697 450 3775 46.
475 3693 688 3778 Quicumque
701 3694 862 3757 librorum
875 3695 1076 3771 venditores,
1088 3693 1267 3777 praecipue
1282 3694 1340 3777 qui
1352 3692 1456 3757 catho-

356 3800 422 3864 lico
438 3801 574 3864 nomine
588 3798 784 3881 gloriantur,
801 3797 905 3861 libros
920 3797 964 3861 de
979 3799 1136 3862 obscenis
1152 3817 1197 3861 ex
1214 3799 1366 3879 professo
1381 3807 1458 3862 trac·

357 3913 466 3968 tantes
484 3924 592 3986 neque
608 3903 765 3980 vendant,
781 3921 891 3985 neque
907 3905 1135 3980 commodent,
1151 3921 1260 3984 neque
1276 3903 1458 3966 retineant:

358 4020 487 4073 ceteros
503 4007 691 4092 prohibitos
708 4007 844 4071 venales
858 4027 924 4071 non
938 4007 1096 4083 habeant,
1109 4005 1172 4069 nisi
1188 4026 1208 4070 a
1226 4005 1330 4070 Sacra
1344 4003 1460 4069 Iudicis

360 4112 634 4194 Congregatioue
650 4111 782 4176 veniam
808 4131 866 4193 per
894 4111 1112 4176 Ordinarium
1129 4111 1390 4192 impetraverint,
1405 4127 1459 4172 nec

360 4217 516 4298 cuiquam
548 4216 698 4281 vendant
733 4217 797 4279 nisi
826 4216 1008 4297 prudenter
1035 4215 1230 4279 existimare
1257 4215 1397 4296 possint,
1422 4211 1460 4275 ab

361 4328 512 4400 emptore
528 4318 677 4399 legitime
693 4319 771 4402 peti.
