3117 4859
571 1373 776 1436 UPERRIME,
792 1381 850 1442 per
875 1359 1050 1424 sollemnia
1079 1361 1205 1428 Christi
1231 1373 1409 1449 nascentis,
1427 1376 1489 1438 sin·

276 1359 291 1404 ό
536 1375 548 1406 ⁴

246 1419 321 1532 iiij
382 1371 571 1749 {El}
592 1466 717 1550 gularis
733 1465 833 1546 plane
850 1464 933 1529 ritus
950 1465 981 1526 in
999 1466 1091 1528 omni
1114 1465 1226 1532 Gallia
1248 1484 1405 1552 peractus
1433 1491 1490 1556 est,

265 1585 359 1654 aaran
593 1568 781 1635 sacerrimis
797 1589 816 1630 a
834 1567 1010 1650 Baptismo
1027 1572 1306 1650 promissionibus
1322 1584 1489 1647 renovatis

243 1644 359 1750 iiiiii
590 1683 624 1738 et
640 1672 846 1738 confirmatis
863 1693 870 1752 ;
886 1691 954 1756 quo
979 1674 1043 1737 ritu
1068 1673 1149 1738 nihil
1177 1687 1267 1742 certe
1291 1685 1489 1763 praeclarius

234 1763 359 1822 Bnprirnro

220 1823 358 1882 „„,„·„,·,
383 1808 456 1852 esse
471 1795 572 1867 atque
588 1780 812 1862 opportunius
828 1787 961 1860 poterat
977 1779 1019 1842 ad
1037 1780 1240 1846 saecularem
1253 1787 1486 1854 cumulandam

205 1896 357 2000 fgsffiffi
382 1888 612 1955 celebritatem
637 1885 741 1948 initae
767 1881 859 1964 apud
886 1881 1033 1945 Francos
1059 1883 1260 1952 christianae
1285 1889 1361 1955 fidei
1395 1893 1487 1957 Tuae

226 2001 358 2068 carnoten
383 1995 510 2056 interea
525 2005 744 2071 supervenere
761 1985 900 2061 litterae,
916 1985 1145 2068 significantes
1160 1991 1332 2071 quoddam
1356 2006 1389 2059 te
1412 2019 1485 2061 con-

221 2061 358 2164 saeiiiilii
383 2097 504 2174 silium,
519 2093 647 2159 eximia
669 2111 756 2174 quae
777 2100 831 2156 est
847 2089 995 2155 sollertia
1011 2101 1080 2170 tua,
1095 2095 1290 2176 suscepisse,
1305 2101 1395 2180 quod
1412 2122 1484 2165 cum

203 2179 358 2284 Wssef‘jjl‘ss
383 2222 422 2264 ea
438 2201 511 2282 ipsa
535 2195 730 2261 celebritate
754 2193 895 2257 omnino
920 2214 1114 2276 congruere,
1131 2215 1239 2280 neque
1266 2221 1376 2266 carere
1400 2203 1485 2268 bono

221 2298 359 2402 imm
384 2299 554 2380 religionis
569 2296 677 2360 fructu
695 2295 856 2359 videatur.
870 2293 959 2357 Nam
973 2295 1169 2376 propediem
1182 2317 1291 2362 annus
1300 2303 1485 2384 explebitur

227 2418 359 2476 exponitur
383 2404 520 2487 quintus
535 2412 569 2465 et
584 2401 772 2474 vicesimus,
788 2419 832 2462 ex
859 2418 927 2480 quo
954 2410 1210 2465 monumentum
1236 2406 1353 2486 templi
1378 2409 1484 2483 votivi,

210 2478 359 2535 propositum
1004 2501 1012 2518 ·
1085 2504 1094 2520 ·
1272 2507 1279 2521 ·
1327 2507 1335 2522 ·
1476 2507 1483 2522 ·

220 2535 359 2581 celebranda
383 2509 469 2572 bene
485 2513 643 2590 precante
658 2503 834 2568 decessore
850 2501 986 2578 NostrO,
1002 2511 1068 2567 isla
1084 2523 1116 2566 lll
1134 2505 1215 2568 urbe
1231 2526 1380 2590 principe
1390 2509 1483 2572 condi

219 2608 358 2724 'mig
383 2620 540 2693 coeptum
557 2617 609 2671 est
635 2605 862 2670 sacratissimo
890 2603 991 2669 Cordi
1016 2607 1109 2685 ,lusu
1138 2605 1347 2686 Servatoris;
1378 2618 1413 2672 ut
1443 2609 1483 2671 ibi

206 2719 358 2832 “pam
383 2733 515 2778 summa
542 2713 613 2776 eius
644 2712 834 2786 clementia,
860 2711 1032 2774 communi
1064 2712 1211 2774 nationis
1239 2715 1384 2790 nomine,
1409 2713 1483 2778 Sedi

206 2837 357 2878 annonem·
382 2816 603 2901 Apostolicae
618 2825 652 2878 et
669 2816 798 2897 patriae
816 2817 934 2878 misere
951 2813 1083 2878 afflictis
1099 2816 1156 2878 diu
1182 2826 1352 2900 noctuque
1374 2837 1484 2880 exora-

203 2897 356 3010 {ll-‘2222
383 2934 481 2987 retur.
507 2919 784 2984 Anniversariam
814 2919 916 3001 igitur
943 2917 1021 2981 iacti
1048 2920 1245 2983 memoriam
1273 2931 1309 2983 tu
1335 2917 1484 2984 censuisti

215 3011 358 3117 didm
382 3026 546 3108 ampliore
575 3025 807 3089 caeremoniae
838 3022 930 3088 cultu
962 3025 1231 3106 prosequendam
1270 3036 1304 3087 et
1338 3023 1483 3089 sollemni

205 3131 354 3235 Mamur
383 3150 516 3212 quoque
532 3129 715 3212 gratiarum
732 3128 866 3190 actione
882 3127 1107 3190 decorandam
1125 3149 1133 3206 ;
1150 3128 1256 3210 eaque
1269 3147 1303 3191 re
1316 3125 1485 3210 postulasti

221 3203 357 3295 arriani?
384 3254 403 3297 a
422 3233 528 3297 Nobis
546 3243 582 3297 ut
598 3233 688 3296 idem
705 3242 800 3296 tuum
826 3233 1035 3314 propositum
1059 3238 1093 3294 et
1113 3233 1334 3314 comprobare
1352 3231 1486 3296 auctori·

203 3309 275 3366 Μ
384 3347 453 3402 tate
479 3337 649 3413 vellemus,
664 3347 698 3400 et
721 3335 824 3398 sacris
849 3336 1042 3399 muneribus
1065 3354 1209 3417 quorum
1233 3346 1284 3399 est
1307 3335 1397 3418 apud
1423 3335 1486 3399 Nos

384 3447 533 3520 potestas
543 3457 674 3521 augere.
684 3474 727 3485 -
741 3435 933 3518 Utrumque
946 3433 1018 3498 Nos
1029 3454 1197 3517 propenso
1209 3435 1324 3498 animo
1334 3436 1487 3508 lacimus;

383 3553 485 3624 atque
501 3563 541 3606 eo
557 3541 699 3606 iacimus
716 3540 908 3604 libentiores
924 3539 1027 3621 quod,
1042 3559 1146 3621 quum
1163 3541 1308 3621 primum
1327 3541 1360 3603 in
1378 3541 1487 3603 Monte

383 3646 583 3728 Martyrum,
599 3645 718 3710 illustri
734 3664 816 3707 sane
832 3654 866 3707 et
883 3654 1027 3727 augusto
1052 3645 1135 3722 loco,
1156 3643 1251 3707 initia
1277 3643 1489 3708 fundarentur

383 3749 512 3831 templi,
539 3751 606 3813 iam
634 3759 706 3814 tum
732 3748 940 3830 cogitatione
966 3746 1198 3830 praecepimus
1225 3757 1389 3830 quantum
1418 3745 1488 3807 inde

383 3851 510 3935 gloriae
526 3852 662 3919 Christo
680 3853 842 3930 Domino,
858 3863 891 3916 ct
907 3873 1009 3934 quam
1026 3850 1243 3934 praestabilis
1259 3852 1348 3914 bona
1364 3851 1398 3912 in
1414 3867 1487 3932 gen·

383 3965 452 4020 tem
469 3966 580 4020 essent
596 3957 796 4038 proiectura.
812 3957 1118 4022 commemorabile
1129 3964 1242 4019 autem
1262 3951 1487 4036 est,quemad·

383 4062 521 4125 modum
549 4061 582 4123 in
609 4081 684 4124 earn
714 4069 784 4126 tam
813 4061 960 4143 ingentis
987 4062 1100 4143 operis
1137 4059 1347 4123 molitionem
1385 4055 1487 4119 studia

235 4165 356 4268 ,mg
383 4165 558 4227 universae
589 4163 720 4228 Galliae
751 4166 948 4242 exarserint,
980 4166 1066 4228 miro
1096 4163 1285 4228 animorum
1321 4175 1487 4230 consensu,

259 4270 357 4316 auxisse
382 4265 509 4346 pietate
533 4266 666 4347 insigni,
684 4266 863 4347 splendida
889 4281 923 4332 et
948 4267 1117 4332 constanti
1143 4265 1353 4331 liberalitate.
1372 4261 1486 4328 Nobis-

231 4334 358 4445 tillem
383 4369 535 4448 metipsis
561 4369 806 4433 collaudandae
835 4371 882 4432 rei
910 4390 977 4434 non
1005 4391 1070 4436 una
1094 4369 1209 4435 oblata
1225 4379 1275 4433 est
1293 4369 1435 4433 occasio.
1453 4365 1484 4428 ld
