<?xml version="1.0" encoding="UTF-8"?>
<!DOCTYPE html PUBLIC "-//W3C//DTD XHTML 1.0 Transitional//EN"
    "http://www.w3.org/TR/xhtml1/DTD/xhtml1-transitional.dtd">
<html xmlns="http://www.w3.org/1999/xhtml" xml:lang="en" lang="en">
 <head>
  <title>
</title>
<meta http-equiv="Content-Type" content="text/html;charset=utf-8" />
  <meta name='ocr-system' content='tesseract 3.04.00' />
  <meta name='ocr-capabilities' content='ocr_page ocr_carea ocr_par ocr_line ocrx_word'/>
</head>
<body>
  <div class='ocr_page' id='page_1' title='image "./sanctissimidomi04xiiigoog_0698.png"; bbox 0 0 3117 4859; ppageno 0'>
   <div class='ocr_carea' id='block_1_1' title="bbox 355 380 1106 457">
    <p class='ocr_par' dir='ltr' id='par_1_1' title="bbox 355 380 1106 457">
     <span class='ocr_line' id='line_1_1' title="bbox 355 380 1106 457; baseline -0.012 -19"><span class='ocrx_word' id='word_1_1' title='bbox 355 386 426 457; x_wconf 78' lang='lat'>330</span> <span class='ocrx_word' id='word_1_2' title='bbox 708 380 829 431; x_wconf 65' lang='lat' dir='ltr'>tubex</span> <span class='ocrx_word' id='word_1_3' title='bbox 856 380 1106 431; x_wconf 72' lang='lat' dir='ltr'>nuattrtcus.</span> 
     </span>
    </p>
   </div>
   <div class='ocr_carea' id='block_1_2' title="bbox 347 527 1459 689">
    <p class='ocr_par' dir='ltr' id='par_1_2' title="bbox 347 527 1459 689">
     <span class='ocr_line' id='line_1_2' title="bbox 351 527 1459 601; baseline -0.003 -16"><span class='ocrx_word' id='word_1_4' title='bbox 351 530 455 585; x_wconf 84' lang='lat' dir='ltr'>diflusa</span> <span class='ocrx_word' id='word_1_5' title='bbox 470 530 531 601; x_wconf 86' lang='lat' dir='ltr'>jam</span> <span class='ocrx_word' id='word_1_6' title='bbox 553 540 597 584; x_wconf 88' lang='lat' dir='ltr'>est</span> <span class='ocrx_word' id='word_1_7' title='bbox 611 527 804 597; x_wconf 84' lang='lat' dir='ltr'>congregatio,</span> <span class='ocrx_word' id='word_1_8' title='bbox 818 528 920 583; x_wconf 89' lang='lat' dir='ltr'>uberes</span> <span class='ocrx_word' id='word_1_9' title='bbox 938 537 1024 583; x_wconf 87' lang='lat' dir='ltr'>nacta</span> <span class='ocrx_word' id='word_1_10' title='bbox 1035 528 1145 583; x_wconf 83' lang='lat' dir='ltr'>fructus</span> <span class='ocrx_word' id='word_1_11' title='bbox 1158 540 1199 594; x_wconf 77' lang='lat'>54.</span> <span class='ocrx_word' id='word_1_12' title='bbox 1211 556 1247 567; x_wconf 88' lang='lat'>-</span> <span class='ocrx_word' id='word_1_13' title='bbox 1259 528 1354 597; x_wconf 80' lang='lat' dir='ltr'>Quam</span> <span class='ocrx_word' id='word_1_14' title='bbox 1371 542 1459 582; x_wconf 83' lang='lat' dir='ltr'>antea</span> 
     </span>
     <span class='ocr_line' id='line_1_3' title="bbox 347 615 1458 689; baseline -0.004 -14"><span class='ocrx_word' id='word_1_15' title='bbox 347 619 408 689; x_wconf 85' lang='lat' dir='ltr'>jam</span> <span class='ocrx_word' id='word_1_16' title='bbox 422 620 451 675; x_wconf 91' lang='lat' dir='ltr'>S.</span> <span class='ocrx_word' id='word_1_17' title='bbox 466 618 557 673; x_wconf 80' lang='lat' dir='ltr'>Sedes</span> <span class='ocrx_word' id='word_1_18' title='bbox 569 616 696 673; x_wconf 86' lang='lat' dir='ltr'>laudavit</span> <span class='ocrx_word' id='word_1_19' title='bbox 709 626 737 672; x_wconf 90' lang='lat' dir='ltr'>et</span> <span class='ocrx_word' id='word_1_20' title='bbox 751 615 932 688; x_wconf 80' lang='lat' dir='ltr'>approbavit,</span> <span class='ocrx_word' id='word_1_21' title='bbox 944 616 1006 685; x_wconf 81' lang='lat' dir='ltr'>ejus</span> <span class='ocrx_word' id='word_1_22' title='bbox 1018 632 1094 671; x_wconf 89' lang='lat' dir='ltr'>nunc</span> <span class='ocrx_word' id='word_1_23' title='bbox 1107 615 1325 671; x_wconf 76' lang='lat' dir='ltr'>constitutiones</span> <span class='ocrx_word' id='word_1_24' title='bbox 1334 628 1364 671; x_wconf 88' lang='lat' dir='ltr'>et</span> <span class='ocrx_word' id='word_1_25' title='bbox 1375 632 1458 685; x_wconf 85' lang='lat' dir='ltr'>regn·</span> 
     </span>
    </p>
   </div>
   <div class='ocr_carea' id='block_1_3' title="bbox 350 706 649 778">
    <p class='ocr_par' dir='ltr' id='par_1_3' title="bbox 350 706 649 778">
     <span class='ocr_line' id='line_1_4' title="bbox 350 706 649 778; baseline -0.007 -17"><span class='ocrx_word' id='word_1_26' title='bbox 350 707 393 763; x_wconf 86' lang='lat' dir='ltr'>las</span> <span class='ocrx_word' id='word_1_27' title='bbox 407 706 547 778; x_wconf 80' lang='lat' dir='ltr'>approbat</span> <span class='ocrx_word' id='word_1_28' title='bbox 559 718 649 775; x_wconf 82' lang='grc'>54-55.</span> 
     </span>
    </p>
   </div>
   <div class='ocr_carea' id='block_1_4' title="bbox 351 814 1370 967">
    <p class='ocr_par' dir='ltr' id='par_1_4' title="bbox 351 814 1370 967">
     <span class='ocr_line' id='line_1_5' title="bbox 387 814 1370 876; baseline -0.003 -9"><span class='ocrx_word' id='word_1_29' title='bbox 387 816 432 867; x_wconf 80' lang='lat' dir='ltr'>to.</span> <span class='ocrx_word' id='word_1_30' title='bbox 457 814 677 865; x_wconf 77' lang='lat' dir='ltr'>LITTERAE</span> <span class='ocrx_word' id='word_1_31' title='bbox 715 814 1009 865; x_wconf 71' lang='lat' dir='ltr'>aposromcaa:</span> <span class='ocrx_word' id='word_1_32' title='bbox 1038 814 1164 876; x_wconf 80' lang='lat' dir='ltr'>qulbus</span> <span class='ocrx_word' id='word_1_33' title='bbox 1187 815 1370 875; x_wconf 76' lang='lat' dir='ltr'>peculiares</span> 
     </span>
     <span class='ocr_line' id='line_1_6' title="bbox 351 901 1370 967; baseline -0.003 -14"><span class='ocrx_word' id='word_1_34' title='bbox 351 915 461 967; x_wconf 79' lang='lat' dir='ltr'>preces</span> <span class='ocrx_word' id='word_1_35' title='bbox 484 901 657 954; x_wconf 82' lang='lat' dir='ltr'>cathollola</span> <span class='ocrx_word' id='word_1_36' title='bbox 678 903 958 953; x_wconf 79' lang='lat' dir='ltr'>commendantur</span> <span class='ocrx_word' id='word_1_37' title='bbox 986 914 1045 964; x_wconf 85' lang='lat' dir='ltr'>per</span> <span class='ocrx_word' id='word_1_38' title='bbox 1068 903 1233 952; x_wconf 83' lang='lat' dir='ltr'>solemnla</span> <span class='ocrx_word' id='word_1_39' title='bbox 1255 912 1370 953; x_wconf 70' lang='lat' dir='ltr'>sacru</span> 
     </span>
    </p>
   </div>
   <div class='ocr_carea' id='block_1_5' title="bbox 352 986 1457 1055">
    <p class='ocr_par' dir='ltr' id='par_1_5' title="bbox 352 986 1457 1055">
     <span class='ocr_line' id='line_1_7' title="bbox 352 986 1457 1055; baseline -0.004 -13"><span class='ocrx_word' id='word_1_40' title='bbox 352 990 738 1055; x_wconf 67' lang='lat' dir='ltr'>Pentecosten—sual!</span> <span class='ocrx_word' id='word_1_41' title='bbox 753 990 842 1042; x_wconf 80' lang='lat'>18⁹5.</span> <span class='ocrx_word' id='word_1_42' title='bbox 1301 1000 1367 1055; x_wconf 82' lang='lat' dir='ltr'>pag.</span> <span class='ocrx_word' id='word_1_43' title='bbox 1424 986 1457 1053; x_wconf 84' lang='grc'>56</span> 
     </span>
    </p>
   </div>
   <div class='ocr_carea' id='block_1_6' title="bbox 347 1088 1457 2041">
    <p class='ocr_par' dir='ltr' id='par_1_6' title="bbox 347 1088 1457 2041">
     <span class='ocr_line' id='line_1_8' title="bbox 387 1088 1456 1159; baseline -0.004 -14"><span class='ocrx_word' id='word_1_44' title='bbox 387 1091 513 1147; x_wconf 84' lang='lat' dir='ltr'>Maxime</span> <span class='ocrx_word' id='word_1_45' title='bbox 532 1090 560 1145; x_wconf 89' lang='lat' dir='ltr'>in</span> <span class='ocrx_word' id='word_1_46' title='bbox 584 1090 658 1145; x_wconf 83' lang='lat' dir='ltr'>votis</span> <span class='ocrx_word' id='word_1_47' title='bbox 676 1099 721 1146; x_wconf 85' lang='lat' dir='ltr'>est</span> <span class='ocrx_word' id='word_1_48' title='bbox 745 1088 895 1147; x_wconf 73' lang='lat' dir='ltr'>Ecclesiae</span> <span class='ocrx_word' id='word_1_49' title='bbox 916 1101 945 1147; x_wconf 90' lang='lat' dir='ltr'>et</span> <span class='ocrx_word' id='word_1_50' title='bbox 960 1089 1092 1145; x_wconf 88' lang='lat' dir='ltr'>Pontifici</span> <span class='ocrx_word' id='word_1_51' title='bbox 1113 1090 1207 1144; x_wconf 86' lang='lat' dir='ltr'>unitas</span> <span class='ocrx_word' id='word_1_52' title='bbox 1225 1088 1301 1157; x_wconf 87' lang='lat' dir='ltr'>fidei,</span> <span class='ocrx_word' id='word_1_53' title='bbox 1320 1105 1379 1159; x_wconf 85' lang='lat' dir='ltr'>qua</span> <span class='ocrx_word' id='word_1_54' title='bbox 1401 1088 1456 1142; x_wconf 89' lang='lat' dir='ltr'>Dei</span> 
     </span>
     <span class='ocr_line' id='line_1_9' title="bbox 349 1177 1457 1249; baseline 0 -18"><span class='ocrx_word' id='word_1_55' title='bbox 349 1178 441 1248; x_wconf 88' lang='lat' dir='ltr'>gloria</span> <span class='ocrx_word' id='word_1_56' title='bbox 454 1189 482 1234; x_wconf 91' lang='lat' dir='ltr'>et</span> <span class='ocrx_word' id='word_1_57' title='bbox 496 1178 575 1233; x_wconf 85' lang='lat' dir='ltr'>salus</span> <span class='ocrx_word' id='word_1_58' title='bbox 588 1178 749 1233; x_wconf 87' lang='lat' dir='ltr'>animarum</span> <span class='ocrx_word' id='word_1_59' title='bbox 763 1188 986 1249; x_wconf 87' lang='lat' dir='ltr'>promoveantur</span> <span class='ocrx_word' id='word_1_60' title='bbox 1005 1180 1045 1247; x_wconf 86' lang='grc'>56.</span> <span class='ocrx_word' id='word_1_61' title='bbox 1057 1207 1093 1218; x_wconf 93' lang='lat'>-</span> <span class='ocrx_word' id='word_1_62' title='bbox 1108 1178 1191 1232; x_wconf 89' lang='lat' dir='ltr'>Illam</span> <span class='ocrx_word' id='word_1_63' title='bbox 1200 1178 1356 1247; x_wconf 90' lang='lat' dir='ltr'>impetrare</span> <span class='ocrx_word' id='word_1_64' title='bbox 1367 1177 1457 1232; x_wconf 89' lang='lat' dir='ltr'>aDeo</span> 
     </span>
     <span class='ocr_line' id='line_1_10' title="bbox 350 1266 1457 1335; baseline -0.001 -14"><span class='ocrx_word' id='word_1_65' title='bbox 350 1267 485 1321; x_wconf 83' lang='lat' dir='ltr'>studeant</span> <span class='ocrx_word' id='word_1_66' title='bbox 498 1283 599 1321; x_wconf 86' lang='lat' dir='ltr'>omnes</span> <span class='ocrx_word' id='word_1_67' title='bbox 614 1266 730 1323; x_wconf 76' lang='lat' dir='ltr'>Fideles</span> <span class='ocrx_word' id='word_1_68' title='bbox 744 1266 924 1322; x_wconf 86' lang='lat' dir='ltr'>orationibus</span> <span class='ocrx_word' id='word_1_69' title='bbox 940 1267 1000 1321; x_wconf 88' lang='lat' dir='ltr'>suis</span> <span class='ocrx_word' id='word_1_70' title='bbox 1014 1267 1055 1335; x_wconf 87' lang='grc'>56.</span> <span class='ocrx_word' id='word_1_71' title='bbox 1073 1295 1108 1305; x_wconf 89' lang='grc'><strong>-</strong></span> <span class='ocrx_word' id='word_1_72' title='bbox 1126 1266 1245 1321; x_wconf 87' lang='lat' dir='ltr'>Nullum</span> <span class='ocrx_word' id='word_1_73' title='bbox 1263 1282 1333 1319; x_wconf 82' lang='lat' dir='ltr'>vero</span> <span class='ocrx_word' id='word_1_74' title='bbox 1345 1275 1457 1335; x_wconf 84' lang='lat' dir='ltr'>tempus</span> 
     </span>
     <span class='ocr_line' id='line_1_11' title="bbox 347 1353 1454 1425; baseline -0.003 -15"><span class='ocrx_word' id='word_1_75' title='bbox 347 1355 443 1425; x_wconf 86' lang='lat' dir='ltr'>aptius</span> <span class='ocrx_word' id='word_1_76' title='bbox 454 1354 578 1409; x_wconf 89' lang='lat' dir='ltr'>orationi</span> <span class='ocrx_word' id='word_1_77' title='bbox 589 1365 634 1409; x_wconf 90' lang='lat' dir='ltr'>est</span> <span class='ocrx_word' id='word_1_78' title='bbox 647 1372 734 1425; x_wconf 85' lang='lat' dir='ltr'>quant</span> <span class='ocrx_word' id='word_1_79' title='bbox 747 1371 807 1425; x_wconf 86' lang='lat' dir='ltr'>quo</span> <span class='ocrx_word' id='word_1_80' title='bbox 823 1354 893 1409; x_wconf 91' lang='lat' dir='ltr'>olim</span> <span class='ocrx_word' id='word_1_81' title='bbox 906 1355 1039 1424; x_wconf 74' lang='lat' dir='ltr'><strong>Apostoli</strong></span> <span class='ocrx_word' id='word_1_82' title='bbox 1052 1372 1118 1409; x_wconf 89' lang='lat' dir='ltr'>cum</span> <span class='ocrx_word' id='word_1_83' title='bbox 1132 1354 1227 1408; x_wconf 86' lang='lat' dir='ltr'>Maria</span> <span class='ocrx_word' id='word_1_84' title='bbox 1247 1353 1276 1408; x_wconf 91' lang='lat' dir='ltr'>in</span> <span class='ocrx_word' id='word_1_85' title='bbox 1290 1354 1454 1408; x_wconf 76' lang='lat' dir='ltr'>Coenacula</span> 
     </span>
     <span class='ocr_line' id='line_1_12' title="bbox 348 1440 1456 1512; baseline 0.001 -17"><span class='ocrx_word' id='word_1_86' title='bbox 348 1452 463 1498; x_wconf 91' lang='lat' dir='ltr'>orantes</span> <span class='ocrx_word' id='word_1_87' title='bbox 483 1442 681 1509; x_wconf 84' lang='lat' dir='ltr'>constiterunt,</span> <span class='ocrx_word' id='word_1_88' title='bbox 700 1454 879 1512; x_wconf 82' lang='lat' dir='ltr'>coeptaeque</span> <span class='ocrx_word' id='word_1_89' title='bbox 900 1452 967 1497; x_wconf 89' lang='lat' dir='ltr'>sunt</span> <span class='ocrx_word' id='word_1_90' title='bbox 985 1453 1087 1512; x_wconf 82' lang='lat' dir='ltr'>gentes</span> <span class='ocrx_word' id='word_1_91' title='bbox 1108 1441 1147 1496; x_wconf 89' lang='lat' dir='ltr'>ab</span> <span class='ocrx_word' id='word_1_92' title='bbox 1168 1440 1301 1496; x_wconf 75' lang='lat' dir='ltr'>Ecclesia</span> <span class='ocrx_word' id='word_1_93' title='bbox 1321 1441 1351 1495; x_wconf 93' lang='lat' dir='ltr'>in</span> <span class='ocrx_word' id='word_1_94' title='bbox 1371 1458 1456 1496; x_wconf 86' lang='lat' dir='ltr'>unam</span> 
     </span>
     <span class='ocr_line' id='line_1_13' title="bbox 351 1529 1456 1600; baseline -0.001 -16"><span class='ocrx_word' id='word_1_95' title='bbox 351 1530 456 1585; x_wconf 82' lang='lat' dir='ltr'>Christi</span> <span class='ocrx_word' id='word_1_96' title='bbox 472 1530 574 1585; x_wconf 83' lang='lat' dir='ltr'>Fidem</span> <span class='ocrx_word' id='word_1_97' title='bbox 588 1530 693 1585; x_wconf 84' lang='lat' dir='ltr'>adduci</span> <span class='ocrx_word' id='word_1_98' title='bbox 706 1533 750 1600; x_wconf 84' lang='grc'>56-</span> <span class='ocrx_word' id='word_1_99' title='bbox 755 1545 797 1600; x_wconf 82' lang='grc'>57.</span> <span class='ocrx_word' id='word_1_100' title='bbox 810 1559 845 1571; x_wconf 90' lang='lat'><em>-</em></span> <span class='ocrx_word' id='word_1_101' title='bbox 859 1531 1001 1587; x_wconf 87' lang='lat' dir='ltr'>Catholici</span> <span class='ocrx_word' id='word_1_102' title='bbox 1015 1548 1066 1600; x_wconf 91' lang='lat' dir='ltr'>per</span> <span class='ocrx_word' id='word_1_103' title='bbox 1077 1531 1132 1584; x_wconf 91' lang='lat' dir='ltr'>hos</span> <span class='ocrx_word' id='word_1_104' title='bbox 1142 1530 1206 1584; x_wconf 89' lang='lat' dir='ltr'>dies</span> <span class='ocrx_word' id='word_1_105' title='bbox 1219 1529 1358 1598; x_wconf 83' lang='lat' dir='ltr'>Spiritum</span> <span class='ocrx_word' id='word_1_106' title='bbox 1370 1529 1456 1583; x_wconf 86' lang='lat' dir='ltr'>Sanc·</span> 
     </span>
     <span class='ocr_line' id='line_1_14' title="bbox 350 1617 1457 1689; baseline -0.003 -16"><span class='ocrx_word' id='word_1_107' title='bbox 350 1630 409 1673; x_wconf 89' lang='lat' dir='ltr'>tum</span> <span class='ocrx_word' id='word_1_108' title='bbox 424 1619 567 1687; x_wconf 77' lang='lat' dir='ltr'>invocent,</span> <span class='ocrx_word' id='word_1_109' title='bbox 582 1618 720 1689; x_wconf 90' lang='lat' dir='ltr'>Spiritum</span> <span class='ocrx_word' id='word_1_110' title='bbox 730 1619 870 1687; x_wconf 85' lang='lat' dir='ltr'>veritatis,</span> <span class='ocrx_word' id='word_1_111' title='bbox 879 1619 988 1674; x_wconf 89' lang='lat' dir='ltr'>fontem</span> <span class='ocrx_word' id='word_1_112' title='bbox 997 1617 1169 1685; x_wconf 88' lang='lat' dir='ltr'>sanctitatis,</span> <span class='ocrx_word' id='word_1_113' title='bbox 1177 1634 1228 1673; x_wconf 91' lang='lat' dir='ltr'>cor</span> <span class='ocrx_word' id='word_1_114' title='bbox 1240 1617 1457 1687; x_wconf 68' lang='lat' dir='ltr'>Ecclesiaeper</span> 
     </span>
     <span class='ocr_line' id='line_1_15' title="bbox 348 1704 1456 1777; baseline 0 -18"><span class='ocrx_word' id='word_1_115' title='bbox 348 1723 442 1776; x_wconf 88' lang='lat' dir='ltr'>quem,</span> <span class='ocrx_word' id='word_1_116' title='bbox 456 1723 544 1777; x_wconf 87' lang='lat' dir='ltr'>quum</span> <span class='ocrx_word' id='word_1_117' title='bbox 561 1708 597 1763; x_wconf 89' lang='lat' dir='ltr'>sit</span> <span class='ocrx_word' id='word_1_118' title='bbox 611 1708 754 1775; x_wconf 83' lang='lat' dir='ltr'>Charitas,</span> <span class='ocrx_word' id='word_1_119' title='bbox 773 1708 834 1763; x_wconf 88' lang='lat' dir='ltr'>fore</span> <span class='ocrx_word' id='word_1_120' title='bbox 847 1717 943 1777; x_wconf 88' lang='lat' dir='ltr'>sperat</span> <span class='ocrx_word' id='word_1_121' title='bbox 963 1706 1095 1762; x_wconf 85' lang='lat' dir='ltr'>Pontifex</span> <span class='ocrx_word' id='word_1_122' title='bbox 1113 1716 1145 1761; x_wconf 90' lang='lat' dir='ltr'>ut</span> <span class='ocrx_word' id='word_1_123' title='bbox 1165 1705 1273 1760; x_wconf 89' lang='lat' dir='ltr'>arctius</span> <span class='ocrx_word' id='word_1_124' title='bbox 1294 1704 1410 1760; x_wconf 79' lang='lat' dir='ltr'>Pidelee</span> <span class='ocrx_word' id='word_1_125' title='bbox 1428 1706 1456 1759; x_wconf 89' lang='lat' dir='ltr'>in</span> 
     </span>
     <span class='ocr_line' id='line_1_16' title="bbox 347 1794 1455 1866; baseline -0.002 -17"><span class='ocrx_word' id='word_1_126' title='bbox 347 1794 488 1851; x_wconf 84' lang='lat' dir='ltr'>charitate</span> <span class='ocrx_word' id='word_1_127' title='bbox 499 1794 655 1865; x_wconf 86' lang='lat' dir='ltr'>jungantur</span> <span class='ocrx_word' id='word_1_128' title='bbox 670 1798 758 1866; x_wconf 84' lang='lat'>57-58.</span> <span class='ocrx_word' id='word_1_129' title='bbox 774 1826 809 1835; x_wconf 90' lang='lat'><em>-</em></span> <span class='ocrx_word' id='word_1_130' title='bbox 828 1794 992 1851; x_wconf 84' lang='lat' dir='ltr'>Concordia</span> <span class='ocrx_word' id='word_1_131' title='bbox 1005 1794 1219 1849; x_wconf 86' lang='lat' dir='ltr'>Catholicorum</span> <span class='ocrx_word' id='word_1_132' title='bbox 1232 1804 1261 1849; x_wconf 90' lang='lat' dir='ltr'>et</span> <span class='ocrx_word' id='word_1_133' title='bbox 1273 1810 1376 1863; x_wconf 77' lang='lat' dir='ltr'>preces</span> <span class='ocrx_word' id='word_1_134' title='bbox 1387 1794 1455 1847; x_wconf 86' lang='lat' dir='ltr'>mul-</span> 
     </span>
     <span class='ocr_line' id='line_1_17' title="bbox 348 1881 1455 1953; baseline -0.002 -16"><span class='ocrx_word' id='word_1_135' title='bbox 348 1894 408 1937; x_wconf 91' lang='lat' dir='ltr'>tum</span> <span class='ocrx_word' id='word_1_136' title='bbox 422 1883 459 1938; x_wconf 91' lang='lat' dir='ltr'>ad</span> <span class='ocrx_word' id='word_1_137' title='bbox 473 1883 675 1939; x_wconf 84' lang='lat' dir='ltr'>dissidentium</span> <span class='ocrx_word' id='word_1_138' title='bbox 698 1885 962 1941; x_wconf 85' lang='lat' dir='ltr'>reconciliationem</span> <span class='ocrx_word' id='word_1_139' title='bbox 983 1894 1050 1937; x_wconf 89' lang='lat' dir='ltr'>sunt</span> <span class='ocrx_word' id='word_1_140' title='bbox 1068 1882 1233 1953; x_wconf 90' lang='lat' dir='ltr'>profuturae</span> <span class='ocrx_word' id='word_1_141' title='bbox 1246 1881 1288 1950; x_wconf 81' lang='grc'>58.</span> <span class='ocrx_word' id='word_1_142' title='bbox 1300 1910 1337 1920; x_wconf 89' lang='grc'><strong>-</strong></span> <span class='ocrx_word' id='word_1_143' title='bbox 1361 1882 1455 1936; x_wconf 83' lang='lat' dir='ltr'>Variis</span> 
     </span>
     <span class='ocr_line' id='line_1_18' title="bbox 347 1968 1453 2041; baseline -0.005 -16"><span class='ocrx_word' id='word_1_144' title='bbox 347 1970 542 2040; x_wconf 78' lang='lat' dir='ltr'>indulgentiis,</span> <span class='ocrx_word' id='word_1_145' title='bbox 557 1970 585 2027; x_wconf 93' lang='lat' dir='ltr'>in</span> <span class='ocrx_word' id='word_1_146' title='bbox 600 1982 731 2041; x_wconf 88' lang='lat' dir='ltr'>posteros</span> <span class='ocrx_word' id='word_1_147' title='bbox 743 1988 837 2027; x_wconf 87' lang='lat' dir='ltr'>annos</span> <span class='ocrx_word' id='word_1_148' title='bbox 849 1970 987 2037; x_wconf 83' lang='lat' dir='ltr'>valituris,</span> <span class='ocrx_word' id='word_1_149' title='bbox 1000 1985 1102 2041; x_wconf 88' lang='lat' dir='ltr'>preces</span> <span class='ocrx_word' id='word_1_150' title='bbox 1115 1968 1242 2023; x_wconf 86' lang='lat' dir='ltr'>indictae</span> <span class='ocrx_word' id='word_1_151' title='bbox 1259 1978 1401 2037; x_wconf 81' lang='lat' dir='ltr'>augentur</span> <span class='ocrx_word' id='word_1_152' title='bbox 1414 1968 1453 2037; x_wconf 84' lang='lat'>58.</span> 
     </span>
    </p>
   </div>
   <div class='ocr_carea' id='block_1_7' title="bbox 346 2077 1454 2231">
    <p class='ocr_par' dir='ltr' id='par_1_7' title="bbox 346 2077 1454 2231">
     <span class='ocr_line' id='line_1_19' title="bbox 384 2077 1370 2139; baseline -0.003 -10"><span class='ocrx_word' id='word_1_153' title='bbox 384 2080 428 2130; x_wconf 83' lang='lat' dir='ltr'>lo.</span> <span class='ocrx_word' id='word_1_154' title='bbox 451 2082 674 2131; x_wconf 78' lang='lat' dir='ltr'><strong>LITTERAE</strong></span> <span class='ocrx_word' id='word_1_155' title='bbox 695 2080 997 2139; x_wconf 69' lang='lat' dir='ltr'>apos&#39;roucaa,</span> <span class='ocrx_word' id='word_1_156' title='bbox 1020 2079 1061 2129; x_wconf 87' lang='lat' dir='ltr'>de</span> <span class='ocrx_word' id='word_1_157' title='bbox 1081 2077 1305 2129; x_wconf 81' lang='lat' dir='ltr'>saecularibus</span> <span class='ocrx_word' id='word_1_158' title='bbox 1321 2090 1370 2127; x_wconf 84' lang='lat' dir='ltr'>ao-</span> 
     </span>
     <span class='ocr_line' id='line_1_20' title="bbox 346 2166 1454 2231; baseline -0.003 -15"><span class='ocrx_word' id='word_1_159' title='bbox 346 2168 481 2219; x_wconf 87' lang='lat' dir='ltr'>lemnlls</span> <span class='ocrx_word' id='word_1_160' title='bbox 501 2169 531 2219; x_wconf 87' lang='lat' dir='ltr'>S.</span> <span class='ocrx_word' id='word_1_161' title='bbox 548 2170 697 2231; x_wconf 82' lang='lat' dir='ltr'>Phtllppl</span> <span class='ocrx_word' id='word_1_162' title='bbox 712 2170 866 2221; x_wconf 71' lang='lat' dir='ltr'>Nerth-</span> <span class='ocrx_word' id='word_1_163' title='bbox 889 2169 909 2218; x_wconf 88' lang='lat'><strong>8</strong></span> <span class='ocrx_word' id='word_1_164' title='bbox 933 2169 1002 2218; x_wconf 79' lang='lat' dir='ltr'>Mal</span> <span class='ocrx_word' id='word_1_165' title='bbox 1028 2166 1115 2217; x_wconf 81' lang='lat'>1895.</span> <span class='ocrx_word' id='word_1_166' title='bbox 1296 2177 1363 2229; x_wconf 86' lang='lat' dir='ltr'>pag.</span> <span class='ocrx_word' id='word_1_167' title='bbox 1421 2174 1454 2228; x_wconf 85' lang='grc'>59</span> 
     </span>
    </p>
   </div>
   <div class='ocr_carea' id='block_1_8' title="bbox 346 2264 1454 2777">
    <p class='ocr_par' dir='ltr' id='par_1_8' title="bbox 346 2264 1454 2777">
     <span class='ocr_line' id='line_1_21' title="bbox 385 2264 1454 2335; baseline -0.006 -12"><span class='ocrx_word' id='word_1_168' title='bbox 385 2270 521 2324; x_wconf 88' lang='lat' dir='ltr'>Laetatur</span> <span class='ocrx_word' id='word_1_169' title='bbox 536 2270 666 2325; x_wconf 80' lang='lat' dir='ltr'>Pontifex</span> <span class='ocrx_word' id='word_1_170' title='bbox 680 2270 717 2325; x_wconf 90' lang='lat' dir='ltr'>de</span> <span class='ocrx_word' id='word_1_171' title='bbox 730 2268 929 2325; x_wconf 83' lang='lat' dir='ltr'>saecularibus</span> <span class='ocrx_word' id='word_1_172' title='bbox 941 2267 1090 2323; x_wconf 86' lang='lat' dir='ltr'>solemniis</span> <span class='ocrx_word' id='word_1_173' title='bbox 1105 2267 1133 2321; x_wconf 91' lang='lat' dir='ltr'>S.</span> <span class='ocrx_word' id='word_1_174' title='bbox 1144 2264 1269 2335; x_wconf 88' lang='lat' dir='ltr'>Philippi</span> <span class='ocrx_word' id='word_1_175' title='bbox 1284 2264 1366 2319; x_wconf 88' lang='lat' dir='ltr'>Nerii</span> <span class='ocrx_word' id='word_1_176' title='bbox 1379 2264 1454 2319; x_wconf 84' lang='lat' dir='ltr'>brevi</span> 
     </span>
     <span class='ocr_line' id='line_1_22' title="bbox 348 2352 1454 2428; baseline -0.004 -19"><span class='ocrx_word' id='word_1_177' title='bbox 348 2356 539 2425; x_wconf 89' lang='lat' dir='ltr'>celebrandis,</span> <span class='ocrx_word' id='word_1_178' title='bbox 559 2358 710 2428; x_wconf 90' lang='lat' dir='ltr'>ipsumque</span> <span class='ocrx_word' id='word_1_179' title='bbox 724 2357 822 2412; x_wconf 87' lang='lat' dir='ltr'>laudat</span> <span class='ocrx_word' id='word_1_180' title='bbox 835 2355 987 2411; x_wconf 83' lang='lat' dir='ltr'>virtutibus</span> <span class='ocrx_word' id='word_1_181' title='bbox 1006 2367 1034 2410; x_wconf 93' lang='lat' dir='ltr'>et</span> <span class='ocrx_word' id='word_1_182' title='bbox 1048 2355 1179 2409; x_wconf 89' lang='lat' dir='ltr'>doctrina</span> <span class='ocrx_word' id='word_1_183' title='bbox 1194 2352 1359 2422; x_wconf 72' lang='lat' dir='ltr'>insignem,</span> <span class='ocrx_word' id='word_1_184' title='bbox 1376 2354 1454 2423; x_wconf 86' lang='lat' dir='ltr'>cujus</span> 
     </span>
     <span class='ocr_line' id='line_1_23' title="bbox 348 2442 1453 2516; baseline -0.004 -18"><span class='ocrx_word' id='word_1_185' title='bbox 348 2444 453 2500; x_wconf 86' lang='lat' dir='ltr'>insistit</span> <span class='ocrx_word' id='word_1_186' title='bbox 479 2445 609 2514; x_wconf 88' lang='lat' dir='ltr'>vestigiis</span> <span class='ocrx_word' id='word_1_187' title='bbox 624 2444 819 2516; x_wconf 90' lang='lat' dir='ltr'>Congregatio</span> <span class='ocrx_word' id='word_1_188' title='bbox 840 2444 958 2514; x_wconf 90' lang='lat' dir='ltr'>abipso</span> <span class='ocrx_word' id='word_1_189' title='bbox 979 2444 1098 2497; x_wconf 86' lang='lat' dir='ltr'>fundata</span> <span class='ocrx_word' id='word_1_190' title='bbox 1117 2442 1206 2511; x_wconf 70' lang='lat' dir='ltr'>5p60.</span> <span class='ocrx_word' id='word_1_191' title='bbox 1227 2470 1262 2481; x_wconf 92' lang='lat'>—</span> <span class='ocrx_word' id='word_1_192' title='bbox 1282 2443 1329 2495; x_wconf 92' lang='lat' dir='ltr'>De</span> <span class='ocrx_word' id='word_1_193' title='bbox 1347 2442 1453 2510; x_wconf 84' lang='lat' dir='ltr'>pietate</span> 
     </span>
     <span class='ocr_line' id='line_1_24' title="bbox 347 2529 1452 2605; baseline -0.004 -20"><span class='ocrx_word' id='word_1_194' title='bbox 347 2534 544 2603; x_wconf 87' lang='lat' dir='ltr'>promovenda</span> <span class='ocrx_word' id='word_1_195' title='bbox 561 2550 611 2605; x_wconf 89' lang='lat' dir='ltr'>per</span> <span class='ocrx_word' id='word_1_196' title='bbox 637 2545 762 2601; x_wconf 88' lang='lat' dir='ltr'>cantum,</span> <span class='ocrx_word' id='word_1_197' title='bbox 782 2533 819 2588; x_wconf 94' lang='lat' dir='ltr'>de</span> <span class='ocrx_word' id='word_1_198' title='bbox 837 2532 995 2603; x_wconf 86' lang='lat' dir='ltr'>priscorum</span> <span class='ocrx_word' id='word_1_199' title='bbox 1010 2532 1172 2599; x_wconf 86' lang='lat' dir='ltr'>Martyrum</span> <span class='ocrx_word' id='word_1_200' title='bbox 1190 2530 1278 2596; x_wconf 87' lang='lat' dir='ltr'>cultu,</span> <span class='ocrx_word' id='word_1_201' title='bbox 1298 2530 1334 2584; x_wconf 89' lang='lat' dir='ltr'>de</span> <span class='ocrx_word' id='word_1_202' title='bbox 1353 2546 1385 2583; x_wconf 90' lang='lat' dir='ltr'>re</span> <span class='ocrx_word' id='word_1_203' title='bbox 1396 2529 1452 2582; x_wconf 91' lang='lat' dir='ltr'>his-</span> 
     </span>
     <span class='ocr_line' id='line_1_25' title="bbox 346 2616 1452 2692; baseline -0.005 -18"><span class='ocrx_word' id='word_1_204' title='bbox 346 2621 446 2689; x_wconf 90' lang='lat' dir='ltr'>torica,</span> <span class='ocrx_word' id='word_1_205' title='bbox 460 2622 497 2675; x_wconf 90' lang='lat' dir='ltr'>de</span> <span class='ocrx_word' id='word_1_206' title='bbox 511 2622 601 2689; x_wconf 83' lang='lat' dir='ltr'>Urbe,</span> <span class='ocrx_word' id='word_1_207' title='bbox 616 2621 766 2692; x_wconf 86' lang='lat' dir='ltr'>Philippus</span> <span class='ocrx_word' id='word_1_208' title='bbox 782 2622 857 2676; x_wconf 87' lang='lat' dir='ltr'>bene</span> <span class='ocrx_word' id='word_1_209' title='bbox 871 2620 989 2675; x_wconf 81' lang='lat' dir='ltr'>meritus</span> <span class='ocrx_word' id='word_1_210' title='bbox 1002 2630 1047 2675; x_wconf 93' lang='lat' dir='ltr'>est</span> <span class='ocrx_word' id='word_1_211' title='bbox 1064 2620 1107 2672; x_wconf 89' lang='lat'>60.</span> <span class='ocrx_word' id='word_1_212' title='bbox 1123 2648 1157 2656; x_wconf 94' lang='lat'>-</span> <span class='ocrx_word' id='word_1_213' title='bbox 1179 2616 1311 2689; x_wconf 87' lang='lat' dir='ltr'>lmpertit</span> <span class='ocrx_word' id='word_1_214' title='bbox 1325 2616 1452 2671; x_wconf 74' lang='lat' dir='ltr'>Pontifex</span> 
     </span>
     <span class='ocr_line' id='line_1_26' title="bbox 350 2706 1214 2777; baseline -0.002 -16"><span class='ocrx_word' id='word_1_215' title='bbox 350 2707 546 2777; x_wconf 75' lang='lat' dir='ltr'>Indulgentiae</span> <span class='ocrx_word' id='word_1_216' title='bbox 560 2710 640 2765; x_wconf 91' lang='lat' dir='ltr'>hisce</span> <span class='ocrx_word' id='word_1_217' title='bbox 654 2709 850 2765; x_wconf 84' lang='lat' dir='ltr'>saecularibus</span> <span class='ocrx_word' id='word_1_218' title='bbox 859 2708 943 2765; x_wconf 83' lang='lat' dir='ltr'>festis</span> <span class='ocrx_word' id='word_1_219' title='bbox 956 2707 1109 2763; x_wconf 86' lang='lat' dir='ltr'>lucrandas</span> <span class='ocrx_word' id='word_1_220' title='bbox 1121 2706 1214 2760; x_wconf 76' lang='lat' dir='ltr'>soor.</span> 
     </span>
    </p>
   </div>
   <div class='ocr_carea' id='block_1_9' title="bbox 346 2832 1450 2985">
    <p class='ocr_par' dir='ltr' id='par_1_9' title="bbox 346 2832 1450 2985">
     <span class='ocr_line' id='line_1_27' title="bbox 384 2832 1367 2893; baseline -0.001 -12"><span class='ocrx_word' id='word_1_221' title='bbox 384 2832 429 2885; x_wconf 90' lang='grc'>17.</span> <span class='ocrx_word' id='word_1_222' title='bbox 447 2834 655 2887; x_wconf 71' lang='lat' dir='ltr'>EplsTOLA</span> <span class='ocrx_word' id='word_1_223' title='bbox 667 2838 709 2887; x_wconf 83' lang='lat' dir='ltr'>ad</span> <span class='ocrx_word' id='word_1_224' title='bbox 719 2836 926 2886; x_wconf 81' lang='lat' dir='ltr'>cardtnalom</span> <span class='ocrx_word' id='word_1_225' title='bbox 936 2832 1306 2893; x_wconf 81' lang='lat' dir='ltr'>Parocohl,dooomitlls</span> <span class='ocrx_word' id='word_1_226' title='bbox 1314 2842 1367 2893; x_wconf 90' lang='lat' dir='ltr'>po·</span> 
     </span>
     <span class='ocr_line' id='line_1_28' title="bbox 346 2916 1450 2985; baseline -0.003 -15"><span class='ocrx_word' id='word_1_227' title='bbox 346 2923 447 2973; x_wconf 88' lang='lat' dir='ltr'>lltlcls</span> <span class='ocrx_word' id='word_1_228' title='bbox 457 2936 477 2973; x_wconf 84' lang='lat' dir='ltr'>a</span> <span class='ocrx_word' id='word_1_229' title='bbox 489 2926 662 2976; x_wconf 86' lang='lat' dir='ltr'>cathollcls</span> <span class='ocrx_word' id='word_1_230' title='bbox 675 2927 709 2974; x_wconf 88' lang='lat' dir='ltr'>ln</span> <span class='ocrx_word' id='word_1_231' title='bbox 725 2925 826 2976; x_wconf 82' lang='lat' dir='ltr'>ltalla</span> <span class='ocrx_word' id='word_1_232' title='bbox 840 2924 995 2973; x_wconf 75' lang='lat' dir='ltr'>ultandla</span> <span class='ocrx_word' id='word_1_233' title='bbox 1011 2922 1094 2971; x_wconf 78' lang='grc'>-14</span> <span class='ocrx_word' id='word_1_234' title='bbox 1110 2923 1194 2971; x_wconf 77' lang='lat' dir='ltr'>Malt</span> <span class='ocrx_word' id='word_1_235' title='bbox 1209 2920 1290 2971; x_wconf 77' lang='lat'>1895</span> <span class='ocrx_word' id='word_1_236' title='bbox 1300 2933 1364 2985; x_wconf 84' lang='lat' dir='ltr'>pag.</span> <span class='ocrx_word' id='word_1_237' title='bbox 1417 2916 1450 2968; x_wconf 84' lang='lat'>62</span> 
     </span>
    </p>
   </div>
   <div class='ocr_carea' id='block_1_10' title="bbox 348 3046 1454 3559">
    <p class='ocr_par' dir='ltr' id='par_1_10' title="bbox 348 3046 1454 3559">
     <span class='ocr_line' id='line_1_29' title="bbox 386 3046 1452 3120; baseline -0.008 -15"><span class='ocrx_word' id='word_1_238' title='bbox 386 3052 543 3107; x_wconf 88' lang='lat' dir='ltr'>Decretum</span> <span class='ocrx_word' id='word_1_239' title='bbox 561 3052 598 3107; x_wconf 92' lang='lat' dir='ltr'>de</span> <span class='ocrx_word' id='word_1_240' title='bbox 619 3050 745 3106; x_wconf 90' lang='lat' dir='ltr'>comitiis</span> <span class='ocrx_word' id='word_1_241' title='bbox 758 3050 883 3120; x_wconf 89' lang='lat' dir='ltr'>politicis</span> <span class='ocrx_word' id='word_1_242' title='bbox 896 3048 1032 3118; x_wconf 84' lang='lat' dir='ltr'>vitandis,</span> <span class='ocrx_word' id='word_1_243' title='bbox 1041 3049 1123 3116; x_wconf 84' lang='lat' dir='ltr'>jussu</span> <span class='ocrx_word' id='word_1_244' title='bbox 1137 3047 1179 3101; x_wconf 89' lang='lat' dir='ltr'>Pii</span> <span class='ocrx_word' id='word_1_245' title='bbox 1194 3048 1238 3101; x_wconf 86' lang='lat' dir='ltr'>lX</span> <span class='ocrx_word' id='word_1_246' title='bbox 1249 3046 1368 3114; x_wconf 88' lang='lat' dir='ltr'>editum,</span> <span class='ocrx_word' id='word_1_247' title='bbox 1390 3060 1452 3099; x_wconf 82' lang='lat' dir='ltr'>cunr</span> 
     </span>
     <span class='ocr_line' id='line_1_30' title="bbox 348 3134 1454 3209; baseline -0.006 -16"><span class='ocrx_word' id='word_1_248' title='bbox 348 3140 427 3194; x_wconf 89' lang='lat' dir='ltr'>haud</span> <span class='ocrx_word' id='word_1_249' title='bbox 440 3151 518 3195; x_wconf 86' lang='lat' dir='ltr'>recte</span> <span class='ocrx_word' id='word_1_250' title='bbox 536 3140 666 3195; x_wconf 88' lang='lat' dir='ltr'>nonnulli</span> <span class='ocrx_word' id='word_1_251' title='bbox 686 3142 953 3209; x_wconf 86' lang='lat' dir='ltr'>interpretarentur,</span> <span class='ocrx_word' id='word_1_252' title='bbox 970 3136 1146 3206; x_wconf 85' lang='lat' dir='ltr'>explicatum</span> <span class='ocrx_word' id='word_1_253' title='bbox 1164 3146 1266 3206; x_wconf 86' lang='lat' dir='ltr'>postea</span> <span class='ocrx_word' id='word_1_254' title='bbox 1286 3135 1339 3189; x_wconf 91' lang='lat' dir='ltr'>fuit</span> <span class='ocrx_word' id='word_1_255' title='bbox 1353 3134 1396 3187; x_wconf 85' lang='lat'>62.</span> <span class='ocrx_word' id='word_1_256' title='bbox 1420 3158 1454 3170; x_wconf 91' lang='lat'>—</span> 
     </span>
     <span class='ocr_line' id='line_1_31' title="bbox 351 3222 1452 3298; baseline -0.009 -14"><span class='ocrx_word' id='word_1_257' title='bbox 351 3229 516 3298; x_wconf 84' lang='lat' dir='ltr'>Catholicis,</span> <span class='ocrx_word' id='word_1_258' title='bbox 542 3228 595 3283; x_wconf 89' lang='lat' dir='ltr'>etsi</span> <span class='ocrx_word' id='word_1_259' title='bbox 622 3228 745 3284; x_wconf 88' lang='lat' dir='ltr'>comitiis</span> <span class='ocrx_word' id='word_1_260' title='bbox 770 3228 1037 3283; x_wconf 83' lang='lat' dir='ltr'>administrationes</span> <span class='ocrx_word' id='word_1_261' title='bbox 1058 3225 1256 3297; x_wconf 86' lang='lat' dir='ltr'>spectantibus</span> <span class='ocrx_word' id='word_1_262' title='bbox 1274 3222 1452 3279; x_wconf 89' lang='lat' dir='ltr'>laudabiliter</span> 
     </span>
     <span class='ocr_line' id='line_1_32' title="bbox 351 3310 1452 3386; baseline -0.007 -16"><span class='ocrx_word' id='word_1_263' title='bbox 351 3316 501 3386; x_wconf 88' lang='lat' dir='ltr'>intersunt,</span> <span class='ocrx_word' id='word_1_264' title='bbox 515 3317 633 3371; x_wconf 88' lang='lat' dir='ltr'>vitanda</span> <span class='ocrx_word' id='word_1_265' title='bbox 646 3332 712 3371; x_wconf 88' lang='lat' dir='ltr'>esse</span> <span class='ocrx_word' id='word_1_266' title='bbox 725 3315 843 3370; x_wconf 87' lang='lat' dir='ltr'>comitia</span> <span class='ocrx_word' id='word_1_267' title='bbox 856 3314 975 3385; x_wconf 89' lang='lat' dir='ltr'>politica</span> <span class='ocrx_word' id='word_1_268' title='bbox 985 3329 1072 3383; x_wconf 86' lang='lat' dir='ltr'>saepe</span> <span class='ocrx_word' id='word_1_269' title='bbox 1083 3311 1215 3367; x_wconf 77' lang='lat' dir='ltr'>Pontifex</span> <span class='ocrx_word' id='word_1_270' title='bbox 1226 3310 1323 3378; x_wconf 85' lang='lat' dir='ltr'>edixit,</span> <span class='ocrx_word' id='word_1_271' title='bbox 1336 3325 1452 3379; x_wconf 85' lang='lat' dir='ltr'>eamque</span> 
     </span>
     <span class='ocr_line' id='line_1_33' title="bbox 351 3398 1448 3475; baseline -0.006 -16"><span class='ocrx_word' id='word_1_272' title='bbox 351 3406 532 3474; x_wconf 89' lang='lat' dir='ltr'>sententiam,</span> <span class='ocrx_word' id='word_1_273' title='bbox 555 3421 642 3475; x_wconf 91' lang='lat' dir='ltr'>quum</span> <span class='ocrx_word' id='word_1_274' title='bbox 665 3404 759 3475; x_wconf 88' lang='lat' dir='ltr'>ipsam</span> <span class='ocrx_word' id='word_1_275' title='bbox 790 3402 920 3457; x_wconf 90' lang='lat' dir='ltr'>nonnulli</span> <span class='ocrx_word' id='word_1_276' title='bbox 947 3412 1087 3457; x_wconf 89' lang='lat' dir='ltr'>conentur</span> <span class='ocrx_word' id='word_1_277' title='bbox 1117 3400 1283 3467; x_wconf 82' lang='lat' dir='ltr'>infringere,</span> <span class='ocrx_word' id='word_1_278' title='bbox 1304 3398 1448 3469; x_wconf 82' lang='lat' dir='ltr'>propalam</span> 
     </span>
     <span class='ocr_line' id='line_1_34' title="bbox 350 3493 861 3559; baseline -0.006 -12"><span class='ocrx_word' id='word_1_279' title='bbox 350 3493 528 3548; x_wconf 88' lang='lat' dir='ltr'>manifestari</span> <span class='ocrx_word' id='word_1_280' title='bbox 547 3493 574 3548; x_wconf 90' lang='lat' dir='ltr'>ei</span> <span class='ocrx_word' id='word_1_281' title='bbox 597 3494 690 3548; x_wconf 79' lang='lat' dir='ltr'>visum</span> <span class='ocrx_word' id='word_1_282' title='bbox 711 3502 757 3548; x_wconf 86' lang='lat' dir='ltr'>est</span> <span class='ocrx_word' id='word_1_283' title='bbox 770 3493 861 3559; x_wconf 82' lang='lat'>62-63.</span> 
     </span>
    </p>
   </div>
   <div class='ocr_carea' id='block_1_11' title="bbox 349 3614 1449 3945">
    <p class='ocr_par' dir='ltr' id='par_1_11' title="bbox 349 3614 1449 3945">
     <span class='ocr_line' id='line_1_35' title="bbox 386 3614 1368 3679; baseline -0.002 -14"><span class='ocrx_word' id='word_1_284' title='bbox 386 3618 431 3668; x_wconf 83' lang='lat'>18.</span> <span class='ocrx_word' id='word_1_285' title='bbox 454 3620 662 3669; x_wconf 79' lang='lat' dir='ltr'>EPISTOLA</span> <span class='ocrx_word' id='word_1_286' title='bbox 688 3620 731 3669; x_wconf 91' lang='lat' dir='ltr'>ad</span> <span class='ocrx_word' id='word_1_287' title='bbox 754 3618 932 3679; x_wconf 78' lang='lat' dir='ltr'>Georglum</span> <span class='ocrx_word' id='word_1_288' title='bbox 958 3617 1052 3667; x_wconf 85' lang='lat' dir='ltr'>Ebed</span> <span class='ocrx_word' id='word_1_289' title='bbox 1078 3617 1153 3666; x_wconf 84' lang='lat' dir='ltr'>Iesu</span> <span class='ocrx_word' id='word_1_290' title='bbox 1172 3614 1368 3677; x_wconf 76' lang='lat' dir='ltr'>Khayyath,</span> 
     </span>
     <span class='ocr_line' id='line_1_36' title="bbox 350 3703 1369 3770; baseline -0.004 -14"><span class='ocrx_word' id='word_1_291' title='bbox 350 3708 578 3768; x_wconf 80' lang='lat' dir='ltr'>patriarcham</span> <span class='ocrx_word' id='word_1_292' title='bbox 592 3708 868 3770; x_wconf 69' lang='lat' dir='ltr'>Babyloniensem,</span> <span class='ocrx_word' id='word_1_293' title='bbox 880 3711 911 3757; x_wconf 84' lang='lat' dir='ltr'>et</span> <span class='ocrx_word' id='word_1_294' title='bbox 922 3706 966 3755; x_wconf 88' lang='lat' dir='ltr'>ad</span> <span class='ocrx_word' id='word_1_295' title='bbox 978 3717 1094 3754; x_wconf 87' lang='lat' dir='ltr'>omnes</span> <span class='ocrx_word' id='word_1_296' title='bbox 1104 3703 1369 3766; x_wconf 84' lang='lat' dir='ltr'>eplsooposohal-</span> 
     </span>
     <span class='ocr_line' id='line_1_37' title="bbox 349 3790 1369 3846; baseline -0.003 -4"><span class='ocrx_word' id='word_1_297' title='bbox 349 3796 437 3845; x_wconf 87' lang='lat' dir='ltr'>dalcl</span> <span class='ocrx_word' id='word_1_298' title='bbox 463 3798 548 3846; x_wconf 83' lang='lat' dir='ltr'>rltua</span> <span class='ocrx_word' id='word_1_299' title='bbox 572 3797 612 3845; x_wconf 84' lang='lat' dir='ltr'>dc</span> <span class='ocrx_word' id='word_1_300' title='bbox 638 3796 737 3845; x_wconf 88' lang='lat' dir='ltr'>robus</span> <span class='ocrx_word' id='word_1_301' title='bbox 754 3796 910 3844; x_wconf 81' lang='lat' dir='ltr'>ecclesiae</span> <span class='ocrx_word' id='word_1_302' title='bbox 934 3793 1137 3843; x_wconf 84' lang='lat' dir='ltr'>chaldaicae.</span> <span class='ocrx_word' id='word_1_303' title='bbox 1164 3816 1200 3826; x_wconf 90' lang='lat'><em>-</em></span> <span class='ocrx_word' id='word_1_304' title='bbox 1222 3790 1267 3841; x_wconf 84' lang='lat'>20</span> <span class='ocrx_word' id='word_1_305' title='bbox 1288 3792 1369 3841; x_wconf 74' lang='lat' dir='ltr'>uall</span> 
     </span>
     <span class='ocr_line' id='line_1_38' title="bbox 350 3870 1449 3945; baseline -0.004 -12"><span class='ocrx_word' id='word_1_306' title='bbox 350 3883 439 3933; x_wconf 86' lang='grc'>1895.</span> <span class='ocrx_word' id='word_1_307' title='bbox 1302 3890 1367 3945; x_wconf 85' lang='lat' dir='ltr'>pag.</span> <span class='ocrx_word' id='word_1_308' title='bbox 1417 3870 1449 3935; x_wconf 71' lang='grc'>64</span> 
     </span>
    </p>
   </div>
   <div class='ocr_carea' id='block_1_12' title="bbox 350 3974 1450 4409">
    <p class='ocr_par' dir='ltr' id='par_1_12' title="bbox 350 3974 1450 4409">
     <span class='ocr_line' id='line_1_39' title="bbox 385 3974 1448 4061; baseline -0.005 -16"><span class='ocrx_word' id='word_1_309' title='bbox 385 3974 696 4046; x_wconf 80' lang='lat' dir='ltr'>Benevolentissimum</span> <span class='ocrx_word' id='word_1_310' title='bbox 720 4008 791 4061; x_wconf 86' lang='lat' dir='ltr'>erga</span> <span class='ocrx_word' id='word_1_311' title='bbox 816 3990 980 4046; x_wconf 87' lang='lat' dir='ltr'>Orientales</span> <span class='ocrx_word' id='word_1_312' title='bbox 1010 3988 1138 4045; x_wconf 90' lang='lat' dir='ltr'>animum</span> <span class='ocrx_word' id='word_1_313' title='bbox 1165 3998 1289 4043; x_wconf 87' lang='lat' dir='ltr'>testatus</span> <span class='ocrx_word' id='word_1_314' title='bbox 1320 3984 1448 4048; x_wconf 78' lang='lat' dir='ltr'>Pontifex,</span> 
     </span>
     <span class='ocr_line' id='line_1_40' title="bbox 351 4069 1449 4145; baseline -0.007 -13"><span class='ocrx_word' id='word_1_315' title='bbox 351 4090 491 4134; x_wconf 89' lang='lat' dir='ltr'>memorat</span> <span class='ocrx_word' id='word_1_316' title='bbox 516 4096 548 4133; x_wconf 91' lang='lat' dir='ltr'>se</span> <span class='ocrx_word' id='word_1_317' title='bbox 578 4078 749 4135; x_wconf 88' lang='lat' dir='ltr'>electionem</span> <span class='ocrx_word' id='word_1_318' title='bbox 773 4078 841 4132; x_wconf 85' lang='lat' dir='ltr'>novi</span> <span class='ocrx_word' id='word_1_319' title='bbox 863 4077 1048 4133; x_wconf 88' lang='lat' dir='ltr'>Patriarchae</span> <span class='ocrx_word' id='word_1_320' title='bbox 1073 4075 1293 4145; x_wconf 87' lang='lat' dir='ltr'>Babylonensis,</span> <span class='ocrx_word' id='word_1_321' title='bbox 1316 4069 1449 4129; x_wconf 81' lang='lat' dir='ltr'>chaldaici</span> 
     </span>
     <span class='ocr_line' id='line_1_41' title="bbox 350 4162 1450 4235; baseline -0.007 -16"><span class='ocrx_word' id='word_1_322' title='bbox 350 4166 429 4231; x_wconf 88' lang='lat' dir='ltr'>ritus,</span> <span class='ocrx_word' id='word_1_323' title='bbox 444 4164 638 4232; x_wconf 84' lang='lat' dir='ltr'>confirmasse,</span> <span class='ocrx_word' id='word_1_324' title='bbox 651 4165 856 4234; x_wconf 82' lang='lat' dir='ltr'>vicariumque</span> <span class='ocrx_word' id='word_1_325' title='bbox 865 4165 903 4218; x_wconf 90' lang='lat' dir='ltr'>ad</span> <span class='ocrx_word' id='word_1_326' title='bbox 914 4162 1009 4235; x_wconf 88' lang='lat' dir='ltr'>ipsum</span> <span class='ocrx_word' id='word_1_327' title='bbox 1021 4164 1178 4233; x_wconf 87' lang='lat' dir='ltr'>deputasse</span> <span class='ocrx_word' id='word_1_328' title='bbox 1191 4162 1221 4217; x_wconf 87' lang='lat' dir='ltr'>in</span> <span class='ocrx_word' id='word_1_329' title='bbox 1233 4162 1411 4232; x_wconf 88' lang='lat' dir='ltr'>adjutorium,</span> <span class='ocrx_word' id='word_1_330' title='bbox 1420 4174 1450 4211; x_wconf 86' lang='lat' dir='ltr'>ac</span> 
     </span>
     <span class='ocr_line' id='line_1_42' title="bbox 352 4247 1449 4319; baseline -0.003 -16"><span class='ocrx_word' id='word_1_331' title='bbox 352 4251 520 4304; x_wconf 85' lang='lat' dir='ltr'>Amadiensi</span> <span class='ocrx_word' id='word_1_332' title='bbox 535 4251 684 4306; x_wconf 87' lang='lat' dir='ltr'>Ecclesiae</span> <span class='ocrx_word' id='word_1_333' title='bbox 694 4252 821 4307; x_wconf 85' lang='lat' dir='ltr'>univisse</span> <span class='ocrx_word' id='word_1_334' title='bbox 834 4253 996 4307; x_wconf 84' lang='lat' dir='ltr'>Akrensem</span> <span class='ocrx_word' id='word_1_335' title='bbox 1008 4252 1098 4319; x_wconf 77' lang='grc'>64-65</span> <span class='ocrx_word' id='word_1_336' title='bbox 1109 4278 1144 4289; x_wconf 89' lang='lat'>-</span> <span class='ocrx_word' id='word_1_337' title='bbox 1156 4250 1326 4305; x_wconf 87' lang='lat' dir='ltr'>Gratulatur</span> <span class='ocrx_word' id='word_1_338' title='bbox 1337 4247 1449 4319; x_wconf 83' lang='lat' dir='ltr'>Episco-</span> 
     </span>
     <span class='ocr_line' id='line_1_43' title="bbox 351 4334 1450 4409; baseline 0 -22"><span class='ocrx_word' id='word_1_339' title='bbox 351 4335 397 4404; x_wconf 90' lang='lat' dir='ltr'>pis</span> <span class='ocrx_word' id='word_1_340' title='bbox 409 4336 447 4388; x_wconf 91' lang='lat' dir='ltr'>de</span> <span class='ocrx_word' id='word_1_341' title='bbox 459 4335 562 4390; x_wconf 86' lang='lat' dir='ltr'>studiis</span> <span class='ocrx_word' id='word_1_342' title='bbox 582 4336 660 4391; x_wconf 88' lang='lat' dir='ltr'>initis</span> <span class='ocrx_word' id='word_1_343' title='bbox 679 4354 733 4409; x_wconf 92' lang='lat' dir='ltr'>pro</span> <span class='ocrx_word' id='word_1_344' title='bbox 745 4338 888 4393; x_wconf 83' lang='lat' dir='ltr'>chaldaici</span> <span class='ocrx_word' id='word_1_345' title='bbox 912 4336 1042 4393; x_wconf 87' lang='lat' dir='ltr'>Missalis</span> <span class='ocrx_word' id='word_1_346' title='bbox 1064 4336 1269 4407; x_wconf 83' lang='lat' dir='ltr'>recognitione,</span> <span class='ocrx_word' id='word_1_347' title='bbox 1288 4353 1397 4392; x_wconf 87' lang='lat' dir='ltr'>necnon</span> <span class='ocrx_word' id='word_1_348' title='bbox 1418 4334 1450 4389; x_wconf 88' lang='lat' dir='ltr'>de</span> 
     </span>
    </p>
   </div>
   <div class='ocr_carea' id='block_1_13' title="bbox 0 0 1564 4859">
    <p class='ocr_par' dir='ltr' id='par_1_13' title="bbox 0 0 1564 4859">
     <span class='ocr_line' id='line_1_44' title="bbox 0 0 1564 4859; baseline 0 1"><span class='ocrx_word' id='word_1_349' title='bbox 0 0 1564 4859; x_wconf 95' lang='lat' dir='ltr'> </span> 
     </span>
    </p>
   </div>
  </div>
 </body>
</html>
