3117 4859
222 998 237 1030 2
340 950 615 1028 itfflwffls
639 948 815 1030 cognitum
842 949 938 1013 vobis
964 958 1026 1026 est,
1040 949 1286 1032 cogitationum
1308 960 1343 1014 et
1357 970 1453 1015 cura·

199 1043 290 1160 'ff
340 1009 529 1329 Q
552 1073 625 1118 rum
643 1051 843 1118 Nostrarum
856 1061 988 1135 partem
1005 1073 1071 1117 non
1082 1054 1244 1137 exiguam
1273 1053 1352 1118 illuc
1378 1073 1452 1120 esse

504 1179 530 1254 p
552 1177 758 1234 conversam,
771 1169 809 1222 ut
824 1160 866 1222 ad
877 1159 961 1221 ovile
973 1161 1005 1222 in
1018 1167 1188 1242 potestate
1202 1157 1351 1239 positum
1362 1179 1450 1222 sum·

186 1211 316 1376 {iffi
550 1261 596 1324 mi
633 1263 778 1344 pastoris
802 1262 992 1328 animarum
1010 1263 1098 1326 lesu
1116 1261 1278 1327 Cffltlsrl
1294 1283 1450 1328 revocare

210 1389 317 1434 arcenus
342 1364 458 1429 devios
473 1384 642 1429 conemur.
660 1366 799 1430 Intento
815 1366 878 1430 hac
895 1367 928 1429 in
950 1387 985 1430 re
1010 1367 1135 1444 animo,
1150 1386 1219 1430 non
1236 1385 1357 1448 parum
1372 1387 1448 1430 con-

194 1451 315 1553 amala
341 1469 463 1533 ducere
479 1469 617 1534 salutari
634 1469 775 1534 consilio
802 1471 1044 1554 propositoque
1064 1469 1219 1535 arbitrati
1243 1488 1371 1548 sumus,
1387 1471 1447 1534 Ec·

164 1567 318 1673 Μῇξξῇαξζ
341 1573 463 1638 clesiae
486 1571 634 1657 effigiem
665 1595 704 1638 ac
735 1575 828 1641 velut
854 1575 1059 1639 lineamenta
1074 1575 1238 1639 describi:
1265 1576 1299 1639 in
1327 1575 1443 1658 quibus

165 1687 263 1732 lirinis·
342 1677 522 1761 praecipua
538 1679 808 1744 consideratione
823 1679 1024 1762 dignissima
1038 1678 1153 1743 unitos
1167 1689 1229 1759 est,
1239 1699 1343 1763 quam
1357 1682 1390 1743 in
1400 1699 1446 1754 ea,

342 1782 434 1846 velut
459 1781 591 1866 insigne
617 1785 767 1849 veritatis
794 1783 1008 1866 invictaeque
1022 1784 1165 1861 virtutis,
1180 1783 1315 1848 divinus
1330 1794 1441 1848 auctor

195 1897 317 1943 scelestae
342 1887 384 1949 ad
402 1887 663 1969 perpetuitatem
679 1887 857 1971 impressit.
874 1887 1022 1954 Multum
1040 1890 1073 1952 in
1094 1888 1299 1953 intuentium
1325 1886 1441 1951 animis

176 1957 316 2086 ‘'l’'ijsslf'i.
343 1990 457 2054 nativa
474 1988 647 2055 Ecclesiae
660 1991 875 2074 pulchritudo
886 1993 1082 2075 speciesque
1091 2011 1192 2075 posse
1203 1992 1306 2056 debet
1320 2009 1442 2073 :neque

166 2075 271 2180 ἔξω
342 2094 473 2158 abesta
494 2096 562 2159 veri
593 2096 822 2173 similitudine,
838 2097 911 2161 tolli
938 2097 1010 2160 eius
1037 2095 1326 2179 contemplatione
1351 2112 1444 2177 posse

342 2198 553 2263 inscientiam
569 2221 577 2278 ;
592 2201 703 2264 sanari
719 2201 896 2284 opiniones
912 2200 1014 2264 falsas
1029 2201 1353 2284 praeiudicatasque‚
1377 2217 1440 2262 ma·

341 2303 436 2367 xime
451 2306 541 2386 apud
568 2305 699 2388 eosqui
716 2325 783 2369 non
811 2325 872 2369 sua
898 2305 1048 2388 ipsorum
1075 2305 1175 2388 culpa
1202 2305 1235 2368 in
1253 2323 1363 2368 errore
1379 2322 1442 2364 ver·

341 2416 457 2471 sentur
472 2432 479 2472 :
495 2408 576 2491 quin
594 2409 662 2475 imo
675 2411 816 2474 excitari
833 2409 937 2474 etiam
953 2407 986 2472 in
1003 2409 1198 2473 hominibus
1214 2428 1316 2491 posse
1333 2406 1440 2471 Eccle

341 2511 411 2576 siae
427 2531 577 2577 amorem
604 2513 721 2596 utique
733 2513 876 2577 similem
893 2514 1035 2592 caritati,
1052 2534 1119 2596 qua
1134 2514 1243 2578 lesus
1256 2512 1441 2578 CHRISTUS

342 2636 418 2680 eam
456 2617 519 2681 sibi
555 2637 726 2700 sponsam,
751 2618 867 2681 divino
892 2637 1009 2682 cruore
1047 2620 1269 2700 redemptam,
1295 2613 1441 2699 optavit:

344 2717 496 2786 Christus
520 2721 639 2786 delexit
662 2721 849 2797 Ecclesiam,
863 2731 942 2785 etse
962 2722 1069 2803 ipsum
1095 2721 1241 2786 tradidit
1257 2733 1324 2804 pro
1346 2740 1384 2783 ea
1397 2718 1444 2799 (¹).

180 2847 315 2894 Adscen-
343 2825 541 2890 Reversuris
557 2828 599 2890 ad
616 2827 883 2893 amantissimam
900 2834 1086 2909 parentem,
1110 2835 1254 2890 autnon
1271 2824 1376 2909 probe
1390 2843 1440 2884 eo

165 2907 317 3012 {3ssssss
341 2930 472 3010 gnitam
489 2931 608 3008 adhuc,
624 2942 682 2995 aut
699 2930 819 2994 iniuria
839 2931 1017 3009 desertam,
1032 2931 1060 2994 si
1080 2931 1227 2994 reditum
1243 2938 1334 2994 stare
1348 2946 1439 3011 opor·

167 3025 315 3094 ‘illm
340 3042 412 3096 teat
423 3053 488 3097 non
501 3031 1445 3117 sanguinequidem.qu0ramenpretioestlasucnarsro

187 3085 312 3145 jubentur,

204 3158 245 3214 πρε
255 3143 318 3212 resse
342 3137 502 3218 quaesita,
518 3139 576 3202 sed
594 3139 708 3203 labore
724 3139 838 3222 aliquo
854 3139 1076 3220 molestiaque
1087 3137 1193 3201 multo
1205 3136 1249 3199 ad
1263 3136 1443 3218 perpetien-

162 3205 319 3380 pffirli
342 3240 423 3306 dum
436 3241 908 3328 leviore,saltem{perspicuum
920 3243 983 3307 erit
996 3262 1063 3306 non
1074 3242 1248 3307 voluntate
1258 3242 1408 3306 humana
1416 3237 1445 3300 id

182 3337 197 3368 ἴ
237 3337 249 3368 θ
277 3336 318 3369 um

216 3383 319 3428 mm,
342 3365 428 3409 onus
443 3345 582 3426 homini,
594 3348 653 3411 sed
669 3347 760 3411 iussu
777 3357 929 3431 nutuque
944 3347 1060 3410 divino
1075 3347 1283 3429 impositum,
1298 3345 1343 3409 ob
1359 3359 1442 3408 eam-

163 3444 260 3499 gratia.
342 3470 409 3532 que
424 3471 503 3529 rem,
519 3452 707 3535 opitulante
733 3452 842 3534 gratia
868 3452 1013 3528 caelesti,
1028 3449 1126 3516 facile
1150 3452 1330 3516 veritatem
1345 3468 1443 3531 expe·

343 3558 461 3620 riendo
473 3557 663 3639 intelligent
673 3557 809 3620 divinae
821 3556 891 3620 eius
902 3556 1237 3640 sententiae:Iugum
1248 3555 1338 3620 enim
1347 3572 1445 3619 meum

199 3686 253 3731 vam
265 3696 319 3748 per.
343 3669 556 3736 superasti!
569 3681 651 3723 onus
666 3681 772 3723 meum
798 3660 867 3724 leve
880 3659 932 3742 (2).
957 3657 1189 3742 Quamobrem
1213 3679 1274 3742 spe
1302 3659 1443 3723 maxima

200 3747 321 3864 {lm}
345 3763 378 3826 in
395 3763 500 3827 Patre
514 3763 679 3826 luminum
695 3764 851 3845 reposita,
867 3764 958 3827 unde
984 3783 1077 3827 omne
1098 3760 1215 3826 datum
1236 3763 1393 3844 optimum
1414 3769 1441 3823 ct

167 3865 319 3978 'rogatam
344 3888 437 3931 omne
447 3867 569 3931 donum
575 3869 755 3948 perfectum
768 3867 943 3932 descendit
959 3867 1012 3951 (³),
1028 3869 1071 3931 ab
1087 3887 1127 3930 co
1139 3866 1275 3943 scilicet,
1286 3867 1346 3948 qui
1352 3867 1442 3930 incre·

346 3979 489 4034 mentum
505 3969 567 4033 dat
580 3967 625 4054 (4)
641 3988 737 4066 unus,
752 3970 854 4035 enixe
879 3971 1035 4053 petimus,
1051 3981 1088 4034 ut
1105 3969 1212 4033 Nobis
1228 3970 1297 4032 vim
1319 3985 1440 4052 persua·

345 4070 446 4136 dendi
463 4073 632 4154 impertire
648 4069 796 4154 benigne
810 4074 900 4140 velit.

376 4253 545 4364 1.6Eplrer.‚v,
558 4265 594 4311 25.
615 4277 644 4286 -
671 4254 911 4312 a.1l{attlr.,x1,3o.
933 4279 963 4288 -
977 4269 999 4312 3
1024 4256 1082 4314 Ep..
1094 4255 1154 4307 Iac..
1169 4265 1186 4307 r,
1200 4268 1235 4311 17.
1259 4279 1288 4288 -
1314 4253 1367 4313 41.
1382 4252 1437 4300 Cor..

348 4329 387 4372 111,
414 4351 421 4363 ,
