3117 4859
381 388 601 453 UTRlUSQUE
626 387 852 438 VOLUMINIS.

96 542 205 601 unitate,
231 542 270 605 36.
286 568 319 579 -
338 540 477 591 Doctrinae
497 538 595 589 unitate

97 615 151 665 sola
160 613 277 665 Ecclesia
287 614 353 664 cath.
368 614 470 678 gaudet,
483 617 515 673 V,
534 610 594 672 278·

97 698 154 749 279.
165 715 198 725 —
209 687 302 739 Unitas
315 686 445 738 Ecclesiae
464 702 480 735 a
492 684 595 735 Christo

96 759 245 820 constituta,
258 763 303 821 Vi,
316 772 405 809 112.-
416 760 459 808 Ad
470 758 595 808 unitatem

97 834 180 885 redire
192 849 282 883 omnes
303 834 373 883 Deus
387 832 468 896 jubet,
492 830 546 895 156.
563 857 596 868 —-

95 908 139 958 Ad
166 908 291 956 unitatem
319 906 471 956 dissidentes
491 902 597 969 juvandi

96 988 155 1031 sunt
178 978 303 1029 charitate
320 977 469 1043 praesertim
492 984 516 1026 et
530 976 596 1027 uitae

98 1053 253 1104 christianae
262 1052 511 1117 exemp10,24.-Ex
524 1049 597 1100 Fidei

97 1127 196 1177 unitate
225 1129 358 1176 innumera
383 1124 501 1189 gentibus
530 1125 598 1174 bona

98 1201 204 1261 oritura,
216 1200 249 1259 V,
263 1197 380 1263 283-285.
400 1226 432 1235 -
454 1197 493 1249 Cf.
514 1198 598 1247 Dissi-

97 1274 190 1330 dmtes,
210 1273 331 1322 Ecclesia.

68 1344 260 1399 universitas.
287 1346 396 1395 Decreta
429 1345 461 1394 de
492 1342 599 1394 Clericis

99 1419 288 1542 &pirersitntes
303 1418 390 1469 civiles
401 1416 597 1477 celebrantibus,

138 1493 216 1557 ,316.

68 1564 204 1618 Urbanus
215 1566 312 1626 (VIH).
323 1562 492 1615 Seminarium
498 1561 600 1613 Vatica-

100 1654 161 1689 num
174 1638 293 1699 instituit,
306 1638 352 1699 Vl,
365 1650 483 1701 233-234.

68 1857 236 1911 Vaticanus
250 1859 297 1909 Cc.
307 1856 388 1907 Vatic.
400 1857 473 1907 Fidei
485 1864 600 1908 naturam

102 1934 216 1998 exponit,
231 1937 275 1992 Vl,
301 1943 347 1994 170
357 1948 365 1990 ;
377 1958 410 1967 -
430 1931 534 1995 eiusque
557 1932 601 1980 ob·

100 2007 197 2071 jectum
207 2005 306 2066 definit,
322 2014 376 2067 171.
386 2032 420 2040 -
429 2004 542 2069 Exponit
550 2020 602 2069 quo

100 2096 175 2131 sensu
194 2079 304 2129 dicenda
320 2078 352 2128 sit
373 2078 495 2127 revelatio
514 2093 601 2142 super-

104 2152 228 2211 naturalis
255 2153 370 2203 absolute
396 2150 544 2209 necessaria,
569 2156 600 2212 V,

103 2239 161 2277 200.
168 2227 252 2275 -Per
259 2227 387 2276 decretum
397 2224 496 2274 deviet
506 2224 603 2274 ratione

103 2302 229 2363 primatus
255 2301 288 2349 R.
313 2298 400 2357 Ptfcis,
431 2313 482 2346 non
511 2312 601 2345 nouam

102 2374 211 2424 asseruit
222 2373 378 2437 opinionem,
388 2372 431 2421 sed
443 2380 601 2421 constantem

104 2447 236 2498 Ecclesiae
249 2447 347 2505 Fidem,
371 2445 417 2504 Vl,
442 2442 556 2505 186-187.
570 2473 602 2481 -

104 2521 219 2586 Exponit
244 2519 384 2570 Ecclesiam
408 2533 452 2582 per
475 2534 501 2567 se
521 2518 602 2582 ipsam

104 2612 159 2645 esse
170 2594 295 2643 motivum
305 2590 490 2650 credibilitatis,
502 2591 534 2651 V,
544 2592 600 2642 216.

104 2696 137 2705 -
149 2670 267 2717 Renorat
280 2668 417 2717 Decretum
430 2665 484 2715 CC.
496 2665 564 2715 Flor.
579 2675 604 2716 et

106 2742 180 2791 Trid.
194 2742 227 2790 de
238 2742 325 2791 divina
335 2740 455 2789 librorum
476 2754 602 2789 sacrorum

108 2814 269 2875 auctoritate,
289 2827 351 2873 2213
375 2840 406 2850 -
431 2821 456 2861 et
474 2813 603 2863 decretum

108 2890 180 2938 Trid.
192 2888 224 2938 de
236 2905 296 2937 vero
309 2903 395 2937 eorum
405 2901 488 2944 sensu,
503 2898 559 2936 212.
573 2916 604 2925 -·

110 2962 245 3013 Seminarii
271 2960 389 3011 Vaticani
404 2958 477 3007 initia
493 2967 518 3009 et
526 2959 604 3009 incre·

108 3044 196 3086 menta
207 3032 433 3099 exponuntur,V1,
448 3043 606 3094 233·234;-

109 3120 136 3159 et
143 3124 219 3160 curae
226 3124 289 3174 quas
300 3109 326 3157 in
336 3108 418 3172 ipsum
423 3103 540 3155 Pontifex
547 3122 606 3156 con·

1100 388 1171 461 377

677 539 743 598 tulit,
756 548 872 602 234-235.
884 566 917 575 -
926 538 1010 603 ipsius
1020 539 1174 591 erectionem

678 620 702 661 et
710 612 764 675 ejus
773 612 845 671 plura
854 612 978 663 beneficia
990 612 1107 662 Pontifex
1115 629 1175 663 con·

679 684 771 746 firmat,
796 685 923 749 235·236;
949 714 983 722 -
1004 687 1177 751 nonnullaque

678 758 766 809 statuit
777 759 809 807 de
827 758 881 822 ejus
893 758 1015 823 regimine
1028 767 1053 810 et
1064 758 1176 824 discipli·

679 847 722 892 na,
736 832 854 895 237-238.

646 902 788 969 vrughan
810 906 898 966 (Card.
918 907 1067 967 lietbertus,
1098 908 1175 957 Arcb.

679 978 953 1040 Westmonasterien.).
967 980 1030 1030 Litt.
1043 981 1074 1029 ad
1094 978 1177 1045 ipsum

679 1054 712 1102 de
733 1053 897 1103 sublevandis
919 1053 1017 1104 clericis
1038 1054 1178 1118 anglicanis

680 1127 712 1175 ad
725 1126 815 1176 Fidem
826 1128 964 1188 conversis,
977 1131 1022 1186 Vl,
1038 1140 1092 1188 194.

648 1196 861 1251 vincentianos.
873 1200 1052 1250 Conferentiae
1062 1229 1095 1237 -
1109 1216 1175 1251 com·

681 1274 843 1333 mendantur,
856 1276 901 1334 VI,
917 1273 972 1342 ¹²8.-
985 1302 1017 1311 -
1030 1275 1060 1323 In
1073 1274 1179 1325 Oriente

681 1348 826 1413 erigendae,
839 1348 898 1397 ihu.

648 1420 778 1473 visconti
788 1421 907 1482 (Carolus
916 1421 1037 1481 Ludov.).
1050 1421 1179 1471 Laudatur

682 1497 714 1545 de
726 1512 753 1545 re
763 1495 874 1544 archeol.
891 1495 956 1544 bene
968 1495 1080 1554 meritus,
1094 1496 1138 1555 Vl,
1155 1508 1177 1543 r.

649 1568 785 1633 Vulgata.
799 1567 887 1617 Versio
899 1597 932 1604 —
943 1568 1048 1619 multum
1061 1567 1179 1619 diffundi·

683 1652 732 1701 tur,
746 1650 799 1692 arte
811 1640 913 1690 libraria
920 1641 1034 1703 inventa,
1044 1646 1076 1702 V,
1087 1652 1180 1702 207.-

683 1715 838 1766 Adhibenda
849 1714 876 1764 in
885 1715 1037 1765 lectionibus
1043 1716 1069 1767 S.
1074 1715 1179 1780 Script„

683 1802 740 1839 211.

650 1943 903 2011 wmhingtmum.
945 1944 1083 2009 Delegatus
1112 1944 1182 2008 Apo-

684 2021 788 2071 stolicus
811 2018 991 2083 Washingtoni
1020 2018 1180 2078 constitutus,

684 2093 717 2154 V,
733 2104 788 2158 157.
810 2122 841 2130 —
866 2094 977 2156 Lyceum
1001 2094 1068 2143 cath.
1091 2092 1179 2141 Wasb.

686 2170 811 2227 laudatur,
834 2176 859 2217 et
876 2176 1035 2231 exponuntur
1058 2165 1111 2229 ejus
1131 2173 1183 2215 stu·

687 2242 787 2292 diorum
799 2241 864 2291 ratio
873 2250 898 2290 et
908 2240 1030 2305 regimen,
1041 2243 1086 2301 VI,
1100 2240 1182 2302 15-16.

653 2314 887 2379 Waalringtonus
908 2314 1044 2374 (Americae
1067 2315 1182 2373 Praeses).

688 2390 817 2439 Laudatur
840 2389 874 2437 ob
893 2388 1045 2438 benevolum
1068 2386 1184 2452 religioni

686 2464 808 2522 animum,
820 2468 864 2522 Vl,
876 2474 914 2525 13.

654 2535 854 2588 Willibrorrlua
867 2537 905 2596 (S.
910 2539 927 2596 l.
942 2536 1104 2586 Neerlandiae
1116 2536 1184 2600 Apo·

687 2612 775 2671 stolus,
790 2616 833 2670 Vl,
849 2623 902 2661 112.

654 2684 762 2751 Wyart
777 2684 824 2745 (D.
836 2684 1001 2743 Sebastiam).
1014 2683 1186 2735 constituitur

687 2760 777 2809 Abbas
785 2759 910 2823 generalis
918 2756 985 2808 Ord.
995 2758 1057 2809 Cist.
1071 2759 1183 2810 Reform.

689 2833 718 2881 B.
735 2832 772 2881 Μ.
787 2837 817 2881 V.
831 2834 863 2883 de
874 2833 986 2897 Trappa,
999 2837 1031 2892 V,
1046 2841 1101 2895 155.

656 3028 889 3165 Ximen9e⁶leard
909 3029 1021 3089 Franci.
1042 3028 1181 3086 laudatur,

690 3108 748 3165 v,1
787 3137 794 3151 .
