3117 4859
323 388 391 460 ²52
421 391 538 444 uersa.
561 384 982 449 sucrcc.“can1rarrs
1007 400 1386 465 rnovrnaurraeour.
1407 378 1428 405 ¹’

319 538 429 604 debet.
456 540 607 605 Ecclesia
635 545 724 608 enim
752 546 929 625 catholica,
956 553 1046 630 quod
1064 551 1230 634 principio
1251 552 1430 617 docuimus

318 644 538 728 quotidieque
553 648 690 725 eminet,
706 650 753 712 sic
770 661 852 714 nata
868 651 1091 736 institutaque
1107 663 1168 732 est,
1183 665 1221 720 ut
1236 656 1430 719 civitatibus

319 757 353 810 et
383 750 527 829 populis,
558 751 639 815 nihil
672 754 858 818 admodum
899 757 1104 836 detrimenti,
1130 760 1189 823 sed
1223 758 1430 841 multiplices

319 870 398 914 vero
418 865 451 917 et
478 854 617 919 decoras
643 856 816 935 utilitates,
840 858 873 921 in
898 878 1007 923 rerum
1033 862 1136 924 etiam
1164 861 1356 925 mortalium
1372 880 1430 943 ge·

320 974 408 1035 nere,
424 978 595 1042 nunquam
613 980 679 1023 non
696 964 806 1043 pariat
823 963 975 1029 feliciter.

192 1076 221 1115 2⁰
234 1068 295 1145 (llos
363 1060 435 1125 Vos
451 1062 572 1127 deinde
588 1066 645 1147 qui
663 1068 696 1129 in
712 1066 842 1132 ditione
856 1069 937 1133 estis
949 1070 1084 1134 inclitae
1105 1070 1237 1134 Domus
1255 1069 1430 1133 Habsbur-

173 1133 297 1248 ,Am
319 1165 442 1243 gensis,
458 1177 612 1248 reputate
627 1169 750 1232 animis
766 1182 930 1255 quantum
947 1182 1093 1255 augusto
1119 1174 1330 1255 Imperatori,
1354 1172 1430 1235 reli·

143 1278 199 1377 εἴ
217 1264 294 1393 m
320 1266 429 1346 gionis
445 1271 556 1334 avitae
572 1272 827 1351 studiosissimo,
843 1275 1005 1339 debeatis.
1031 1276 1125 1340 lusta
1151 1277 1253 1359 igitur
1276 1278 1309 1340 in
1338 1276 1429 1340 Eum

166 1402 229 1443 „mr
240 1396 296 1445 ror·
321 1368 404 1433 tides
419 1386 620 1458 gratumque
636 1378 834 1460 obsequium
850 1379 1053 1444 luculentius
1076 1402 1096 1444 a
1112 1381 1207 1445 vobis
1223 1381 1257 1445 in
1273 1383 1346 1444 dies
1369 1402 1429 1464 pa-

144 1467 298 1588 Imffioss
321 1481 392 1535 teat
410 1496 416 1536 :
432 1486 547 1557 pateat
563 1478 711 1542 studium
729 1499 796 1543 non
822 1480 986 1545 dissimile
1011 1503 1050 1545 ea
1066 1482 1288 1565 persequendi
1302 1483 1432 1559 omnia,

167 1600 298 1654 praestent
321 1594 408 1655 quae
423 1580 465 1641 ad
483 1579 669 1646 catholicae
692 1583 864 1665 religionis
890 1586 1159 1650 incolumitatem
1186 1595 1222 1650 et
1244 1587 1347 1649 decus
1373 1583 1429 1647 vel

160 1656 295 1785 leem}
321 1680 388 1743 iam
404 1693 483 1748 sunt
494 1688 624 1768 optime
638 1688 822 1755 constituta
838 1690 889 1753 vel
906 1701 1061 1772 tempora
1076 1703 1110 1757 et
1127 1713 1178 1756 res
1193 1691 1332 1774 provide
1347 1708 1431 1752 con·

165 1788 296 1865 setu'gionrs
321 1785 490 1851 stituenda
506 1792 677 1855 suadeant.
694 1813 750 1843 -t
768 1793 1033 1859 Universitatem
1051 1795 1318 1870 cracoviensem,
1333 1803 1431 1856 vetu-

153 1854 295 1982 amm.
321 1897 408 1952 stam
436 1901 538 1975 atque
565 1894 711 1959 nobilem
735 1896 963 1963 doctrinarum
990 1902 1116 1976 sedern,
1142 1900 1239 1963 valde
1265 1906 1436 1979 'optamus

144 1992 292 2047 “fuam
321 1994 547 2075 integritatem
561 2007 594 2060 et
610 2001 850 2081 praestantiam
866 2002 951 2065 tueri
963 2022 1069 2081 suam,
1085 2012 1187 2085 atque
1198 2003 1300 2066 etiam
1313 2020 1435 2064 aemu-

174 2100 292 2175 Ι(Ιηίνιν-
319 2096 379 2160 lari
389 2098 505 2163 laudes
517 2102 635 2165 talium
648 2102 918 2183 Academiarum,
934 2126 1018 2188 quas
1030 2108 1170 2189 insignis
1180 2106 1433 2189 Episcoporum

155 2166 294 2279 ”5332
320 2222 398 2265 cura
411 2213 444 2267 et
461 2202 641 2270 liberalitas
658 2208 866 2289 privatorum
883 2228 949 2271 non
963 2229 1097 2290 paucas,
1107 2208 1297 2273 faventibus
1309 2205 1434 2284 Nobis,

169 2302 293 2410 mm
320 2326 378 2388 per
394 2306 476 2371 haec
486 2311 559 2391 ipsa
576 2321 728 2393 tempora
744 2314 915 2377 excitavit.
933 2312 1232 2397 Quemadmodum
1244 2312 1277 2374 in
1294 2309 1368 2385 illis,
1380 2309 1434 2372 ita

145 2433 258 2475 tueatur.
320 2408 353 2470 in
371 2418 488 2486 vestra,
504 2411 651 2475 sollertia
667 2411 780 2476 dilecti
804 2413 884 2476 -Filii
909 2414 1023 2477 Nostri
1048 2412 1237 2479 Cardinalis
1264 2410 1433 2494 Episcopi

321 2507 525 2585 moderante,
540 2512 758 2591 gravissimae
773 2533 928 2595 quaeque
944 2514 1227 2595 disciplinaecum
1240 2510 1307 2575 fide
1318 2510 1434 2573 amico

320 2607 453 2674 foedere
468 2620 635 2693 coeuntes,
651 2627 694 2693 et,
709 2628 873 2699 quantum
890 2619 934 2682 ab
949 2639 989 2682 ea
1015 2618 1150 2680 luminis
1176 2625 1373 2681 mutuantur
1394 2624 1434 2677 et

321 2710 496 2795 firmitatis,
511 2727 643 2785 tantum
656 2721 796 2785 subsidii
813 2723 855 2786 ad
870 2723 974 2805 ipsius
990 2721 1222 2785 defensionem
1239 2719 1433 2793 referentes,

320 2818 448 2881 utinam
481 2820 645 2886 iuventuti
676 2824 878 2888 lectissimae
903 2827 1012 2907 magis
1042 2826 1217 2907 magisque
1248 2823 1282 2886 in
1315 2833 1435 2904 partes

319 2941 437 2986 omnes
449 2926 515 2990 sint
532 2928 732 3008 profuturae.
744 2968 789 2979 -
803 2931 888 2995 Item
900 2942 1012 2995 vestra
1024 2928 1137 3011 magni
1148 2930 1308 2992 interesse
1318 2926 1433 3001 debet,

321 3028 446 3093 Nostra
461 3042 550 3096 certe
566 3033 710 3096 interest
723 3035 882 3109 maxime,
897 3036 1010 3115 vigere
1025 3034 1117 3116 apud
1148 3052 1209 3096 vos
1225 3032 1259 3095 in
1275 3031 1432 3095 omnium

187 3148 294 3199 Ordines
319 3134 571 3199 existimatione
601 3136 735 3199 ordines
765 3138 1036 3220 Religiosorum:
1073 3136 1143 3219 qui,
1168 3136 1301 3200 virtutis
1325 3154 1432 3217 quam

141 3214 293 3338 Μζξί’ἕζ’ζ;ζ.
320 3250 556 3304 consectantur
571 3241 776 3322 perfectione
791 3251 825 3304 et
841 3242 996 3305 doctrina
1010 3242 1104 3305 varia
1131 3239 1367 3321 fructuosoque
1394 3238 1434 3300 in

182 3346 233 3394 tari
240 3362 294 3423 (ton
319 3341 351 3403 in
369 3343 564 3406 excolendis
580 3344 700 3407 animis
717 3344 831 3408 labore
846 3346 1084 3422 commendati,
1099 3355 1275 3425 tamquam
1289 3360 1433 3423 appara-

156 3428 295 3539 qmfflf
320 3446 420 3508 tiores
435 3448 553 3530 copiae
564 3458 698 3529 praesto
714 3458 792 3511 sunt
810 3449 991 3525 Ecclesiae,
1008 3450 1124 3530 eisque
1139 3467 1208 3509 non
1225 3447 1335 3509 minus
1351 3444 1433 3507 civi-

142 3542 293 3591 cusiacus·
320 3557 371 3611 tas
402 3551 445 3612 ad
476 3550 713 3615 honestissima
742 3572 896 3635 quaeque
928 3553 1139 3617 adiutoribus
1168 3550 1308 3633 optimis
1338 3550 1433 3612 omni

161 3608 203 3664 les,
217 3614 240 3653 rt
252 3624 292 3655 no·
785 3653 793 3667 ,
858 3654 865 3667 ,
1066 3654 1105 3667 ..
1286 3650 1324 3664 ..

172 3673 294 3721 minutim
320 3658 472 3731 tempore
508 3672 568 3715 usa
598 3662 657 3716 est.
689 3652 970 3736 Nominatrmque
998 3652 1163 3717 Galrcram
1206 3658 1433 3732 respicientes,

144 3736 294 3853 nufflff
320 3775 451 3819 summa
463 3758 636 3822 voluntate
652 3761 889 3843 perantiquum
903 3778 1208 3823 commemoramus
1223 3756 1432 3821 Basilianum

225 3885 291 3945 nam,
320 3859 482 3937 ordinem,
497 3860 530 3924 in
547 3881 614 3942 quo
627 3862 847 3953 instaurando
864 3863 1045 3944 peculiaria
1062 3863 1230 3945 quaedam
1241 3859 1382 3924 consilia
1395 3868 1431 3922 et

175 3934 295 4049 ss‘m’f
319 3982 415 4025 curas
431 3963 629 4042 iampridem
649 3964 718 4045 Ipsi
742 3966 924 4048 posuimus.
942 3966 1020 4029 Non
1038 3966 1241 4029 mediocrem
1258 3964 1434 4026 enimvero

141 4062 193 4113 ‘¹⁰‘-
320 4067 468 4130 laetitiae
499 4066 642 4132 fructum
675 4068 751 4132 ideo
789 4071 950 4151 capimus,
981 4070 1073 4153 quod
1104 4068 1336 4152 expectationi
1373 4066 1431 4129 ille

320 4169 464 4234 Nostrae
479 4170 579 4233 alacri
593 4172 752 4253 religione
763 4173 1007 4250 obsecundans,
1017 4174 1135 4236 nititur
1148 4171 1250 4255 pleno
1264 4169 1370 4253 gradu
1385 4168 1430 4230 ad

319 4273 526 4354 superiorum
550 4284 740 4356 temporum
768 4275 919 4357 gloriam,
945 4295 1048 4358 quum
1072 4273 1233 4339 ecclesiae
1250 4272 1433 4337 Rutheuae

320 4375 433 4439 multis
445 4376 553 4440 modis
565 4377 680 4441 extitit
693 4377 858 4441 salutaris:
871 4378 966 4441 cuius
978 4378 1128 4442 eiusdem
1142 4376 1260 4440 salutis
1270 4375 1431 4457 auspicia,
