3117 4859
356 326 428 394 216
481 346 580 397 LlTT.
600 347 757 399 ENCYCL.
782 336 803 365 “
823 348 1323 400 1>tt0vttttsurtsslatusDeus⁸
1344 325 1361 353 ”

176 515 233 549 torn
247 515 264 547 a
275 498 329 575 Deo
354 520 467 564 sacrae
482 504 654 567 doctrinae
671 506 856 568 tradendae
872 505 958 567 ratio
974 516 1223 587 praeceptorem
1240 506 1455 569 commenda-

208 566 329 679 {imi
354 612 529 689 toremque
553 607 655 671 habet
682 608 917 690 theologorum
946 610 1139 691 principem,
1170 610 1375 692 Aquinatem
1393 609 1459 690 (¹):

190 696 328 759 praeprin-
355 711 411 791 qui
429 720 608 790 praeterea,
625 732 670 775 ex
686 711 749 775 hac
764 712 851 776 bene
867 724 1041 795 perspecta
1052 713 1253 777 christianae
1266 715 1457 795 theologiae

356 814 476 893 indole,
503 816 618 881 docuit
643 818 929 899 quemadmodum
958 817 1063 898 possit
1090 818 1270 900 theologus
1300 839 1361 881 sua
1384 820 1460 899 ipsa

176 876 332 991 aslbbiibb
357 919 528 1000 principia,
544 922 571 982 si
588 922 644 1001 qui
662 941 701 985 ea
718 920 803 984 sorte
819 922 1028 1004 impugnent,
1044 924 1150 986 tueri:
1170 938 1188 991 t
1206 924 1458 1005 Argumentan-

176 762 252 825 cipio.

170 1008 329 1135 ,millam
356 1024 400 1087 do
415 1027 563 1107 quidem,
578 1026 605 1088 si
622 1028 831 1091 adversarius
844 1026 969 1107 aliquid
986 1028 1150 1090 concedat
1165 1048 1291 1103 eorum,
1306 1047 1394 1109 quae
1404 1048 1462 1109 per

172 1136 330 1201 piatuerr'ab
355 1129 503 1193 divinam
536 1130 774 1194 revelationem
807 1130 997 1207 habentur;
1028 1130 1114 1192 sicut
1145 1150 1204 1209 per
1241 1130 1462 1192 auctoritates

206 1203 329 1327 ,ἷξέᾝ
355 1252 469 1296 sacrae
496 1232 689 1315 Scripturae
719 1235 933 1317 disputamus
958 1243 1080 1296 'contra
1112 1233 1310 1309 haereticos,
1340 1219 1374 1296 et
1404 1254 1463 1315 per

188 1334 330 1457 tffiffgq
355 1357 458 1401 unum
475 1338 652 1402 articulum
670 1348 787 1403 contra
802 1350 965 1420 negantes
981 1338 1091 1401 alium.
1107 1338 1142 1402 Si
1162 1358 1238 1400 vero
1255 1338 1462 1400 adversarius

195 1465 329 1512 naam.
356 1440 436 1503 nihil
453 1443 568 1505 credat
583 1464 698 1507 eorum
716 1464 802 1526 quae
826 1444 986 1507 divinitus
1013 1442 1211 1518 revelantur,
1228 1463 1294 1505 non
1312 1450 1463 1505 remanet

178 1530 275 1579 cedunt.
356 1544 501 1627 amplius
516 1547 571 1609 via
589 1548 632 1609 ad
651 1548 861 1627 probandum
877 1546 1035 1609 articulos
1052 1545 1127 1610 fidei
1147 1568 1205 1629 per
1222 1549 1381 1623 rationes,
1403 1546 1460 1608 sed

256 1707 332 1757 Ham
357 1650 398 1711 ad
421 1650 617 1714 solvendum
645 1652 801 1729 rationes,
816 1652 843 1713 si
861 1670 943 1733 quas
972 1651 1100 1714 inducit
1116 1662 1232 1714 contra
1254 1649 1354 1714 fidem
1374 1650 1462 1732 (²).›

188 1772 331 1821 sauctorum
356 1790 400 1801 -—
417 1754 665 1819 Providendum
682 1755 793 1837 igitur,
810 1768 846 1818 ut
870 1756 913 1819 ad
938 1756 1051 1819 studia
1084 1756 1206 1819 biblica
1227 1756 1465 1819 convenienter

180 1838 331 1968 ᾚὲζζζ
359 1859 510 1921 instructi
538 1860 726 1942 munitique
752 1862 991 1942 aggrediantur
1018 1861 1176 1938 iuvenes3
1193 1881 1234 1923 ne
1251 1862 1374 1923 iustam
1401 1861 1464 1923 fru-

179 1970 332 2083 sfflttqpoa
358 1974 503 2027 strentur
530 1986 635 2047 spem,
660 1986 733 2043 neu,
760 1966 852 2048 quod
877 1966 1024 2028 deterius
1051 1976 1112 2039 est,
1138 1964 1258 2027 erroris
1285 1964 1463 2027 discrimen

212 2051 331 2150 „{,'„„J
358 2068 491 2131 incaute
506 2071 658 2143 subeant,
675 2069 976 2132 Rationalistarum
1000 2070 1090 2150 capti
1108 2067 1251 2131 fallaciis
1267 2076 1465 2149 apparatae-

180 2165 333 2294 nem&
358 2191 423 2253 que
439 2172 549 2252 specie
574 2173 778 2237 eruditionis
796 2174 906 2237 Erunt
932 2184 1043 2236 autem
1069 2173 1200 2254 optime
1216 2174 1415 2254 comparati,
1430 2172 1466 2245 si,

213 2297 333 2371 colligant
358 2279 424 2357 qua
441 2276 649 2357 Nosmetlpsi
662 2281 921 2341 monstravimus
938 2289 971 2342 et
987 2279 1261 2360 praescripsimus
1277 2278 1339 2354 via,
1356 2276 1461 2358 philo·

186 2362 330 2410 uberrimos.
358 2381 497 2461 sophiae
506 2389 540 2443 et
552 2381 745 2463 theologiae
757 2383 1018 2461 institutionem,
1030 2385 1150 2447 eodem
1169 2383 1203 2447 S.
1219 2383 1354 2446 Thoma
1373 2383 1465 2455 duce,

190 2476 331 2591 aflagjai·
359 2482 512 2565 religiose
536 2484 699 2550 coluerint
725 2489 926 2571 penitusque
953 2488 1171 2569 perceperint.
1190 2487 1243 2550 lta
1260 2495 1350 2549 recte
1377 2487 1464 2548 ince-

225 2608 302 2655 n'rare
359 2587 449 2664 dent,
465 2608 568 2669 quum
591 2589 623 2651 in
641 2610 675 2653 re
692 2590 824 2669 biblica,
839 2604 911 2654 tum
929 2593 962 2655 in
979 2611 1019 2654 ea
1035 2591 1227 2672 theologiae
1245 2601 1339 2671 parte
1366 2610 1463 2670 quarn

182 2674 335 2787 Sggprt'pgn
351 2690 533 2773 positivam
549 2694 734 2770 nominant,
749 2694 781 2757 in
799 2705 940 2776 utraque
967 2694 1149 2758 laetissime
1166 2694 1380 2775 progressuri.

210 2830 336 2877 Remaner
404 2794 602 2858 Doctrinam
620 2795 821 2861 catholicam
850 2798 1001 2880 legitima
1017 2807 1051 2861 et
1067 2795 1194 2858 sollerti
1211 2814 1383 2857 sacrorum
1412 2793 1464 2855 Bi·

199 2894 335 3008 mm
360 2898 502 2963 bliorum
533 2900 808 2981 interpretatione
836 2904 1005 2985 probasse,
1035 2900 1243 2981 exposuisse,
1272 2898 1464 2972 illustrasse,

202 3024 335 3087 comprobe-
362 3003 503 3067 multum
530 3004 563 3067 id
588 3006 724 3087 quidem
752 3018 826 3071 est:
850 3008 955 3071 altera
978 3001 1237 3087 tamen,'eaque
1263 3014 1333 3067 tam
1358 3001 1464 3085 gravis

180 3099 262 3221 ff
272 3088 339 3203 {ff
363 3110 524 3172 momenti
540 3130 641 3191 quam
659 3113 769 3193 operis
794 3112 958 3189 laboriosi,
974 3132 1051 3193 pars
1078 3119 1241 3186 remanet,
1258 3118 1295 3171 ut
1319 3108 1463 3189 ipsorum

183 3220 335 3287 quintoli·
361 3214 542 3277 auctoritas
558 3214 688 3296 integra
710 3235 811 3297 quam
839 3216 1043 3278 validissime
1067 3222 1240 3277 asseratur.
1269 3212 1368 3294 Quod
1396 3210 1464 3293 qui-

211 3288 335 3414 {my
361 3318 437 3380 dem
456 3317 547 3379 nullo
563 3318 629 3380 alio
645 3326 745 3399 pacto
763 3319 861 3399 plene
878 3320 989 3382 licebit
1014 3320 1234 3399 universeque
1251 3316 1394 3397 assequi,
1406 3313 1465 3376 nisi

201 3418 335 3540 “ttjffl
361 3440 405 3483 ex
421 3422 497 3484 vivo
513 3432 546 3483 et
562 3422 697 3503 proprio
714 3424 909 3505 magisterio
935 3422 1107 3485 Ecclesiae
1123 3444 1130 3500 ;
1145 3442 1232 3503 quae
1251 3431 1316 3500 per
1338 3440 1373 3481 se
1389 3418 1465 3499 ipso,

204 3564 268 3612 quae
279 3548 335 3611 qut·
359 3524 397 3587 ob
411 3546 507 3587 suam
523 3536 632 3605 nempe
646 3524 877 3589 admirabilem
885 3528 1164 3608 propagationem,
1179 3524 1335 3586 eximiam
1349 3519 1465 3585 sancti·

185 3612 335 3727 bilbili
361 3638 460 3690 tatem
475 3638 507 3690 et
521 3628 749 3692 inexhaustam
766 3629 801 3692 in
820 3631 969 3695 ornatibus
995 3628 1343 3711 bonissecunditatem,
1358 3625 1394 3688 ob
1417 3644 1464 3687 co·

185 3745 240 3821 ripa
259 3744 336 3820 creat·
362 3730 512 3794 tlzolicam
527 3732 699 3811 unitatem,
716 3734 934 3817 invictamque
959 3735 1181 3807 stabilitatem,
1198 3750 1356 3812 magnum
1371 3726 1464 3810 quod-

186 3811 302 3858 M‘mm'
361 3836 439 3899 dam
454 3846 683 3918 etperpetuum
698 3848 746 3901 est
761 3838 920 3901 motivum
946 3835 1176 3901 credibilitatis
1198 3850 1229 3896 et
1243 3832 1379 3895 divinae
1392 3848 1465 3892 suae

251 3976 337 4035 mum
362 3938 532 4021 legationis
547 3938 769 4003 testimonium
782 3940 1012 4023 irrefragabile
1027 3940 1079 4024 (³).
1096 3938 1267 4021 Quoniam
1290 3955 1369 3998 vero
1385 3933 1464 3996 divi·

198 4040 337 4168 wrm
363 4065 443 4107 num
475 4052 508 4106 et
538 4043 711 4107 infallibile
738 4046 967 4127 magisterium
1001 4044 1180 4121 Ecclesiae,
1204 4042 1237 4104 in
1269 4039 1464 4103 auctoritate

187 4171 336 4233 inScrzpru-
363 4148 464 4210 etiam
492 4167 605 4209 sacrae
637 4147 829 4228 Scripturae
858 4151 1020 4225 consistit,
1048 4148 1145 4210 huius
1177 4153 1353 4227 propterea
1387 4140 1464 4204 fides

219 4251 250 4284 ra
260 4241 338 4284 atram
394 4292 414 4325 Ι.
425 4278 519 4324 summ·
533 4279 612 4331 theol„
625 4292 647 4337 p·
663 4291 682 4333 Ι,
695 4292 719 4338 q·
734 4292 754 4332 1,
767 4290 789 4323 a
799 4287 813 4334 5
823 4277 857 4321 ad
867 4290 888 4321 2
901 4300 932 4309 -
946 4290 968 4321 2.
987 4274 1060 4326 thid..
1079 4287 1101 4318 a.
1120 4274 1141 4317 8.
1160 4295 1189 4304 -
1204 4283 1226 4328 3.
1243 4270 1319 4315 Cone.
1337 4267 1391 4312 Vat
1409 4276 1462 4311 sera

363 4356 402 4400 nr,
420 4360 440 4393 e
459 4354 499 4397 ur,
510 4344 605 4404 depae
