3117 4859
189 429 193 435 1
299 366 372 429 ,ΒΕ
400 364 523 415 REBUS
551 362 855 414 ECCLESlAS'l'ICIS
883 361 1084 413 POLONIAE.
1187 361 1258 431 253

146 516 393 598 Episcoporum
410 513 585 595 vigilantia
601 526 634 576 et
650 522 843 577 curatorum
860 511 1032 588 industria,
1049 512 1114 573 iarn
1129 530 1172 573 ex
1186 512 1261 592 ipso
1302 535 1428 622 MAqTII

147 621 368 703 praeclariora
384 621 418 682 in
444 620 516 682 dies
541 621 778 682 nitescunt.—
796 616 864 680 Hic
890 628 1002 679 autem
1032 616 1192 698 quoniam
1218 616 1261 679 de
1329 634 1403 697 1894

148 724 316 788 Ruthenis
328 723 447 787 incidit
460 722 596 800 mentio,
612 740 688 786 earn
701 720 802 785 sinite
813 722 972 784 iteremus
982 719 1262 794 cohortationem,
1372 748 1438 799 em„

149 838 186 891 ut
202 847 261 890 vos
277 846 353 890 cum
370 826 460 907 ipsis,
477 845 682 909 quamquam
700 824 869 908 originum
887 824 1079 906 rituumque
1091 821 1261 892 dissimili·
1280 813 1418 940 im?

149 931 233 993 tudo
263 930 457 1006 intercedat,
484 929 608 992 arctius
632 928 827 993 voluntates
853 927 1089 1009 amantiusque
1119 926 1263 999 societis,
1288 946 1418 995 concordia

148 1044 248 1119 prout
263 1054 321 1098 eos
344 1035 508 1098 condecet
535 1053 620 1116 quos
649 1034 835 1115 regionum,
862 1032 1018 1108 civitatis,
1044 1032 1263 1113 maximeque
1280 1008 1407 1124 {w}

149 1138 228 1203 fidei
243 1140 350 1203 sociat
374 1139 577 1203 communio.
596 1137 670 1201 Hos
696 1138 787 1201 enim
813 1138 898 1202 sicut
928 1135 1081 1201 Ecclesia
1106 1136 1260 1198 beneme.
1288 1140 1440 1219 κριιιῑςςιι-

150 1255 262 1307 rentes
277 1242 424 1306 habetet
437 1241 547 1323 diligit
562 1241 660 1319 filios»,
675 1243 791 1323 eisque
807 1240 977 1323 legitimas
1002 1239 1262 1304 consuetudines
1288 1207 1415 1333 2⁶2&

151 1371 190 1415 ac
207 1350 290 1414 ritus
305 1349 458 1432 proprios
470 1350 614 1432 sapienti
630 1350 771 1413 consilio
784 1349 958 1431 permittit,
976 1368 1042 1412 non
1071 1348 1168 1412 aliter
1194 1367 1263 1419 vos,
1290 1337 1441 1452 'wate-

151 1454 376 1537 praecedente
391 1454 489 1531 clero,
499 1454 547 1516 sic
560 1454 683 1517 habete
699 1462 733 1517 et
749 1453 849 1517 colite
866 1462 903 1517 ut
918 1453 1045 1529 iratres,
1061 1471 1203 1534 quornm
1220 1451 1264 1515 sit
1288 1419 1358 1545 ital
1368 1485 1397 1545 qa

151 1578 210 1621 cor
227 1578 328 1620 unum
346 1570 379 1621 et
395 1560 508 1649 anima
525 1579 601 1633 una,
625 1578 666 1621 eo
690 1558 827 1621 demum
853 1556 1130 1639 conspirantium,
1156 1556 1263 1619 utoni
1289 1534 1381 1584 dm·

152 1661 230 1725 Deo
246 1670 280 1725 et
296 1660 446 1725 Domino
461 1660 685 1744 amplificetur
701 1662 818 1744 gloria,
833 1660 1000 1742 simulque
1013 1659 1137 1724 fructus
1153 1660 1263 1723 omnis

151 1764 300 1827 iustitiae
316 1765 580 1847 multiplicentur
597 1766 633 1828 in
641 1761 869 1847 pulcritudine
872 1763 974 1846 pacis.

198 1866 334 1931 Libenti
350 1869 475 1951 pariter
490 1868 605 1932 animo
621 1869 809 1932 orationem
825 1869 868 1930 ad
886 1887 946 1931 vos
956 1867 1193 1945 convertimus,
1206 1869 1264 1950 qui
1338 1885 1371 1940 3⁰
1384 1879 1444 1928 Illis

152 1971 359 2053 provinciam
371 1970 753 2035 incolitianesnensem
768 1982 801 2033 et
813 1969 1265 2053 Posnaniensem.Siquidem
1290 1944 1402 2057 {1⁴25ss
1402 1973 1410 1982 '

153 2076 219 2139 hoc
244 2076 330 2139 inter
345 2086 455 2139 cetera
479 2088 613 2158 gratum
629 2087 680 2141 est
707 2074 883 2150 recordari,
907 2075 1195 2156 quemadmodum
1221 2097 1265 2138 ex
1292 2076 1401 2188 iqbfleviv

154 2179 284 2244 civibus
305 2181 386 2263 ipsis
412 2182 539 2258 vestris,
555 2181 707 2243 omnium
734 2188 771 2243 ut
798 2189 894 2244 erant
920 2188 1008 2257 vota,
1034 2180 1077 2243 ad
1103 2178 1265 2243 illustrem
1288 2148 1445 2269 {aimus

154 2284 263 2347 sancti
279 2283 458 2347 Adalberti
479 2285 593 2347 sedem
611 2285 718 2347 virum
736 2284 912 2347 eveximus
928 2284 1268 2365 pietate,prudeotia,
1293 2272 1413 2336 Pormfex

155 2390 297 2452 caritate
313 2388 488 2453 eximium.
505 2386 642 2451 Gratius
665 2398 715 2453 est
740 2397 854 2451 autem
872 2387 995 2465 videre,
1010 2407 1078 2471 qua
1104 2408 1164 2451 vos
1189 2389 1267 2453 obe·
1292 2337 1444 2453 faloam»-

155 2501 293 2577 dientia,
309 2520 377 2584 quo
388 2520 502 2563 amore
518 2501 754 2583 gubernationi
771 2502 843 2564 eius
859 2502 933 2563 miti
946 2521 1175 2584 operosaeque
1187 2523 1267 2566 una·
1294 2484 1411 2583 {sz

156 2606 239 2668 nimi
255 2604 432 2668 studeatis:
444 2624 488 2665 ex
502 2625 568 2687 quo
581 2625 658 2667 vere
674 2604 889 2685 sperandum,
900 2606 1070 2687 religionis
1083 2607 1269 2671 catholicae
1297 2600 1437 2679 Gnesnpgsr

156 2718 284 2772 statum
310 2706 379 2771 iore
404 2710 494 2789 apud
522 2729 582 2772 vos
606 2708 702 2773 bonis
729 2710 883 2773 auctibus
910 2710 1062 2792 quotidie
1088 2709 1268 2774 laetiorem.
1289 2672 1429 2730 ‘mm'

159 2812 291 2879 Eadem
307 2832 386 2877 vero
401 2833 478 2895 spes
494 2833 562 2894 quo
579 2814 687 2895 magis
709 2811 893 2877 affirmetur
919 2814 1113 2896 optatisque
1138 2814 1270 2896 plenius

157 2916 369 2997 respondeat,
380 2936 446 2981 non
458 2917 531 2980 sine
541 2936 659 2980 caussa
670 2916 823 2980 iubemus
835 2936 894 2981 vos
908 2919 1145 3000 magnanimae
1156 2921 1270 3002 aequi·
1295 2883 1446 2997 mim}

158 3022 220 3084 tati
236 3018 404 3083 confidere
415 3016 616 3083 serenissimi
635 3021 873 3103 Imperatoris;
889 3022 983 3084 cuius
1007 3032 1178 3102 praeterea
1195 3042 1270 3103 pro·
1295 3014 1449 3128 ildoinus&

158 3144 300 3207 pensam
313 3126 346 3189 in
363 3146 423 3189 vos
439 3147 479 3191 ac
494 3126 693 3190 benevolam
711 3137 862 3190 mentem
880 3147 926 3190 ex
945 3127 1024 3209 Ipso
1040 3147 1153 3191 coram
1179 3126 1269 3190 haud
1296 3145 1435 3194 volemissi·

158 3228 262 3293 semel
294 3232 519 3312 pernovimus,
542 3251 624 3295 sane
652 3231 845 3296 adiuturam
874 3232 979 3310 vobis,
1009 3232 1043 3294 in
1070 3230 1272 3294 verecundia
1298 3226 1377 3261 mum.

159 3332 283 3416 legum,
300 3335 333 3398 in
346 3337 507 3418 omnique
522 3347 612 3400 recte
625 3335 791 3401 sactorum
808 3337 990 3401 christiana
1006 3336 1106 3399 laude
1121 3352 1271 3419 perseve-

160 3440 323 3503 rantibus.

206 3542 314 3619 Haec,
339 3542 558 3607 Venerabiles
584 3544 728 3623 Fratres,
753 3544 961 3627 praescripta
992 3553 1026 3607 et
1056 3543 1272 3609 hortamenta
1379 3574 1449 3623 Haec

160 3646 319 3729 gregibus
346 3648 487 3729 quisque
512 3650 631 3711 vestris
657 3650 704 3713 sic
733 3649 895 3714 nuntietis
920 3650 1071 3727 velimus,
1098 3658 1136 3713 ut
1162 3654 1273 3715 vestra
1299 3640 1444 3755 mm

162 3750 264 3814 etiam
281 3750 384 3831 opere
400 3750 620 3815 fructuosiora
636 3753 805 3817 eveniant.
823 3753 863 3816 ln
879 3753 931 3817 his
956 3762 1144 3837 agnoscant
1172 3754 1272 3817 caris·
1300 3772 1452 3820 inculcanda

161 3854 237 3917 simi
256 3852 313 3917 lilii
329 3874 431 3938 quam
449 3876 574 3938 magno
590 3858 738 3938 ipsorum
754 3859 865 3940 gratia
892 3857 1015 3922 affectu
1043 3856 1194 3921 caritatis
1221 3878 1274 3921 ur·
1299 3838 1452 3902 mmm

162 3978 281 4040 gemus
295 3980 304 4038 ;
318 3960 401 4024 haec
418 3970 530 4024 autem
558 3963 630 4044 ipsi,
647 3973 683 4027 ut
699 3964 952 4045 optatissimum
978 3962 1087 4027 Nobis
1115 3973 1176 4040 est,
1202 3964 1275 4046 pari

163 4064 331 4145 accipiant
346 4063 560 4130 observantia
576 4076 609 4131 et
626 4068 761 4150 pietate.
777 4060 877 4152 'Quae
892 4068 1029 4151 quidem
1043 4070 1071 4131 si
1087 4068 1277 4151 diligenter,
1303 4094 1342 4147 ut,
1359 4086 1393 4135 iis
1403 4101 1453 4135 ser-

165 4166 198 4229 id
215 4166 305 4249 quod
323 4188 384 4249 pro
400 4176 491 4231 certo
506 4169 680 4248 habemus,
707 4182 969 4256 constanterque
1000 4172 1174 4249 coluerint,
1200 4192 1276 4254 pro·
1302 4154 1434 4279 maa}-

165 4268 255 4332 fecto
271 4280 430 4353 poterunt
446 4292 550 4353 quum
564 4272 640 4335 fidei
655 4294 699 4338 ex
716 4284 908 4358 temporum
937 4276 1102 4355 gravitate
1130 4274 1277 4356 pericula
1302 4285 1344 4333 des
1355 4284 1455 4344 integra

167 4372 344 4449 declinare,
354 4383 426 4438 tum
437 4384 569 4456 patrum
583 4376 815 4443 memorabilia
826 4379 948 4442 decora
957 4377 1135 4453 custodire,
1144 4377 1276 4439 animos
1299 4352 1449 4414 mm
