3117 4859
309 318 381 404 296
435 335 616 387 srrsronn
635 334 845 402 nncrctrcs
866 323 886 354 ¹⁸
906 336 1081 391 tucuuua
1100 336 1261 389 seusun.
1282 312 1300 341 ”

306 482 404 546 rebus
416 483 667 549 considerandis
681 485 1019 570 contemplandisque
1035 488 1081 551 ita
1097 494 1255 565 versetur,
1265 493 1303 551 ut
1312 486 1418 551 etiam

305 587 508 653 documenta
522 589 634 671 capiat
650 589 797 654 melioris
821 590 910 654 vitae
925 591 1102 675 omnisque
1126 591 1289 655 alimenta
1310 590 1419 673 pieta·

304 690 356 754 tis
373 690 494 773 Neque
508 692 598 756 enim
624 692 743 757 iisdem
760 692 859 757 rebus
883 696 990 757 maius
1002 694 1186 777 quidquam
1197 703 1256 759 aut
1271 695 1418 759 admira-

304 792 403 857 bilius
419 803 480 873 est,
496 795 529 858 in
545 795 668 879 quibus
684 795 762 861 fidei
781 797 984 863 christianae
1007 800 1147 864 vertitur
1163 818 1296 863 summa
1309 821 1317 878 ;
1332 818 1418 884 qua-

305 919 377 964 rum
394 899 519 965 lumine
530 920 571 965 ac
586 902 717 980 virtute,
733 903 855 967 veritas
865 914 899 969 et
910 904 1037 969 iustitia
1053 915 1087 970 et
1102 924 1183 987 pax,
1198 924 1287 969 novo
1299 906 1331 967 in
1348 914 1416 969 ter-

305 1003 348 1066 ris
360 1023 468 1067 rerum
484 1004 602 1069 ordine
611 1005 872 1090 laetissimisque
887 1027 963 1071 cum
983 1007 1155 1085 fructibus,
1170 1018 1417 1091 processerunt.

136 1118 279 1169 [mauram
304 1144 348 1157 -
363 1106 449 1172 Cum
464 1107 529 1172 hoc
544 1107 626 1173 illud
642 1108 808 1187 cohaeret,
820 1111 1107 1194 quemadmodum
1119 1111 1258 1176 eaedem
1270 1128 1322 1175 res
1338 1130 1415 1194 gra·
1439 1120 1444 1129 “

157 1188 279 1304 ζζξξζαᾞ
303 1211 458 1275 vissimae
473 1211 656 1277 cultoribus
673 1214 807 1279 Rosarii
823 1225 1057 1297 proponantur
1071 1236 1130 1294 ;eo
1140 1215 1297 1280 videlicet
1309 1217 1417 1281 modo

119 1314 279 1394 Missua!
303 1316 359 1397 qui
376 1315 519 1397 ingeniis
541 1316 593 1381 vel
620 1316 833 1383 indoctorum
861 1320 1117 1385 accommodate
1143 1319 1330 1385 conueniat.
1347 1318 1416 1384 Est

125 1381 278 1496 mdffl²³
302 1420 391 1483 enim
408 1422 454 1484 sic
485 1422 688 1500 institutum,
711 1443 778 1487 non
800 1424 897 1506 quasi
931 1434 1164 1508 proponantur
1194 1424 1306 1507 capita
1331 1424 1415 1489 fidei

300 1525 539 1609 doctrinaeque
564 1527 817 1607 consideranda,
847 1528 905 1593 sed
937 1528 1050 1613 potius
1082 1530 1186 1594 veluti
1216 1529 1415 1613 usurpanda

298 1628 404 1692 oculis
416 1630 506 1694 lacta
520 1640 555 1695 et
566 1630 742 1696 recolenda
755 1650 860 1716 :quae
872 1632 989 1697 iisdem
1007 1631 1076 1696 sere
1091 1642 1193 1716 atque
1215 1634 1414 1698 acciderunt

298 1731 389 1811 locis,
404 1736 620 1817 temporibus,
635 1735 796 1818 personis,
814 1735 938 1812 oblata,
955 1754 996 1800 eo
1020 1736 1128 1819 magis
1145 1745 1262 1801 tenent
1277 1734 1413 1801 animos

299 1835 478 1920 utiliusque
505 1847 711 1919 permovent.
740 1836 841 1921 Quod
873 1847 987 1902 autem
1018 1838 1139 1903 haeca
1166 1838 1290 1903 teneris
1306 1839 1413 1923 vulgo

297 1949 376 2003 sunt
390 1940 497 2005 indita
513 1942 635 2005 animis
650 1954 683 2005 ct
700 1942 872 2023 impressa,
888 1940 965 2004 ideo
981 1940 1076 2019 fitur,
1093 1930 1233 2024 singulis
1249 1943 1411 2005 enuncia-

297 2043 340 2103 tis
358 2044 533 2124 mysteriis,
548 2046 699 2127 quisquis
715 2064 793 2107 vere
808 2056 859 2108 est
874 2045 992 2108 orandi
1008 2043 1188 2121 studiosus,
1204 2043 1296 2107 nulla
1312 2064 1409 2127 pror·

297 2165 353 2207 sus
369 2146 576 2229 imaginandi
592 2149 819 2225 contentione,
834 2148 893 2213 sed
905 2148 1004 2213 obvia
1016 2149 1222 2230 cogitatione
1238 2156 1273 2212 et
1282 2146 1410 2211 affectu

298 2270 357 2333 per
372 2272 411 2314 ea
426 2253 600 2328 discurrat,
622 2253 824 2335 abundeque
851 2254 913 2317 sibi
931 2252 1082 2328 imbibat,
1098 2252 1261 2335 largiente
1290 2252 1413 2329 Maria,

167 2382 272 2445 Am„
299 2375 405 2418 rorem
421 2358 549 2437 gratiae
575 2377 747 2439 supernae.
764 2392 807 2406 -
832 2356 912 2421 Alia
939 2364 990 2420 est
1018 2364 1190 2439 praeterea
1218 2355 1292 2419 laus
1318 2374 1409 2439 quae

131 2460 147 2493 ‘²
157 2446 273 2570 blesum
298 2461 486 2542 acceptiora
512 2461 602 2542 apud
620 2463 727 2544 ipsam
744 2482 784 2524 ea
800 2471 887 2524 serta
904 2458 1005 2525 iaciat
1021 2470 1056 2524 et
1072 2460 1223 2541 praemio
1239 2460 1404 2543 digniora

119 2576 272 2627 mersimus
299 2560 412 2644 Quum
429 2566 518 2627 enim
551 2575 682 2628 ternum
714 2566 949 2648 mysteriorum
974 2562 1127 2628 ordinem
1155 2564 1211 2647 pid
1242 2563 1406 2629 memoria

131 2643 271 2766 {n'fflssjj
298 2666 506 2748 replicamus,
522 2667 599 2732 inde
622 2670 775 2734 testatior
791 2689 810 2732 a
828 2669 924 2732 nobis
947 2678 1044 2731 extat
1059 2676 1177 2749 gratae
1200 2686 1279 2751 erga
1295 2668 1407 2749 ipsam

119 2773 273 2851 riumcoten-
297 2766 430 2833 affectio
440 2769 622 2835 voluntatis
640 2792 648 2850 ;
665 2772 711 2835 ita
728 2771 884 2835 nimirum
898 2770 1142 2853 profitentibus,
1158 2789 1330 2853 nunquam
1341 2790 1408 2835 nos

140 2843 272 2963 :aff
296 2872 425 2953 expleri
456 2873 695 2938 beneficiorum
727 2874 968 2950 recordatione,
998 2873 1120 2956 quibus
1151 2872 1294 2937 salutem
1330 2874 1409 2956 ipsa

148 2984 199 3030 ,qno
210 2969 269 3019 ture
296 2983 443 3039 nostram
456 2976 651 3058 inexplebili
667 2990 718 3041 est
733 2978 873 3041 caritate
885 2976 1073 3059 complexa.
1090 2976 1276 3051 Tantarum
1288 2986 1405 3043 autem

113 3034 270 3161 geum
297 3091 515 3146 monumenta
536 3102 643 3144 rerum
661 3082 851 3164 frequenter
868 3081 900 3143 in
917 3082 987 3145 eius
1000 3090 1182 3164 conspectu
1210 3081 1409 3165 diligenter·

132 3162 271 3291 d‘p'ss‘ssshfif
295 3204 360 3265 que
390 3185 565 3262 celebrata,
590 3186 647 3248 vix
669 3185 868 3250 adumbrare
895 3184 1077 3269 cogitando
1108 3204 1286 3267 possumus
1311 3184 1407 3267 quali

185 3296 270 3373 beuter
295 3287 428 3353 beatam
444 3291 549 3370 ipsius
564 3291 711 3352 animam
729 3308 833 3371 usque
850 3309 957 3352 novae
972 3288 1120 3353 laetitiae
1136 3287 1311 3370 voluptate
1327 3308 1406 3370 per·

116 3360 226 3410 “M''
294 3390 447 3467 fundant,
462 3405 495 3456 et
507 3414 592 3476 quos
608 3395 692 3457 inea
707 3412 823 3457 sensus
836 3394 1043 3457 exsuscitent
1056 3392 1288 3474 providentiae
1301 3392 1404 3456 bene·

294 3495 513 3580 ficentiaeque
530 3508 707 3561 maternae.
725 3498 841 3579 Atque
856 3500 942 3561 adeo
966 3516 1010 3559 ex
1027 3496 1145 3559 iisdem
1163 3496 1402 3561 recordationi·

258 3638 262 3641 -
292 3598 355 3663 bus
366 3604 589 3686 consequitur,
602 3615 637 3666 ut
653 3604 847 3687 imploratio
859 3614 974 3666 nostra
985 3600 1269 3664 vehementiorem
1283 3620 1401 3683 quem·

291 3707 370 3768 dam
383 3708 534 3770 ardorem
551 3710 719 3791 concipiat
735 3717 769 3771 et
786 3709 852 3771 vim
867 3708 983 3771 induat
994 3705 1193 3770 obsecrandi
1207 3704 1273 3768 :sic
1290 3704 1407 3788 plane,

291 3816 328 3870 ut
343 3818 425 3889 quot
455 3810 649 3892 singulatim
667 3813 881 3875 revolvuntur
899 3811 1066 3891 mysteria,
1090 3808 1233 3872 totidem
1255 3806 1404 3871 subeant

290 3911 529 3975 obsecrationis
554 3927 762 3996 argumenta,
777 3933 859 3977 sane
874 3912 964 3996 apud
983 3911 1162 3993 Virginem
1189 3920 1401 3993 quantopere

290 4013 440 4077 valitura
470 4013 603 4097 Nempe
633 4016 676 4079 ad
705 4029 738 4079 te
758 4015 984 4098 confugimus,
1007 4024 1125 4077 sancta
1151 4012 1216 4078 Dei
1250 4013 1404 4079 Parens:

291 4116 428 4179 miseros
446 4116 563 4180 Hevae
579 4116 665 4181 filios
682 4140 723 4181 ne
744 4120 939 4201 despexeris
957 4118 963 4180 l
982 4116 1031 4180 Te
1048 4136 1216 4199 rogamus,
1233 4116 1405 4182 Concilia-

289 4217 358 4281 trix
368 4218 483 4283 salutis
500 4230 634 4285 nostrae
649 4242 755 4304 aeque
783 4232 904 4303 potens
919 4230 953 4284 et
968 4220 1115 4283 clemens
1131 4241 1139 4298 ;
1154 4231 1197 4298 te,
1213 4240 1274 4302 per
1288 4221 1398 4283 suavi·

289 4333 393 4385 tatem
406 4324 603 4404 gaudiorum
619 4346 662 4388 ex
677 4325 764 4391 Iesu
777 4325 863 4389 Filio
874 4334 1075 4407 perceptam,
1087 4344 1144 4406 per
1158 4324 1311 4387 dolorum
1325 4322 1401 4387 eius
