3117 4859
381 301 448 392 138
502 322 692 372 armenas
710 322 969 375 nposronrcns
991 314 1011 339 ‘⁶
1030 324 1262 377 canvrssrus
1280 326 1365 375 uos,
1385 302 1405 329 ''

247 481 350 558 Accam
374 471 585 536 aristoteleae
615 472 837 536 institutionis
865 476 951 538 ratio
977 483 1176 556 praeoptata
1196 484 1258 551 est,
1273 478 1353 557 quia
1374 476 1476 539 eidem

240 547 307 611 quod
319 562 348 596 m
500 578 509 593 ·
634 580 641 594 .
722 579 730 595 .
805 579 813 594 .
1058 601 1065 612 ,
1295 582 1301 594 .
1435 585 1441 596 .

230 614 349 662 Seserem
375 588 547 661 proposrto
564 580 682 644 melius
699 600 770 643 vrsa
786 590 829 643 srt
846 583 1065 663 respondere.
1088 580 1197 659 Quum
1224 581 1371 646 Societas
1378 583 1477 667 phele

195 679 349 805 paiiiiioiie
375 681 520 764 sophiam
533 682 735 760 Aristotelis,
751 693 922 766 tamquam
949 684 1126 767 theologiae
1142 684 1251 766 inagis
1274 685 1389 749 ute'lem
1414 706 1479 749 am·

226 811 347 872 eseerpre.
367 787 467 871 plexa
480 788 533 865 sit,
549 789 604 852 illi
620 789 856 853 inhaerendum
881 792 1014 854 omnino
1038 801 1088 855 est
1102 790 1153 875 (Ι).
1172 791 1392 873 Philosophia
1407 810 1479 855 vero

215 874 350 1004 ,impij
374 911 476 973 quam
488 892 667 957 Societatis
683 892 811 955 alumni
829 892 1060 974 profiteantur,
1073 893 1136 957 nisi
1150 894 1192 957 sit
1216 894 1259 958 ad
1277 902 1427 967 mentem
1449 901 1479 957 et

194 1005 350 1054 scholasticae
375 996 537 1060 rationem
551 996 717 1080 Angelici,
729 1016 941 1079 nequaquam
955 998 1142 1061 subservire
1155 998 1278 1079 poterit
1290 996 1478 1079 theologiae

202 1072 344 1120 ancilletur.
396 1100 403 1113 ·
611 1102 619 1115 ·
1358 1101 1364 1114 ·

275 1157 350 1208 Illud
374 1120 445 1163 erus
460 1100 690 1177 scholasticae,
710 1120 812 1181 quarn
829 1120 948 1165 omnes
973 1120 1090 1183 reapse
1106 1111 1257 1165 tenentur
1269 1122 1368 1184 seque.
1384 1100 1477 1183 Quod

215 1222 348 1270 attendant
373 1204 420 1267 illi
436 1205 469 1267 in
487 1204 603 1287 primis
619 1204 681 1267 sibi
694 1204 821 1267 dictum
833 1204 981 1268 habeant
992 1206 1060 1286 qui,
1074 1204 1266 1269 Aristotelis
1284 1206 1479 1285 interpretes

195 1286 346 1417 'mix'
372 1308 424 1372 vel
441 1308 625 1371 catholicos
650 1308 682 1369 in
700 1307 808 1370 varias
824 1307 1071 1389 dissimilesque
1102 1308 1277 1389 opiniones
1305 1328 1413 1390 quum
1436 1308 1478 1369 vi·

246 1417 346 1468 nieme
373 1411 475 1472 deant
486 1410 706 1487 discedentes,
723 1412 890 1493 integrum
914 1412 977 1485 sibi
1000 1411 1140 1476 sortasse
1158 1421 1280 1493 putent
1307 1433 1413 1495 quam
1429 1432 1477 1474 ve-

212 1483 348 1597 ml'ssrsa‘sj
373 1514 434 1576 lint
447 1513 641 1594 opinionem
658 1534 838 1589 assumere,
854 1514 936 1577 nihil
953 1514 1020 1578 iere
1037 1515 1228 1579 laborantes
1244 1518 1326 1599 quid
1343 1516 1477 1580 senserit

194 1617 346 1728 msa·
372 1614 523 1677 Thomas
541 1616 624 1679 :hoc
649 1618 737 1681 enirn
763 1620 845 1699 ipso,
869 1628 906 1681 ut
932 1618 1044 1699 palam
1062 1628 1123 1693 est,
1141 1620 1243 1684 etiarn
1260 1621 1293 1682 in
1310 1619 1478 1701 theologia

231 1750 347 1808 erlem„
372 1718 483 1781 abillo
495 1720 746 1797 recederent,ob
757 1723 980 1804 eamdemque
993 1742 1146 1785 caussam
1159 1721 1202 1783 ab
1215 1720 1288 1801 ipsa
1299 1719 1478 1783 deficerent

194 1810 347 1925 amm
371 1820 519 1883 doctrina
534 1820 699 1902 uniformi
711 1845 813 1907 quarn
832 1825 948 1907 legiler
964 1827 1063 1890 Pater
1087 1823 1364 1888 constantissime
1388 1821 1477 1885 iussit

242 1943 344 2003 amm,
370 1925 570 1989 habendam.
595 1926 811 2011 Quapropter
826 1929 967 1993 consilio
984 1930 1070 1994 bene
1083 1926 1244 1992 laudabili
1266 1935 1382 1990 actum
1400 1935 1477 1989 esta

258 2028 345 2104 Μ·
372 2028 645 2111 Congregatione
670 2046 778 2110 xxm,
795 2053 882 2116 quae
902 2052 967 2096 non
1001 2033 1048 2096 ita
1080 2031 1187 2095 multo
1211 2040 1288 2113 post
1319 2030 1431 2093 editas
1459 2048 1476 2091 a

201 2100 346 2207 iiim
372 2134 480 2198 Nobis
496 2136 623 2199 litteras
636 2138 822 2219 encyclicas
835 2138 975 2202 Aeterni
986 2136 1105 2201 Patris
1116 2135 1283 2211 convenit,
1298 2134 1365 2198 hoc
1378 2135 1474 2199 etiam

208 2223 346 2352 {mx
371 2240 495 2319 scripto
511 2239 621 2320 capite
637 2257 644 2297 ε
663 2240 808 2305 Societas
823 2242 901 2307 Iesu
909 2242 1140 2322 plenissimum
1147 2238 1273 2322 filialis
1284 2238 1476 2302 obedientia!

192 2353 346 2469 '25szss
370 2350 466 2423 atque
479 2362 631 2405 assensus
642 2343 824 2426 obsequium
836 2346 899 2426 (eis
922 2344 1101 2427 encyclicis
1121 2343 1255 2427 litteris)
1266 2344 1418 2407 sollemni
1443 2363 1477 2406 ac

210 2486 239 2531 in
256 2486 344 2535 scieris
366 2444 492 2524 publice
506 2446 689 2509 testimonio
714 2450 996 2529 manifestandum
1013 2448 1080 2511 sibi
1102 2469 1170 2511 esse
1185 2447 1422 2531 iudiceue't(2):
1440 2466 1476 2509 eo

236 2550 343 2662 ekkilin-
370 2556 483 2610 autem
511 2556 604 2611 totae
630 2550 830 2630 spectabant
861 2552 991 2615 litterae
1025 2552 1172 2615 Nostrae
1202 2560 1239 2614 ut
1267 2550 1300 2615 S.
1324 2551 1475 2615 Thomae

225 2616 341 2729 {gauf}
370 2650 582 2734 philosophia
599 2654 632 2715 in
655 2652 778 2717 scholis
791 2656 949 2718 ornnibus
974 2656 1130 2719 restituta
1145 2656 1282 2736 vigeret.

205 2770 342 2847 Decime
415 2753 534 2835 Neque
550 2763 664 2819 tamen
683 2756 790 2821 Nobis
806 2758 974 2822 sententia
990 2767 1041 2822 est
1060 2758 1215 2841 derogari
1232 2757 1420 2841 quidquam
1436 2756 1475 2819 de

209 2835 344 2963 psffiffi
370 2858 548 2940 praeclaris
575 2859 775 2942 scriptorum
805 2862 931 2925 meritis
959 2882 1044 2943 quos
1076 2860 1229 2927 Societas
1260 2880 1320 2943 per
1352 2868 1476 2925 aetates

143 3008 148 3016 .
192 2972 265 3078 {gelre
282 2975 344 3015 recte
370 2962 509 3025 eduxit:
536 2962 664 3026 isthaec
680 2964 786 3027 immo
811 2966 998 3029 domestica
1023 2965 1130 3047 gloria
1156 2966 1331 3029 retinenda
1348 2982 1477 3029 conser-

214 3032 346 3161 tassfflt
370 3068 547 3148 vandaque
572 3068 619 3130 ita
646 3076 706 3143 est,
735 3077 770 3131 ut
796 3087 923 3144 omnes,
950 3069 1084 3132 sodales
1112 3070 1262 3133 maxime
1290 3066 1477 3141 Societatis,

198 3161 345 3278 qum:
370 3170 627 3253 magnifaciant
640 3181 673 3235 et
684 3171 862 3253 diligenter
871 3172 1041 3235 consulant
1048 3172 1201 3254 probatos
1213 3171 1286 3235 illos
1300 3182 1332 3234 et
1344 3168 1478 3235 eximios

192 3294 219 3342 S.
237 3293 344 3344 Thomas
371 3274 545 3339 Soee'etetis
559 3277 700 3340 dectores
713 3294 852 3357 querum
874 3276 949 3339 laus
966 3275 999 3339 in
1016 3276 1160 3339 Ecclesia
1176 3285 1226 3339 est
1242 3274 1292 3358 (³).
1310 3276 1402 3339 Nam
1419 3274 1477 3337 vir·

202 3357 344 3475 ffffiffl
371 3389 442 3442 tute
458 3388 496 3442 ut
508 3391 602 3443 erant
618 3390 721 3463 atque
737 3381 874 3462 ingenio
888 3381 1016 3455 eximii,
1027 3381 1108 3443 data
1120 3381 1367 3444 studiosissime
1379 3397 1478 3461 opera

333 3464 341 3485 ³
369 3483 502 3564 scriptis
517 3484 684 3565 Angelici,
699 3483 798 3546 certis
814 3483 896 3545 locis
922 3484 1124 3549 sententiam
1142 3485 1212 3548 eius
1233 3483 1370 3566 copiose
1387 3482 1474 3547 lucu·

370 3586 542 3670 lenterque
557 3596 797 3671 exposuerunt,
809 3587 998 3651 doctrinam
1012 3588 1142 3668 optima
1154 3570 1354 3651 eruditionis
1370 3584 1476 3669 supel-

369 3692 479 3755 lectile
494 3704 706 3771 ornaverunt,
722 3691 829 3755 multa
846 3690 924 3769 inde
944 3700 1042 3754 acute
1067 3690 1259 3773 utiliterque
1284 3691 1327 3753 ad
1352 3706 1476 3752 errores

369 3794 568 3860 refellendos
585 3815 691 3860 novos
707 3795 953 3871 concluserunt,
969 3796 1009 3857 iis
1030 3803 1203 3877 praeterea
1220 3793 1362 3855 adiectis
1377 3809 1475 3873 quae·

369 3918 514 3982 cumque
533 3902 577 3964 ab
602 3901 756 3965 Ecclesia
783 3907 863 3962 sunt
887 3901 1048 3982 deinceps
1074 3901 1105 3962 in
1131 3900 1251 3962 eodem
1279 3917 1402 3979 genere
1428 3892 1476 3959 vel

369 4002 514 4084 amplius
529 4003 700 4067 declarata
715 4001 768 4066 vel
796 4003 942 4084 pressius
968 4004 1125 4080 decreta;
1142 4020 1285 4083 quorum
1309 3999 1476 4065 sollertiae

401 4210 420 4242 1.
433 4197 529 4256 Cengr„
543 4207 597 4250 xvi,
611 4199 678 4245 decr.
689 4201 727 4257 3⁶·

399 4280 419 4310 2.
433 4265 478 4317 la,
490 4274 569 4318 xxiii,
583 4266 647 4311 decr.
669 4279 704 4326 15.

400 4348 422 4393 3.
435 4334 481 4386 le,
498 4334 562 4380 decr.
578 4335 613 4379 18.
