3117 4859
136 394 154 412 ἰ
174 397 193 414 ’ν
211 397 227 414 'e
246 396 265 414 “ιἸ
284 395 299 413 ἰ
320 395 339 414 ἰ.
358 396 372 412 ἰ
395 397 413 413 ’ν
432 396 445 412 ἰ
468 395 481 410 “-
506 395 557 412 '=›'·
579 395 596 411 ἰ
616 394 635 412 ἰι
653 395 666 410 ¹-
690 394 704 412 ἰ
726 395 746 412 ⁹¹.
775 405 784 412 ..
811 405 821 414 ,.
848 405 857 413 ,,
885 407 895 413 ,,
922 407 931 414 ,.
959 406 964 412 ,
995 405 1000 413 ,
1033 405 1043 413 ,.
1068 404 1111 412 ,,,
1130 405 1153 410 ..,
1180 407 1184 410 ,

120 437 856 448 ..................................................................
859 424 918 445 T.
935 424 1012 444 .“...,
1028 423 1142 444 .....,...Ε,

1176 453 1178 460 ι

104 466 107 468 ”
1176 467 1179 474 ι

84 1184 417 1263 mmmmm
440 1174 520 1238 dare
543 1193 682 1256 operam
710 1174 827 1238 divino
852 1176 1001 1256 poemati
1026 1174 1191 1259 Aligherii
1282 1204 1302 1251 3
1353 1196 1362 1209 ‘

83 1264 109 1413 g
145 1264 397 1455 anostri
413 1277 678 1355 illustrando,est
690 1278 848 1342 nimirum
861 1298 968 1362 aeque
978 1279 1020 1343 de
1030 1279 1190 1364 religione
1254 1250 1329 1366 fax
1427 1288 1433 1303 “

243 1338 269 1485 Β
290 1381 388 1445 aede
404 1380 538 1445 civitate
554 1381 641 1445 bene
657 1382 783 1445 mereri.
804 1382 879 1447 Hoc
904 1402 1050 1467 namque
1067 1385 1190 1469 insigni
1294 1419 1369 1469 md,

289 1484 475 1550 litterarum
499 1492 721 1549 monumento
746 1504 870 1567 magna
893 1487 1078 1569 sapientiae
1093 1490 1190 1571 copia
1215 1482 1341 1599 lgm:

81 1594 122 1657 de
137 1591 262 1657 divinis
278 1590 502 1673 humanisque
518 1589 619 1653 rebus
641 1589 843 1669 continetur,
859 1591 1012 1655 nondum
1028 1591 1062 1655 in
1080 1592 1188 1659 lucem
1212 1621 1299 1677 poem
1311 1616 1367 1665 Au·-

81 1696 213 1779 prolata
228 1696 361 1759 omnis:
378 1694 472 1757 cuius
488 1693 691 1776 multiplices
708 1692 835 1757 fructus
851 1692 943 1758 nullo
959 1714 1020 1757 nec
1037 1695 1112 1760 loco
1128 1697 1188 1760 cir·
1211 1679 1348 1796 iffi„

82 1799 350 1864 curnscribuntur
365 1816 427 1860 nec
442 1807 603 1879 tempore.
618 1796 771 1880 Quarum
786 1796 858 1861 Nos
869 1816 977 1862 rerum
990 1798 1188 1864 iamdudum
1215 1810 1275 1860 huic
1285 1815 1354 1876 operi

82 1903 260 1987 explorata
275 1902 489 1986 praestantia,
504 1901 568 1965 hoc
585 1901 655 1966 iore
671 1920 747 1965 cum
765 1920 902 1965 munere
915 1901 1041 1965 Nostro
1054 1912 1087 1966 et
1097 1923 1188 1967 com·
1214 1877 1369 1993 m'ffl

83 2008 172 2072 muni
188 2016 391 2071 ornamento
407 2006 565 2088 bonoque
575 2006 792 2069 coniunctum
805 2003 1008 2083 censuimus,
1020 2005 1048 2069 si
1061 2006 1187 2071 eisdem
1215 2008 1336 2083 Poanfix

82 2112 206 2194 pariter
227 2110 348 2175 studiis
373 2109 485 2173 lavere
510 2108 812 2173 contenderemus:
831 2128 865 2173 re
890 2117 1004 2173 autern
1020 2110 1094 2192 ipsa
1110 2108 1188 2175 effe·
1206 2072 1367 2191 samam

82 2217 162 2279 cisse
178 2214 254 2279 Nos
269 2213 397 2296 aliquid
414 2222 448 2278 et
464 2211 603 2290 efficere,
612 2220 801 2275 memoratu
818 2211 1002 2275 iucundum
1015 2222 1074 2277 est.
1088 2212 1187 2279 Nunc
1212 2204 1350 2320 {fetam

83 2338 157 2383 vero
172 2320 262 2382 inter
277 2338 344 2394 eos,
359 2335 503 2401 quorum
520 2315 656 2398 ingenia
679 2324 713 2378 et
729 2314 879 2378 sollertia
901 2313 999 2379 valde
1015 2314 1125 2382 Nobis
1152 2316 1185 2382 in
1210 2351 1236 2383 sa
1247 2337 1367 2387 creditum

83 2423 143 2486 hoc
159 2423 357 2505 probantur,
372 2422 474 2485 etiam
492 2420 563 2496 tibi,
577 2418 702 2483 dilecte
718 2418 773 2496 fili,
786 2418 953 2501 peculiare
969 2419 1077 2485 laudis
1093 2422 1186 2486 testi·
1212 2400 1368 2531 ,²5²2ssss

82 2529 231 2592 monium
257 2526 338 2590 libet
364 2525 518 2589 tribuere.
534 2524 648 2607 Quam
677 2524 766 2586 enim
784 2523 817 2586 in
835 2533 869 2587 te
885 2521 1042 2589 fiduciam
1069 2526 1186 2590 habui·
1214 2532 1329 2610 impura·

85 2652 157 2696 mus
182 2631 397 2706 collocatam,
412 2648 515 2712 quum
543 2628 717 2691 conditum
741 2626 885 2692 aNobis
901 2629 1073 2711 proprium
1089 2629 1186 2695 huius
1213 2606 1366 2713 {mum

81 2736 209 2816 generis
232 2734 464 2816 magisterium
491 2732 553 2795 tibi
585 2732 800 2808 credidimus,
824 2751 899 2795 eam
929 2732 1010 2815 ipsc,
1030 2733 1187 2798 docendo
1213 2727 1348 2805 edquoe-

81 2837 331 2919 scribendoque,
351 2836 486 2919 egregie
500 2836 666 2900 sustines:
682 2836 716 2899 id
733 2836 824 2919 quod
842 2835 1044 2900 luculentius
1060 2844 1186 2902 testan-
1214 2801 1364 2921 xilem

81 2948 132 3003 tur
154 2962 242 3025 quae
267 2960 374 3021 nuper
399 2941 511 3004 dicata
538 2939 731 3022 accepimus
756 2949 816 3003 tua
842 2940 991 3003 eiusdem
1021 2930 1188 3022 poematis

80 3049 329 3114 commentaria.
346 3046 424 3131 Quo
451 3048 494 3110 de
517 3067 620 3130 opere
636 3047 805 3110 laborioso
832 3048 981 3129 gaudeas
998 3047 1070 3123 tibi,
1093 3067 1189 3129 prae·

80 3148 165 3213 clara
180 3149 388 3214 conscientia
413 3148 526 3225 fretus,
541 3157 576 3210 te
592 3147 728 3230 quidem
746 3156 780 3211 et
797 3145 964 3228 Aligherii
980 3146 1109 3229 gloriae
1128 3168 1188 3230 pro

80 3251 161 3315 virili
176 3262 274 3335 parte
296 3250 514 3327 consuluisse,
529 3260 564 3315 et
580 3250 777 3314 adiumenta
793 3253 924 3333 optima
940 3250 1100 3313 studiosis
1117 3254 1188 3316 eius

80 3371 213 3431 parasse
240 3353 347 3417 lectae
362 3353 542 3437 variaeque
557 3354 740 3417 doctrinae.
758 3352 882 3416 Fruere
907 3350 1010 3433 igitur
1032 3371 1188 3435 compro·

81 3453 214 3521 batione
238 3466 273 3521 et
299 3456 408 3539 gratia
432 3456 608 3521 hominum
635 3468 724 3520 recte
751 3454 1051 3533 existimantium;
1079 3455 1187 3521 fruere

80 3558 314 3625 benevolentia
330 3560 467 3636 Nostra,
482 3580 584 3642 quarn
600 3570 678 3625 tuus
700 3562 763 3623 iste
779 3559 975 3624 elaborandi
999 3559 1099 3624 ardor
1116 3581 1186 3624 am-

81 3661 218 3743 pliorem
240 3664 274 3727 in
297 3664 369 3728 dies
385 3664 550 3729 conciliat.
568 3664 703 3729 Nostris
719 3676 832 3726 autem
849 3662 979 3744 coeptis
1006 3674 1110 3747 atque
1125 3684 1184 3727 ex·
1209 3694 1313 3743 eumque

81 3766 259 3844 pectationi
275 3768 506 3832 obsecundare
522 3768 641 3833 sedulo
656 3786 810 3850 pergens,
825 3785 889 3848 age
912 3776 949 3831 ut
965 3768 1037 3849 ipsa
1062 3767 1185 3831 summi
1204 3744 1364 3873 ssm'u‘

81 3868 136 3931 viri
152 3889 247 3933 mens
264 3880 298 3935 et
324 3871 492 3937 sententia
515 3890 577 3936 suo
603 3872 636 3935 iu
664 3871 790 3934 lumine
818 3870 945 3935 eniteat
961 3892 969 3950 ;
984 3890 1025 3933 eo
1050 3891 1184 3954 quoque
1207 3876 1344 3953 gnnfs'pifs

80 3990 144 4036 uon
175 3976 387 4041 mediocriter
410 3976 563 4053 valitura,
579 3985 616 4040 ut
642 3976 813 4060 principiis
840 3975 1071 4058 institutisque
1097 3975 1181 4038 chri·
1209 3947 1362 4071 ξ”ηῗξῇξ-’,ᾏ

81 4076 194 4141 stianis
209 4100 271 4144 sua
285 4080 358 4144 laus
385 4090 417 4145 et
429 4081 538 4145 cultus
553 4082 752 4146 vindicetur.
768 4080 890 4164 Neque
914 4082 1004 4145 enim
1025 4079 1184 4163 tempori·
1208 4073 1361 4202 55:23⁸?
1402 4109 1404 4115 ’

81 4180 364 4249 husvehementer
376 4182 509 4249 afflictis
519 4184 647 4249 curatio
658 4183 735 4262 ulla,
749 4184 835 4247 sicut
849 4194 991 4266 oportet,
998 4182 1184 4267 profecerit,
1206 4205 1358 4267 portandu-

83 4279 142 4342 nisi
168 4282 370 4348 christianae
400 4285 587 4368 sapientiae
624 4296 779 4349 revocata
818 4286 950 4363 virtute,
975 4302 1062 4367 quae
1092 4284 1184 4366 viget
1209 4276 1362 4398 mssa?

82 4386 230 4460 perennis
256 4387 470 4453 adsalutem
507 4388 643 4472 verique
676 4388 823 4451 nominis
852 4387 1101 4452 humanitatem
1131 4387 1183 4450 vel
1208 4398 1337 4462 ‚spargat
