3117 4859
409 385 460 434 nu
488 382 706 434 sauruaaro
732 380 939 432 varrcauo.
1161 374 1231 447 237

121 524 177 586 nia
192 522 450 604 diligentissime
467 523 601 600 servari,
616 541 704 603 quae
719 521 762 584 ad
788 520 938 583 eiusdem
957 517 1139 582 Seminarii
1153 535 1230 578 cum
1319 536 1351 581 ra

120 626 189 689 suis
205 624 330 689 scholis
342 627 600 708 prosperitatem
613 625 861 707 procurandam
872 642 911 686 ac
924 619 1085 685 tuendam
1098 617 1232 682 Nostris
1298 595 1371 710 Ῐὲρζ

120 729 174 792 his
201 729 340 794 Litteris
364 729 545 794 statuenda
579 728 860 803 existimavimus,
885 724 1119 807 imprimisque
1144 732 1233 786 sarta
1261 759 1353 806 ,ium-5

120 841 279 914 tectaque
295 831 411 896 haberi
428 852 515 913 quae
531 840 729 913 sequuntur.
1254 819 1411 877 jubetserva·

1260 880 1287 924 rr'
1296 881 1401 940 diligen-

165 962 191 1026 1.
208 960 701 1042 Cardinalis.Archipresbyter
723 958 914 1023 Vaticanae
942 955 1106 1021 Basilicae
1124 953 1233 1019 Serni-
1259 939 1377 1057 fjfflssq‘u

120 1065 205 1129 narii
222 1065 360 1148 eiusque
376 1065 564 1129 scholarum
589 1075 692 1145 caput
708 1073 792 1140 esto,
808 1063 995 1145 eodemque
1011 1061 1082 1124 iure
1098 1057 1235 1140 polleat,
1254 1057 1414 1177 mame

122 1169 237 1254 quoin
255 1190 316 1233 sua
332 1170 477 1252 quisque
495 1169 647 1232 Ecclesia
664 1170 853 1250 episcopus.
1255 1176 1412 1295 {qm-ar.

166 1300 212 1364 11.
229 1299 421 1366 Canonicus
438 1299 627 1364 Vaticanus
641 1299 833 1365 Seminario
845 1298 1039 1362 Praefectus
1056 1316 1076 1359 a
1092 1315 1233 1359 romano
1259 1301 1402 1402 marre

122 1402 286 1468 Pontifice
302 1404 446 1487 eligatur
462 1427 502 1468 ac
527 1405 658 1469 tamdiu
686 1413 824 1469 maneat
853 1404 885 1465 in
910 1423 950 1467 eo
966 1420 1113 1478 munere,
1130 1418 1231 1482 quarn

122 1509 179 1572 diu
197 1507 352 1572 Pontifici
370 1509 433 1592 ipsi
450 1509 625 1592 placuerit.

168 1642 233 1708 Ill.
258 1642 374 1706 Rebus
391 1640 569 1705 Seminarii
585 1641 805 1722 procurandis
833 1649 977 1724 quatuor
1003 1642 1235 1706 adsciscantur

124 1747 184 1810 viri
220 1747 263 1812 ad
297 1745 516 1810 Tridentinae
551 1744 682 1827 Synodi
718 1744 817 1827 leges,
845 1745 934 1827 iique
968 1765 1012 1809 ex
1046 1746 1234 1811 Vaticanae

124 1850 288 1914 Basilicae
304 1849 484 1915 Canonicis
500 1848 699 1930 eligantura
713 1847 883 1926 Pontifice,
894 1849 1049 1931 exceptis
1061 1849 1235 1915 Canonico

125 1953 300 2018 Praefecto
314 1964 347 2017 et
364 1953 553 2019 Cardinalis
569 1952 863 2035 Archipresbyteri
880 1950 1026 2029 Vicario,
1043 1955 1132 2036 quod
1150 1953 1235 2017 alter

124 2060 168 2122 sit
183 2059 254 2122 eius
270 2057 515 2141 procurationis
542 2057 730 2120 necessario
755 2057 933 2140 particeps,
947 2056 1032 2120 alter
1048 2056 1236 2122 Cardinalis

123 2161 417 2244 Archipresbyteri
433 2161 582 2224 absentis
599 2162 670 2224 vice
687 2159 855 2242 fungatur.

171 2296 231 2360 lV.
256 2295 445 2361 Cardinalis
483 2293 771 2376 Archipresbyter,
806 2315 881 2357 curn
917 2306 1025 2358 rector
1059 2293 1237 2358 Seminarii

125 2402 372 2464 renunciandus
388 2403 441 2476 sit,
456 2400 573 2464 audito
597 2397 762 2463 Canonici
786 2397 950 2462 Praefecti
967 2399 1115 2474 consilio,
1132 2416 1237 2460 sacer-

124 2506 221 2568 dotes
238 2504 365 2586 aliquot
382 2512 559 2586 proponat,
574 2503 631 2585 qui
647 2502 690 2565 ad
706 2501 741 2567 id
759 2522 880 2566 munus
906 2502 1101 2566 obeundum
1125 2502 1239 2566 idonei

124 2610 186 2671 visi
203 2608 334 2684 fuerint,
350 2618 387 2671 ut
404 2627 447 2670 ex
464 2607 504 2669 iis
520 2627 672 2670 summus
689 2606 848 2670 Pontifex
864 2606 967 2689 eligat
980 2626 1080 2690 quem
1094 2606 1239 2671 alumnis

126 2713 304 2778 Seminarii
321 2710 476 2792 regendis
503 2711 639 2773 rectoris
667 2711 803 2774 nomine
820 2719 853 2774 et
870 2718 1039 2792 potestate
1056 2709 1239 2792 praeficiat.

168 2840 210 2906 V.
234 2839 423 2906 Cardinalis
461 2839 755 2922 Archipresbyteri
794 2839 865 2917 erit,
903 2840 1020 2904 audito
1065 2840 1238 2904 Canonico

126 2944 310 3019 Praefecto,
325 2944 465 3006 idoneos
481 2942 672 3006 sacerdotes
688 2943 774 3006 duos
791 2943 912 3006 rectori
924 2943 1033 3008 socios
1045 2964 1084 3008 ac
1097 2944 1238 3008 vicarios

125 3047 319 3129 adiungere.
334 3048 457 3129 quibus
472 3045 717 3128 prorectoribus
734 3046 927 3128 expeditius
940 3046 995 3110 ille
1007 3057 1109 3129 atque
1125 3047 1237 3112 utilius

126 3172 264 3216 munere
290 3172 351 3215 suo
375 3150 528 3234 perfungi
556 3159 667 3232 queat,
682 3159 754 3214 tum
780 3151 815 3212 in
840 3151 888 3227 iis,
912 3171 999 3232 quae
1025 3152 1237 3216 alumnorum

124 3257 348 3339 disciplinam,
363 3265 435 3319 tum
454 3254 487 3317 in
505 3255 554 3330 iis,
570 3273 656 3336 quae
679 3255 932 3317 oeconomicam
951 3254 1128 3320 Seminarii
1145 3277 1238 3320 cura·

126 3361 251 3425 tionem
269 3369 433 3442 spectant.

168 3491 230 3555 VI.
255 3490 355 3574 Quod
373 3491 416 3554 ad
433 3489 640 3572 spiritualem
654 3488 866 3553 alumnorum
880 3509 994 3554 curam
1005 3492 1135 3568 attinet,
1147 3493 1236 3557 idern

125 3592 313 3658 Cardinalis
351 3593 643 3676 Archipresbyter,
681 3593 798 3657 audito
838 3593 1011 3658 Canonico
1058 3595 1239 3675 Praefecto,

124 3697 335 3760 sacerdotem
368 3697 470 3778 eliget
502 3697 534 3758 in
569 3697 703 3777 pietatis
734 3696 933 3778 magistrum
965 3707 999 3761 et
1033 3699 1238 3764 ordinarium

124 3798 385 3877 Confessarium,
409 3799 466 3881 qui
499 3799 533 3861 in
558 3797 740 3864 Seminarii
765 3798 906 3862 aedibus
931 3800 1043 3881 degat,
1070 3801 1163 3883 isque
1192 3805 1239 3868 i'ta

124 3905 275 3971 delectus
302 3905 515 3971 alumnorum
548 3906 670 3970 animis
705 3907 747 3969 ad
781 3907 939 3970 virtutem
975 3915 1008 3970 et
1040 3907 1237 3990 religionem

124 4011 276 4075 studiose
291 4031 331 4074 ac
346 4007 528 4092 prudenter
544 4009 769 4092 provehendis
784 4029 922 4092 operam
937 4019 1045 4088 navet,
1059 4013 1239 4096 muniaque

125 4116 250 4191 omnia,
266 4135 353 4196 quae
376 4114 513 4196 parochi
530 4122 618 4192 sunt,
633 4121 801 4177 exerceat.

170 4252 253 4317 Vll.
277 4250 447 4317 Cardinali
465 4249 771 4333 Archipresbytero
797 4251 847 4315 ius
874 4259 948 4314 esto
965 4271 1077 4316 sacros
1093 4252 1238 4320 Ordines

128 4355 322 4422 conferendi
339 4376 408 4418 non
425 4355 528 4419 modo
544 4353 681 4419 Clericis
696 4354 774 4432 suis,
790 4356 848 4418 sed
872 4355 945 4418 aliis
961 4356 1066 4421 etiarn
1083 4357 1238 4436 alumnis,
