3117 4859
404 340 727 393 consoclfflouls
754 341 784 393 S.
814 340 1007 397 FAMILIAE.
1212 350 1259 423 95

583 529 829 597 FORMULA

359 684 582 737 secernunt
604 684 846 750 Quocuuoun
868 684 1058 737 romulae

463 789 488 839 A
511 789 754 841 cumscumrs
779 786 949 841 sumnus

302 892 405 956 Quen
427 892 471 944 sa
493 893 636 945 secana
660 894 844 945 eumuna
867 892 1126 946 consecutur.

195 1050 264 1120 (O
281 1052 360 1117 Iesu
385 1053 597 1136 Redemptor
625 1065 739 1120 noster
767 1055 1021 1133 amabilissime,
1037 1056 1095 1139 qui
1122 1075 1141 1120 e
1167 1057 1262 1121 caelo

149 1171 168 1224 t
185 1158 309 1221 missus
325 1166 364 1221 ut
380 1161 545 1223 muudum
561 1159 715 1225 doctrina
731 1168 765 1224 et
781 1158 942 1243 exemplo
955 1156 1145 1237 illustrares,
1157 1160 1261 1225 maio-

149 1274 256 1327 (rem
273 1262 426 1326 mortalis
441 1272 520 1329 tuae
530 1264 622 1327 vitae
632 1274 762 1347 partem
780 1265 814 1328 in
831 1262 948 1329 humili
965 1263 1070 1328 domo
1082 1264 1260 1329 Nazarena

147 1374 166 1427 t
183 1365 361 1428 traducere
377 1364 524 1443 voluisti,
539 1367 670 1431 Mariae
686 1378 721 1432 et
739 1367 887 1450 losepho
917 1367 1081 1445 subditus,
1097 1368 1259 1452 illamque

150 1483 168 1537 t
183 1468 362 1535 Familiam
379 1470 591 1550 consecrasti,
603 1490 689 1554 quae
704 1472 834 1535 cunctis
851 1470 1040 1535 christianis
1056 1470 1192 1535 familiis
1209 1472 1260 1536 lu·

150 1587 169 1640 t
183 1582 260 1637 tura
274 1582 347 1638 erat
361 1574 523 1658 exemplo
541 1597 549 1655 ;
562 1586 712 1640 nostram
739 1576 827 1639 hanc
843 1575 993 1653 domum,
1008 1595 1094 1659 quae
1118 1576 1198 1640 Tibi
1223 1598 1259 1641 se

150 1685 292 1743 (totam
308 1698 397 1743 nunc
409 1678 563 1757 devovet,
579 1679 745 1762 benignus
771 1679 911 1761 suscipe.
928 1678 982 1743 Tu
1009 1678 1101 1743 illam
1118 1690 1257 1764 protege

148 1793 167 1846 t
183 1790 219 1847 et
244 1782 387 1861 custodi,
406 1793 441 1849 et
466 1794 623 1849 sanctum
648 1784 696 1847 tui
713 1784 869 1846 timorem
887 1783 921 1846 in
945 1802 985 1847 ea
1001 1781 1171 1860 confirma,
1187 1804 1253 1849 una

149 1898 259 1953 tcum
289 1906 374 1969 pace
398 1896 433 1952 et
462 1887 645 1953 concordia
669 1886 871 1951 christianae
888 1886 1037 1951 caritatis
1056 1911 1063 1953 ε
1080 1896 1117 1951 ut
1140 1888 1255 1953 divino

147 2003 166 2056 (
183 1990 370 2074 exemplari
386 1992 549 2058 Familiae
571 2001 651 2057 tuae
665 1991 784 2055 similis
800 1988 867 2069 fiat,
883 2009 1066 2073 omnesque
1090 1993 1133 2055 ad
1150 2011 1256 2056 unum

151 2102 169 2157 l
185 2091 308 2173 quibus
322 2112 363 2157 ea
379 2104 521 2172 constat,
537 2095 709 2161 beatitatis
724 2096 950 2176 sempiternae
976 2094 1043 2158 sint
1070 2106 1255 2179 compotes.

189 2194 259 2262 (0
274 2198 509 2264 amantissima
543 2200 620 2264 Iesu
652 2198 777 2265 Christi
809 2197 922 2263 Mater
946 2206 981 2263 et
1005 2209 1113 2265 mater
1141 2210 1255 2265 nostra

143 2300 301 2379 (Maria,
315 2313 374 2367 tua
396 2304 522 2387 pietate
546 2312 581 2368 et
610 2302 790 2367 clementia
821 2302 874 2367 lac
905 2311 943 2367 ut
965 2304 1251 2369 consecrationem

144 2406 267 2473 (hanc
283 2416 433 2471 nostram
452 2408 547 2482 Iesus
562 2417 736 2490 acceptam
752 2407 886 2484 habeat,
902 2416 936 2471 et
952 2426 1012 2471 sua
1039 2407 1135 2473 nobis
1151 2408 1254 2473 bene·

144 2522 164 2576 t
180 2506 256 2573 ficia
271 2519 306 2574 et
321 2510 574 2576 benedictiones
586 2511 756 2596 largiatur.

187 2625 206 2707 ς
223 2614 256 2680 Ο
280 2614 415 2697 Ioseph,
426 2616 636 2681 sanctissime
650 2617 726 2680 Iesu
743 2626 776 2681 et
794 2616 922 2681 Mariae
937 2624 1060 2693 custos,
1075 2616 1109 2680 in
1122 2618 1251 2683 univer·

144 2718 225 2785 (sis
238 2720 372 2807 animae
393 2731 429 2785 et
444 2722 594 2804 corporis
618 2720 877 2785 necessitatibus
894 2720 992 2785 nobis
1007 2721 1074 2786 tuis
1096 2721 1250 2804 precibus

141 2837 353 2903 ‹succurre;
368 2835 406 2890 ut
421 2835 533 2890 tecum
551 2845 618 2891 una
634 2835 668 2890 et
687 2826 788 2890 beata
803 2825 944 2909 Virgine
971 2826 1080 2892 Maria
1097 2839 1249 2894 aeternas

138 2925 293 2991 «divino
308 2927 532 3011 Redemptori
550 2929 627 2995 Iesu
644 2928 781 2995 Christo
797 2928 915 2995 laudes
940 2941 974 2997 et
989 2933 1115 3015 gratias
1132 2952 1248 3016 repen·

139 3044 161 3098 t
176 3032 256 3095 dere
268 3033 473 3114 possimus.»

183 3140 294 3220 Atque
309 3136 392 3201 haec
412 3138 527 3202 omnia
553 3147 587 3203 et
603 3138 746 3221 singula,
761 3139 811 3203 uti
827 3158 928 3221 supra
943 3141 1080 3205 decreta
1096 3150 1183 3219 sunt,
1199 3142 1247 3205 ita

137 3238 245 3320 firma,
255 3240 398 3319 stabilia,
408 3253 481 3307 rata
492 3244 526 3306 in
543 3252 742 3327 perpetuum
753 3242 1009 3308 essevolumus:
1029 3264 1095 3308 non
1112 3244 1247 3310 obstan·

135 3345 229 3411 tibus
244 3345 552 3412 constitutionibus
578 3358 612 3412 et
629 3346 910 3413 ordinationibus
926 3346 1144 3429 Apostolos,
1159 3358 1247 3413 cete·

133 3449 249 3533 risque
261 3451 438 3515 contrariis
452 3452 730 3535 quibuscumque.

179 3554 315 3619 Datum
332 3555 464 3619 Romae
494 3556 585 3638 apud
613 3552 648 3620 S.
673 3555 821 3631 Petrum,
841 3556 903 3619 sud
933 3554 1035 3620 anulo
1057 3556 1246 3636 Piscatoris,

131 3658 190 3724 die
205 3672 259 3723 xx
283 3658 372 3723 Iunii
395 3658 847 3737 nocccxc11,1²0ntificatus
864 3658 981 3724 Nostri
1007 3680 1098 3726 anno
1113 3661 1245 3727 decimo

129 3764 262 3849 quinto.

636 3850 671 3916 S.
686 3848 803 3916 Cano.
819 3848 1155 3918 VANNUTELLI.
