3117 4859
268 1228 377 1280 UCTIS
392 1215 577 1281 admodum
593 1237 639 1280 ex
654 1217 815 1299 singulari
831 1218 897 1282 Dei
913 1216 1076 1282 beneficio
1086 1224 1167 1282 voto
1233 1247 1306 1288 Νον,

222 1296 248 1367 ll
271 1339 345 1384 rum
362 1318 565 1402 simplicium
582 1321 761 1399 Institutis,
777 1323 825 1386 uti
848 1323 953 1387 multa
976 1323 1055 1387 inde
1077 1323 1167 1385 bona
1232 1299 1305 1362 ¹⁸⁹³·

97 1332 250 1594 Q
270 1423 433 1501 oriuntur,
459 1424 507 1488 ita
540 1424 653 1507 aliqua
688 1426 775 1508 parit
811 1425 1029 1491 incommoda
1063 1425 1168 1490 facilis
1197 1414 1345 1521 indm

53 1525 214 1590 θὲ-
270 1529 483 1594 alumnorum
508 1530 699 1596 huiusmodi
724 1532 924 1597 societatum
950 1551 1112 1615 egressus,
1135 1542 1169 1597 et
1226 1533 1346 1579 ”mulla

62 1655 283 1716 consequens,
309 1655 354 1698 ex
387 1634 458 1698 iure
486 1635 681 1710 constituto,
713 1655 882 1718 regressus
915 1638 949 1699 in
987 1636 1167 1702 dioecesim
1202 1591 1346 1710 llglllnllss

59 1738 208 1821 originis.
225 1738 321 1805 Haec
337 1746 450 1801 autem
466 1740 620 1820 graviora
634 1738 736 1804 efficit
750 1741 986 1821 temporalium
1002 1742 1168 1805 bonorum
1194 1722 1348 1817 mmm:

62 1843 177 1924 inopia
202 1863 269 1925 qua
295 1863 385 1906 nunc
402 1841 553 1906 Ecclesia
578 1844 749 1926 premitur,
763 1844 855 1909 uode
882 1845 1042 1926 Episcopi
1069 1864 1170 1927 saepe
1195 1829 1347 1941 {mmm

58 1947 235 2030 providere
260 1954 431 2028 nequeunt
457 1958 494 2009 ut
519 1945 566 2009 illi
582 1947 686 2011 vitam
703 1947 846 2012 honeste
861 1949 1048 2014 traducant.
1066 1949 1170 2023 Haec,

67 2049 198 2133 aliaque
214 2051 248 2113 id
264 2069 379 2133 genus,
395 2049 497 2114 etiam
513 2051 556 2114 de
572 2050 717 2114 alumnis
742 2050 910 2117 Ordinum
938 2062 1091 2117 votorum
1118 2073 1169 2115 so-

65 2155 237 2232 lemnium,
253 2154 499 2236 perpendentes
525 2153 676 2218 nonnulli
704 2155 799 2219 Sacri
815 2155 962 2220 locorum
980 2156 1172 2232 Antistites,

60 2279 125 2342 pro
141 2259 356 2322 ecclesiastici
372 2257 498 2322 ordinis
521 2258 641 2322 decore
656 2267 690 2321 et
706 2258 854 2323 fidelium
871 2259 1112 2336 aedificatione,
1128 2260 1172 2323 ab

65 2362 266 2444 Apostolica
293 2361 382 2427 Sede
405 2362 517 2425 enixis
543 2361 697 2443 precibus
730 2363 953 2444 postularunt,
987 2363 1170 2427 remedium

60 2466 198 2549 aliquod
214 2466 373 2531 adhiberi.
391 2465 478 2530 Cum
501 2485 581 2548 ergo
604 2475 713 2530 totum
734 2467 906 2547 negotium
924 2466 1053 2533 SSmus
1069 2468 1113 2532 D.
1128 2465 1172 2532 N.
1207 2486 1234 2532 s.
1249 2484 1350 2553 congr<-

63 2569 138 2633 Leo
153 2571 218 2635 ΡΡ.
230 2570 322 2634 XIII
335 2568 510 2634 detulisset
526 2568 648 2635 Sacrae
669 2569 746 2633 huic
757 2568 1021 2652 Congregationi
1035 2571 1172 2653 Episco·
1199 2539 1352 2654 ffillssfd'l

61 2694 183 2757 porum
199 2685 233 2738 et
249 2673 468 2755 Regularium
485 2672 642 2756 Negotiis
658 2683 692 2738 et
707 2673 1021 2739 Consultationibus
1034 2695 1173 2758 praepo-

62 2779 159 2855 sitae,
172 2777 251 2841 Emi
268 2779 385 2842 Patres
400 2777 434 2841 in
450 2785 617 2841 conventu
643 2776 793 2859 plenario
817 2777 933 2842 habito
949 2778 982 2841 in
998 2777 1173 2843 Vaticanis

64 2881 205 2946 aedibus
228 2883 283 2946 die
300 2897 343 2961 29
358 2900 462 2946 mens.
485 2882 633 2963 Augusti
658 2883 737 2944 anni
767 2883 863 2961 1892,
879 2883 1015 2963 praevio
1042 2892 1174 2947 maturo

68 2986 228 3050 examine
244 3006 282 3049 ac
298 2985 515 3064 discussione,
529 3005 759 3067 perpensaque
787 2987 940 3049 universa
964 2987 1010 3048 rei
1037 2987 1175 3062 ratIone,

57 3100 267 3173 opportunas
300 3090 399 3153 edere
433 3097 635 3153 censuemnt
659 3088 897 3171 dispositiones
930 3109 989 3170 per
1020 3089 1175 3171 generale

60 3195 234 3259 decretum
251 3193 374 3276 ubique
389 3193 539 3256 locomm
556 3191 727 3274 perpetuis
750 3191 869 3254 futuris
884 3191 1092 3273 temporibus
1108 3211 1174 3255 ser-

64 3299 203 3362 vandas.
219 3296 314 3380 Quas
336 3317 412 3361 cum
430 3296 490 3363 SS.
504 3296 676 3360 Dominus
692 3295 819 3359 Noster
835 3296 867 3358 in
884 3293 1070 3359 Audientia
1086 3295 1116 3360 d.
1134 3311 1173 3375 23
1236 3310 1353 3344 asum

70 3401 167 3483 Septss
182 3401 280 3466 huius
295 3401 374 3465 anni
394 3403 476 3481 1892
493 3399 703 3481 infrascripto
728 3397 917 3465 Secretario
942 3397 1088 3481 benigne
1114 3399 1175 3461 im·
1205 3357 1354 3478 apssrl'illrf‘

62 3505 198 3589 pertita,
223 3505 366 3588 probare
399 3514 432 3569 et
464 3502 661 3568 confirmare
694 3503 855 3584 dignatus
886 3500 993 3578 fuerit,
1018 3521 1057 3565 ea
1090 3521 1176 3584 quae

65 3618 253 3692 sequuntur
277 3629 337 3691 per
363 3628 520 3691 praesens
546 3609 717 3674 decretum
745 3606 945 3690 Apostolica
977 3608 1177 3672 auctoritate

60 3721 256 3780 statuuntur
271 3722 305 3778 et
328 3713 560 3778 decernuntur.

113 3833 139 3897 I.
164 3833 286 3898 Firmis
316 3833 567 3898 remanentibus
588 3833 840 3899 Constitutione
866 3853 890 3898 s.
908 3831 958 3895 Pii
985 3831 1019 3896 V
1043 3832 1109 3896 diei
1140 3850 1181 3912 14
1207 3827 1359 3934 ffffitjfl·

69 3938 147 4003 Oct.
163 3939 242 4001 anni
262 3940 353 4019 1568,
369 3938 538 4021 incipient.
549 3937 723 4003 Romanus
733 3937 900 4018 Pontifex,
912 3947 945 4002 et
957 3936 1182 4001 declaratione
1207 3951 1244 3996 ss.
1256 3947 1359 4019 Ordines

59 4063 108 4106 sa.
136 4062 199 4107 me.
223 4042 274 4105 Pii
300 4042 362 4107 ΡΡ.
388 4040 449 4119 ΙΧ,
467 4042 559 4106 edita
583 4043 639 4106 die
669 4059 706 4105 12
734 4061 837 4107 mens.
868 4041 958 4104 Iunii
983 4041 1061 4104 anni
1091 4042 1183 4120 1858,
1234 4009 1360 4115 rili‘r'lli

69 4145 192 4227 quibus
213 4144 448 4227 Superioribus
475 4143 642 4211 Ordinum
669 4144 889 4228 Regularium
919 4143 1125 4227 prohibetur,
1141 4165 1182 4209 ne
1232 4140 1290 4232 §¹222
1299 4136 1360 4235 ¹15ss

66 4249 197 4313 litteras
212 4248 450 4314 dimissoriales
468 4251 654 4314 concedant
671 4249 816 4312 Novitiis
832 4258 891 4313 aut
914 4248 1072 4330 professis
1088 4260 1181 4313 voto·
1205 4246 1320 4308 puerum,

65 4373 140 4417 rum
164 4353 366 4435 simplicium
392 4353 615 4432 triennalium,
631 4355 673 4418 ad
690 4354 755 4418 hoc
781 4362 818 4417 ut
843 4351 943 4417 titulo
972 4352 1183 4434 Paupertatis
