3117 4859
346 338 413 408 ¹90
454 336 643 388 urrunnun
663 338 899 388 nucucnlcnu
921 327 942 355 “
958 340 1162 390 chertusae
1180 340 1360 391 sauctus.
1376 317 1394 345 ¹'

206 502 313 568 sortiter
338 492 469 553 evincat
501 488 687 553 tolerando.
707 487 799 551 Hinc
830 489 912 552 illud
939 501 1037 565 recte,
1059 489 1178 553 Facere
1202 488 1320 571 etpati
1332 489 1454 571 sortia

194 567 313 682 ,ffiffif
336 594 553 658 christianum
579 602 652 665 est,
670 592 870 655 christianus
894 594 1031 667 etenim,
1054 595 1259 676 quicumque
1282 594 1454 656 habeatur

162 717 221 759 nus,
339 699 468 773 merito,
485 696 657 761 Christum
684 696 869 777 patientem
887 716 953 759 non
971 696 1130 778 subsequi
1156 716 1368 779 nequaquam
1387 715 1452 776 po·

339 813 413 867 test.
431 800 632 865 Patientiam
647 808 759 863 autem
783 800 935 877 dicimus,
946 820 1012 863 non
1029 802 1165 864 inanem
1178 800 1281 864 animi
1297 808 1453 863 ostenta·

338 906 465 971 tionem
491 905 533 967 ad
563 903 713 967 dolorem
731 904 995 979 obdurescentis,
1011 926 1098 986 quae
1128 906 1351 987 quorumdam
1383 902 1453 967 fuit

337 1023 489 1075 veterum
507 1008 784 1091 philosophorum
802 1028 809 1085 ;
824 1009 882 1070 sed
897 1029 992 1091 quae,
1002 1010 1197 1092 exemplum
1209 1010 1254 1073 ab
1264 1010 1322 1073 illo
1338 1019 1453 1073 trans·

216 1164 315 1215 curisti
339 1116 447 1179 ferens
463 1114 530 1196 qui,
532 1114 695 1195 proposito
706 1111 774 1174 sibi
780 1112 916 1194 gaudio,
930 1113 1092 1177 sustinuit
1114 1135 1247 1191 crucem,
1261 1114 1454 1193 confusrbne

163 1233 272 1308 exempto
290 1238 315 1278 u
338 1228 516 1299 contempta
532 1216 584 1299 (ἰ),
596 1218 639 1279 ab
667 1216 809 1298 ipsoque
830 1228 1023 1299 opportuna
1039 1218 1167 1300 gratiae
1185 1238 1375 1301 exposcens
1388 1239 1452 1282 au·

160 1306 259 1426 swa
271 1297 312 1345 Μ’
341 1323 431 1401 xiiia,
448 1321 577 1403 perpeti
591 1339 710 1402 aspera
726 1319 810 1383 nihil
839 1330 958 1386 renuat
984 1330 1086 1403 atque
1101 1321 1204 1385 etiam
1228 1321 1360 1403 gestiat,
1372 1342 1453 1403 per·

341 1426 606 1509 pessionemque,
634 1433 907 1507 quantacumque
937 1444 978 1487 ea
1004 1424 1112 1501 luerit,
1142 1426 1176 1487 in
1206 1424 1306 1488 lucris
1332 1434 1453 1507 ponat.

184 1537 215 1578 ¹¹¹
226 1529 315 1577 multo·
345 1529 474 1593 Habuit
490 1529 693 1593 catholicum
711 1547 845 1601 nomen,
857 1548 896 1591 ac
913 1548 995 1592 sene
1018 1528 1130 1607 habet,
1144 1528 1320 1593 doctrinae
1344 1529 1452 1595 huius

164 1600 314 1709 ”iiim
341 1634 523 1717 discipulos
548 1632 842 1716 praeclarissimos,
857 1634 1047 1714 complures
1069 1634 1193 1717 ubique
1216 1654 1261 1697 ex
1276 1636 1370 1698 omni
1393 1655 1453 1698 or·

160 1728 243 1790 plum.
341 1740 421 1804 dine
436 1740 524 1803 viros
537 1749 570 1802 et
580 1737 733 1812 feminas,
744 1739 814 1819 qui,
829 1758 888 1821 per
904 1738 1045 1819 vestigia
1060 1738 1184 1802 Christi
1201 1738 1351 1817 Domini,
1360 1740 1452 1803 iniu-

342 1842 408 1904 rias
424 1840 691 1921 acerbitatesque
707 1858 825 1902 omnes
841 1859 903 1920 pro
918 1841 1040 1903 virtute
1057 1848 1092 1903 et
1108 1839 1272 1923 religione
1286 1841 1454 1920 subirent,

342 1945 423 2008 illud
441 1942 592 2025 Didymi,
609 1962 643 2004 re
669 1942 776 2025 magis
792 1962 895 2025 quam
920 1944 1022 2020 dicto,
1038 1953 1257 2025 usurpantes:
1272 1944 1405 2007 Eamus
1420 1958 1457 2009 et

344 2070 409 2124 nos,
424 2058 455 2111 et
468 2046 656 2109 moriamur
669 2067 741 2109 cum
763 2066 799 2107 ro
814 2045 826 2127 (
844 2047 866 2127 ).
881 2083 924 2093 -
941 2045 1038 2128 Quae
1065 2047 1206 2130 insignis
1235 2050 1452 2114 constantiae

343 2152 432 2216 facta
463 2151 565 2215 etiam
597 2161 699 2233 atque
730 2151 832 2213 etiam
859 2149 1123 2232 multiplicentur
1147 2153 1331 2235 splendide,
1358 2156 1454 2218 unde

343 2257 548 2339 praesidium
565 2254 701 2333 civitati,
716 2254 888 2317 Ecclesiae
901 2257 1006 2320 virtus
1022 2268 1182 2339 augescat
1202 2267 1236 2320 et
1251 2258 1356 2340 gloria
1373 2258 1380 2319 l

194 2400 226 2451 3⁰
235 2386 315 2435 pum.
387 2362 538 2437 Tertium
557 2360 720 2422 malorum
736 2370 848 2441 caput,
869 2364 922 2425 cui
943 2365 1136 2443 quaerenda
1155 2372 1205 2427 est
1222 2363 1396 2439 medicina,
1413 2362 1452 2424 in

124 2476 128 2483 “
164 2467 314 2581 qwfjpigff
342 2463 534 2560 hominibus
552 2464 701 2525 maxime
714 2476 857 2545 apparet
873 2466 995 2528 aetatis
1011 2476 1155 2531 nostrae.
1174 2466 1340 2530 Homines
1354 2467 1451 2528 enirn

187 2598 244 2631 mus
254 2582 313 2630 obli·
342 2566 548 2649 superiorum
577 2576 777 2646 temporum,
800 2567 827 2629 si
852 2568 992 2649 quidem¹
1016 2572 1192 2646 terrestria,
1208 2568 1261 2632 vel
1286 2568 1452 2646 vitiosius,

165 2648 213 2699 w·
277 2746 281 2755 ³
342 2669 558 2746 adamabant,
568 2666 635 2730 l'ere
648 2678 761 2731 tamen
776 2689 842 2731 non
857 2669 990 2750 penitus
1003 2672 1270 2751 aspernabantur
1278 2670 1454 2734 caelestia:

205 2746 315 2859 ,2⁷:212
343 2773 405 2857 ipsi
422 2773 631 2837 ethnicorum
657 2773 902 2853 prudentiores,
918 2773 1005 2836 hanc
1028 2774 1125 2838 nobis
1141 2778 1245 2839 vitam
1262 2775 1449 2858 hospitium

162 2884 313 2989 mm:-
342 2898 422 2955 esse,
439 2896 504 2939 non
523 2876 672 2951 domum,
689 2877 923 2939 commorandi
940 2878 1170 2957 diversorium,
1183 2900 1249 2943 non
1262 2878 1452 2955 habitandi,

164 3009 298 3070 msnragrs
340 2985 457 3046 datum
474 2983 668 3045 docuerunt.
685 2979 752 3061 Qui
770 3001 859 3044 nunc
882 3002 960 3045 vero
983 2993 1061 3045 sunt
1086 2984 1251 3061 homines,
1274 2985 1337 3048 etsi
1361 2983 1452 3045 chri·

163 3072 315 3203 αὲἷὲζζιᾍᾞ
341 3088 449 3151 stiana
466 3087 539 3167 lege
556 3084 712 3157 instituti,
728 3082 822 3146 fluxa
838 3087 1026 3166 praesentis
1042 3086 1115 3148 aevi
1133 3088 1221 3150 bona
1237 3084 1385 3169 plerique
1400 3086 1451 3148 sic

162 3204 265 3254 ethnici.
340 3202 585 3265 consectantur,
603 3199 638 3251 ut
655 3187 820 3269 potiorem
837 3190 983 3270 patriam
1002 3190 1034 3250 in
1062 3191 1134 3253 aevi
1161 3190 1355 3273 sempiterni
1371 3190 1452 3252 bea-

340 3299 446 3375 titate,
463 3316 529 3359 non
548 3293 709 3357 memoria
725 3292 834 3355 solum
853 3292 950 3370 elabi,
972 3294 1030 3355 sed
1046 3293 1235 3357 extinctam
1260 3312 1449 3375 prorsusne

340 3404 486 3465 deletam
504 3420 562 3480 per
577 3416 746 3459 summum
763 3393 911 3457 dedecus
928 3395 1051 3473 velint;
1068 3394 1190 3459 frustra
1211 3402 1449 3459 commonente

280 3570 284 3579 ,
343 3504 446 3569 Paulo
461 3529 467 3567 :
489 3504 566 3565 Nou
593 3498 748 3563 habemus
762 3498 817 3560 lzic
839 3508 1021 3561 rumuntem
1036 3500 1212 3577 civitatem,
1226 3500 1450 3579 sedjuturam

164 3570 314 3684 „griffi
341 3608 543 3690 inquirimus
571 3604 621 3685 (3).
650 3602 755 3666 Cuius
781 3601 828 3664 rei
853 3602 1109 3683 explorantibus
1135 3611 1282 3681 caussas,
1305 3601 1386 3666 illud
1414 3602 1449 3664 in

176 3702 312 3813 lxm
341 3714 456 3796 primis
483 3711 633 3785 occurrit,
665 3707 755 3790 quod
789 3707 902 3769 multis
935 3727 1130 3789 persuasum
1162 3708 1215 3784 sit,
1243 3706 1450 3790 cogitatione

161 3846 246 3880 eorum
267 3832 314 3895 qm·
341 3816 527 3880 futurorum
539 3814 712 3876 caritatem
724 3811 835 3873 dirimi
849 3811 977 3891 patriae
990 3811 1154 3874 terrestris
1166 3812 1282 3894 reique
1294 3810 1450 3892 publicae

158 3903 253 4010 {m}
266 3904 314 4009 '2⁶3'
340 3921 596 4002 prosperitatem
613 3914 774 3978 convelli:
788 3935 856 3996 quo
869 3915 950 3977 nihil
964 3914 1118 3997 prolecto
1130 3915 1289 3993 odiosius,
1301 3915 1448 3996 ineptius

162 4028 313 4103 imfuturae
340 4024 432 4089 nihil.
449 4021 584 4087 Etenim
602 4040 668 4082 non
687 4038 726 4081 ea
752 4021 995 4100 sperandarum
1012 4029 1134 4081 natura
1150 4029 1201 4083 est
1226 4037 1347 4095 rerum,
1362 4035 1450 4099 quae

156 4099 312 4206 primii,
340 4137 470 4192 mentes
485 4125 660 4189 hominum
678 4122 740 4184 sibi
757 4123 804 4184 sic
829 4122 1011 4198 vindicent,
1029 4132 1066 4185 ut
1086 4143 1143 4185 eas
1159 4142 1180 4184 a
1204 4142 1286 4187 cura
1311 4122 1451 4186 omnino

168 4225 313 4351 &522²ssss
339 4242 492 4298 avertant
508 4228 733 4313 praesentium
751 4226 916 4290 bonorum
926 4249 933 4303 ;
944 4228 1081 4309 quando
1094 4236 1127 4289 et
1142 4226 1296 4290 Christus
1307 4242 1448 4307 regnum

371 4374 390 4406 1.
405 4362 487 4413 Hebe,
501 4370 549 4411 xtt,
560 4372 581 4405 2.
594 4382 624 4391 -
639 4370 660 4402 a.
674 4356 769 4407 Inuum,
783 4364 820 4406 xl,
836 4355 870 4400 16.
882 4378 911 4387 -
926 4367 947 4411 3.
967 4352 1172 4409 Hebr.,xut,14.
