3117 4859
239 362 289 409 DE
316 361 514 411 COLLEGIlS
541 361 788 411 CLERICORUM
818 362 857 409 lN
888 362 1021 411 INDllS.
1125 346 1193 431 169

92 512 212 575 talibus
239 511 390 593 Collegia
422 514 598 594 quaedam,
625 513 683 575 ubi
710 512 847 575 iuvenes
875 514 1004 575 incolae
1035 515 1067 575 in
1100 534 1194 594 spem
1282 538 1312 614 fr

94 615 260 678 Ecclesiae
286 616 517 678 adolescentes
545 616 739 679 erudiantur
764 618 807 679 ad
832 636 968 679 omnem
992 617 1195 697 elegantiam
1254 583 1343 697 Ilulpvy

93 722 260 785 doctrinae
284 724 327 786 ad
355 742 480 803 easque
505 722 657 799 virtutes,
683 724 755 787 sine
779 723 902 805 quibus
927 744 987 787 uec
1004 733 1120 787 sancte
1136 743 1197 786 uec
1224 752 1373 799 rumreica-

94 820 213 884 utiliter
234 824 383 884 exerceri
400 843 495 885 sacra
523 844 661 886 munera
688 834 825 905 queunt.
855 822 991 885 Amotis
1018 822 1196 885 dissensio·
1224 816 1359 945 ‘mmm

94 947 167 990 num
183 929 311 991 caussis
327 950 387 1010 per
409 940 510 1011 pacta
534 939 712 1004 conventa,
739 931 963 1012 ordinataque
986 931 1198 994 administra·
1222 890 1317 1023 lsrael
1334 948 1361 995 S.

94 1032 177 1094 tione
194 1032 404 1097 Dioeceseon
422 1054 482 1116 per
500 1033 732 1097 Hierarchiam
748 1034 1020 1111 ecclesiasticam,
1031 1036 1057 1097 si
1069 1034 1198 1097 licuerit
1226 1014 1375 1126 ῗξιῇζᾏξζξῗ

95 1134 203 1211 Nobis,
218 1138 310 1217 quod
339 1139 551 1219 propositum
579 1147 639 1214 est,
666 1139 870 1202 institutioni
896 1137 1102 1203 Clericorum
1120 1146 1198 1221 apte
1225 1142 1337 1191 licitudi·

93 1240 269 1316 consulere,
279 1244 374 1323 quasi
392 1242 563 1325 fastigium
581 1246 674 1325 operi
685 1246 876 1307 videbimur
888 1244 1094 1327 imposuisse.
1109 1242 1196 1306 Nam
1224 1224 1375 1337 {mm

94 1347 231 1409 conditis
260 1346 375 1423 semel,
400 1348 447 1409 uti
474 1349 635 1423 diximus,
662 1348 867 1413 Clericorum
896 1349 1093 1424 seminariis,
1109 1359 1198 1410 certa
1224 1340 1376 1453 ‘elsplecomlu-

95 1467 161 1524 spes
176 1460 276 1526 esset,
291 1453 482 1514 sacerdotes
499 1455 639 1515 idoneos
656 1473 778 1534 magna
804 1454 901 1535 copia
925 1453 1004 1516 inde
1020 1454 1198 1529 extituros‚

96 1560 145 1639 qui
161 1562 297 1641 pietatis
313 1562 554 1646 doctrinaeque
579 1566 691 1627 lumen
720 1564 788 1627 late
813 1564 1001 1639 tunderent,
1017 1565 1140 1647 quique
1164 1563 1197 1625 in

96 1663 339 1730 disseminanda
352 1666 530 1749 Evangelii
547 1670 691 1731 veritate
704 1670 901 1750 praecipuas
919 1669 1103 1731 industriae
1119 1686 1199 1729 suae

96 1780 198 1847 partes
215 1772 362 1834 scienter
379 1774 596 1836 insumerent.
607 1810 650 1820 -
664 1774 703 1835 In
717 1794 802 1854 opus
815 1783 884 1835 tam
902 1772 1025 1849 nobile,
1041 1772 1198 1854 idemque
1225 1755 1375 1869 ranruner

98 1872 239 1937 infinitae
258 1875 450 1938 mortalium
468 1875 675 1939 multitudini
688 1876 787 1938 saluti
806 1874 964 1951 futurum,
980 1876 1121 1956 dignum
1140 1886 1198 1952 est,
1225 1886 1295 1949 apud
1305 1888 1347 1933 ln-

97 1977 234 2059 aliquam
251 1979 448 2060 Europaeos
459 1980 609 2043 conferre
622 2000 777 2062 operam;
791 1982 985 2062 praesertim
998 1981 1088 2063 quod
1103 2000 1199 2063 pares
1225 1951 1360 2081 2222?

97 2103 162 2147 esse
176 2088 405 2169 magnitudini
421 2098 617 2169 sumptuum
633 2088 694 2151 soli
711 2108 777 2150 non
793 2107 980 2169 possumus.
992 2086 1199 2153 Christiano·
1225 2090 1374 2196 {mppr-

99 2206 163 2250 rum
178 2200 229 2253 est
246 2191 402 2254 homiues
419 2193 601 2267 universos,
616 2192 821 2273 ubicumque
843 2193 978 2273 degant,
1007 2192 1039 2253 in
1058 2190 1198 2255 fratrum
1225 2214 1344 2275 conquat

98 2291 209 2358 habere
224 2296 311 2371 loco,
326 2307 360 2360 et
383 2297 529 2361 alienum
557 2319 576 2359 a
603 2299 743 2362 caritate
770 2318 832 2361 sua
859 2308 978 2379 putare
1002 2298 1199 2359 neminem:
1226 2279 1351 2391 {fiij

97 2395 188 2478 idque
203 2400 236 2462 in
255 2400 295 2462 iis
313 2400 411 2464 rebus
428 2402 587 2477 maxime,
603 2403 635 2464 in
661 2402 783 2484 quibus
809 2402 1043 2484 proximorum
1060 2401 1200 2463 vertitur
1222 2410 1358 2471 gtunrcon-

99 2506 293 2585 sempiterna
310 2504 408 2568 salus.
426 2504 657 2587 Quamobrem
674 2506 821 2587 petimus
838 2526 857 2567 a
873 2504 968 2568 vobis
986 2524 1200 2587 magnopere,
1217 2474 1363 2537 strenuam.

98 2606 308 2671 venerabiles
325 2610 516 2687 Fratres,ut
531 2611 708 2673 consilium
726 2620 761 2673 et
777 2619 900 2673 conata
918 2608 1044 2675 Nostra
1060 2630 1095 2673 re
1106 2610 1199 2672 adiu-

98 2729 175 2789 vare,
189 2721 356 2794 quantum
374 2714 406 2775 in
423 2715 520 2777 vobis
536 2723 597 2790 est,
613 2715 732 2778 velitis.
750 2714 841 2777 Date
857 2733 994 2795 operam
1013 2723 1050 2776 ut
1063 2715 1198 2777 in'com-

99 2824 186 2893 petto
202 2819 245 2880 sit
262 2818 310 2880 rei
326 2818 512 2882 catholicae
528 2818 561 2881 iu
578 2830 649 2881 tam
667 2819 806 2882 remotis
822 2819 1015 2899 regionibus
1027 2818 1199 2881 conditio:

100 2918 209 2986 efficite
225 2935 262 2986 ut
278 2923 381 3005 vulgo
397 2925 596 3006 intelligant,
613 2924 726 2988 conari
744 2923 871 3005 aliquid
889 2944 950 3004 pro
967 2923 1074 2986 Iudiis
1101 2943 1198 3003 opor·

100 3035 181 3091 tere:
195 3028 297 3111 idque
313 3028 464 3092 maxime
480 3029 626 3092 sentiant
643 3030 674 3106 ii,
690 3028 748 3111 qui
772 3046 871 3109 posse
894 3025 1116 3089 beneficentia
1141 3026 1199 3103 uti,

100 3130 255 3211 optimum
272 3142 395 3214 putant
412 3133 573 3214 pecuniae
588 3132 740 3197 lructum.

137 3236 331 3301 Munificam
350 3236 550 3319 populorum
577 3245 762 3299 vestrorum
789 3236 999 3298 voluntatem
1024 3232 1116 3294 haud
1134 3231 1199 3295 sru-

101 3347 160 3401 stra
184 3341 256 3403 Nos
281 3341 522 3423 imploravisse,
547 3350 639 3403 certo
664 3340 798 3403 scimus.
824 3338 861 3403 Si
890 3336 995 3400 maior
1016 3336 1199 3399 liberalitas

101 3440 198 3521 luerit,
223 3466 325 3527 quam
352 3453 508 3527 sumptus
533 3445 565 3506 in
593 3444 746 3527 Collegia
774 3462 874 3525 supra
902 3443 993 3506 dicta
1011 3444 1200 3517 necessarii,

101 3548 252 3631 quidquid
269 3552 331 3613 erit
348 3571 392 3613 ex
410 3570 485 3612 aere
503 3548 627 3613 collato
643 3548 770 3631 reliqui
790 3549 822 3610 in
851 3548 918 3611 alia
936 3546 1064 3611 utiliter
1079 3548 1200 3630 pieque

102 3664 210 3731 coepta
226 3654 419 3717 curabimus
435 3655 655 3736 erogandum.
1012 3664 1015 3671 ⁴

139 3752 339 3821 Caelestium
372 3778 547 3821 munerum
579 3758 750 3840 auspicem
783 3776 822 3820 ac
854 3765 1015 3837 paternae
1053 3756 1201 3821 Nostrae

102 3855 344 3926 benevolentiae
360 3873 480 3926 testem
509 3862 614 3938 vobis,
639 3859 860 3924 Venerabiles
885 3860 1029 3938 Fratres,
1045 3870 1079 3924 et
1103 3860 1201 3926 Clero

102 3963 283 4048 populoque
299 3978 411 4029 vestro
427 3966 662 4049 Apostolicam
688 3965 957 4031 benedictionem
987 3976 1202 4051 peramanter

103 4061 311 4145 impertimus.
526 4056 551 4099 ‘x
900 4122 901 4125 ,

142 4167 263 4235 Datum
276 4172 408 4236 Romae
418 4174 548 4255 apudS.
556 4176 691 4236 Petrum
703 4174 757 4236 die
767 4188 859 4237 xxtv
873 4175 959 4237 lunii
971 4188 1200 4249 MDCCCXCIII,

74 4341 78 4349 ,
105 4272 311 4341 Pontificatus
325 4277 441 4341 Nostri
454 4300 545 4343 anno
557 4279 808 4341 decimosexto.

801 4390 897 4456 LEO
923 4390 984 4453 ΡΡ.
1010 4390 1111 4453 ΧΙΙΙ.
