3117 4859
381 376 430 427 DE
457 376 607 427 STUDIIS
635 376 872 429 SCRIPTURAE
898 378 1052 431 sncknu.
1203 379 1273 451 225

157 522 333 602 aspirante
350 520 434 599 De0,
449 522 649 584 censuimus
669 521 741 584 Iam
758 523 802 585 sit
825 533 982 597 vestrum,
1006 543 1131 601 curare,
1147 534 1184 587 ut
1206 542 1273 605 qua

158 644 224 707 par
239 633 291 704 est
306 625 468 707 religione
484 626 718 689 custodiantur
734 636 768 689 et
784 627 1005 692 observentur
1020 630 1088 691 :sle
1104 637 1141 691 ut
1157 629 1272 691 debita
1339 592 1412 693 niis

160 730 241 793 Deo
255 730 374 811 gratia,
388 731 431 791 de
446 730 704 793 communicatis
732 731 883 795 humano
909 733 1024 815 generi
1053 732 1196 816 eloquiis
1220 752 1273 795 sa·
1342 703 1416 767 ¹⁸⁹³·

160 832 312 914 pientiae
327 851 416 909 suae,
431 833 587 895 testatius
603 835 740 911 eniteat,
751 844 958 917 optataeque
970 835 1134 900 utilitates
1151 837 1274 899 redun·
1303 833 1369 947 {52³5
1378 818 1443 935 εἴ

160 936 256 1010 dent,
271 938 421 999 maxime
431 936 474 999 ad
485 958 599 999 sacrae
611 938 795 1002 iuventutis
808 937 1067 1015 institutionem,
1077 960 1166 1023 quae
1178 947 1274 1003 tanta
1305 949 1372 998 nuit.

160 1049 217 1101 est
232 1058 310 1102 cura
327 1036 451 1102 Nostra
467 1050 500 1103 et
517 1060 594 1121 spes
611 1040 793 1105 Ecclesiae.
817 1041 1033 1123 Auctoritate
1060 1042 1218 1105 nlmirum
1240 1049 1275 1105 et

159 1143 356 1207 hortatione
371 1144 450 1205 date
466 1145 593 1207 alacres
610 1165 758 1226 operam,
774 1154 813 1208 ut
835 1146 868 1208 in
897 1144 1105 1223 Seminariis,
1121 1156 1224 1229 atque
1241 1146 1273 1207 ln
1366 1138 1373 1151 ”

159 1246 359 1309 Academiis
373 1266 461 1329 quae
477 1258 597 1330 parent
613 1249 732 1311 ditioni
748 1258 890 1327 vestrae,
906 1251 990 1313 haec
1006 1250 1120 1313 studia
1136 1250 1224 1314 iusto
1240 1251 1274 1312 in

158 1351 293 1414 honore
309 1353 494 1415 consistant
509 1354 723 1435 vigeantque.
743 1353 880 1435 Integre
903 1354 1113 1438 feliciterque
1128 1356 1276 1438 vigeant,

161 1454 388 1517 moderatrice
415 1455 576 1533 Ecclesia,
601 1458 787 1521 secundum
819 1457 1040 1522 saluberrima
1070 1460 1275 1521 documenta

161 1572 202 1622 et
217 1559 374 1641 exempla
391 1557 442 1625 Ss.
459 1559 597 1625 Patrum
613 1561 855 1643 laudatamque
879 1562 1045 1625 maiorum
1061 1560 1276 1624 consuetudi-

162 1681 246 1725 nem
261 1687 268 1727 :
284 1672 386 1746 atque
401 1664 482 1727 talia
498 1686 543 1727 ex
559 1676 749 1747 temporum
766 1686 865 1729 cursu
882 1666 1091 1729 incrementa
1106 1664 1277 1746 accipiant

161 1788 255 1851 quae
270 1762 348 1831 vere
362 1769 430 1832 sint
446 1770 479 1831 in
493 1770 697 1850 praesidium
711 1781 745 1834 et
756 1772 899 1854 gloriam
915 1770 1102 1833 catholicae
1114 1770 1277 1846 veritatis,
1340 1803 1343 1813 ι

160 1882 267 1936 natae
282 1874 442 1937 divinitus
458 1874 501 1937 ad
518 1894 698 1955 perennem
710 1875 912 1956 populorum
927 1876 1135 1939 salutem-
1146 1872 1277 1938 Omnes
1367 1916 1458 1967 clem

159 1978 312 2061 denique
327 1978 481 2041 alumnos
498 1989 531 2042 et
547 1981 765 2043 administros
783 1979 956 2043 Ecclesiae
971 1990 1111 2062 paterna
1137 1979 1278 2058 caritate
1302 1984 1382 2060 sacris
1399 1982 1456 2032 Lir-

162 2079 399 2158 admonemus,
414 2093 451 2145 ut
467 2083 509 2145 ad
535 2103 645 2146 sacras
672 2083 819 2146 Litteras
846 2084 970 2147 adeant
993 2103 1128 2147 summo
1143 2103 1278 2165 semper
1302 2054 1438 2163 msa.

163 2184 291 2251 aflectu
308 2188 511 2250 reverentiae
527 2197 561 2249 et
578 2187 737 2268 pietatis:
765 2208 979 2271 nequaquam
1007 2188 1098 2251 enim
1126 2187 1275 2269 ipsarum
1304 2194 1421 2257 moreve-

161 2288 391 2370 intelligentia
420 2288 609 2353 salutariter
636 2300 672 2354 ut
702 2312 789 2374 opus
828 2300 880 2355 est
909 2302 1024 2372 patere
1041 2351 1043 2358 ,
1060 2297 1182 2373 potest,
1213 2288 1276 2351 nisi
1299 2250 1455 2374 {iffifff

161 2397 297 2458 remota
327 2393 486 2457 scientiae
519 2403 664 2457 terrenae
703 2396 905 2477 arrogantia,
943 2395 1125 2477 studioque
1162 2404 1278 2457 sancte
1296 2375 1377 2440 fectu.

161 2498 318 2561 excitato
334 2498 404 2559 eius
419 2517 501 2578 quae
515 2496 687 2561 desursum
713 2508 762 2561 est
785 2500 980 2582 sapientiae.
1004 2497 1110 2563 Cuius
1127 2498 1160 2561 In
1177 2497 1277 2560 disci-

162 2602 295 2685 plinam
312 2600 415 2663 semel
431 2602 580 2664 admissa
598 2620 701 2679 mens,
718 2612 819 2684 atque
847 2602 926 2665 inde
949 2600 1115 2665 illustrata
1130 2609 1165 2665 et
1181 2602 1278 2664 robo-

162 2716 250 2783 rata,
267 2707 349 2769 mire
373 2705 499 2769 valebit
523 2715 560 2769 ut
589 2708 691 2769 etiam
719 2707 890 2771 humanae
912 2707 1072 2769 scientiae
1088 2725 1175 2788 quac
1198 2713 1277 2769 sunt

161 2811 301 2876 fraudes
317 2811 495 2891 dignoscat
510 2821 544 2871 et
560 2812 652 2886 vitet,
667 2811 724 2893 qui
742 2819 821 2872 sunt
846 2809 945 2872 solidi
970 2808 1098 2872 lructus
1114 2808 1279 2891 percipiat

162 2928 202 2982 et
219 2915 262 2977 ad
278 2924 414 2978 aeterna
429 2913 569 2981 reserat:
586 2917 664 2978 inde
681 2917 857 2996 potissime
884 2916 1110 2979 exardescens
1136 2914 1278 2991 animus,

160 3016 213 3083 ad
228 3017 457 3081 emolumenta
472 3019 604 3080 virtutis
620 3028 653 3080 et
670 3018 775 3080 divini
804 3018 928 3080 amoris
950 3017 1069 3098 spiritu
1099 3015 1277 3079 vehemen-

161 3122 253 3185 tiore
269 3122 450 3184 contendet
466 3146 472 3185 :
487 3120 586 3183 Beati
598 3122 658 3203 qui
669 3130 865 3185 scrutantur
873 3120 1062 3185 testimonia
1072 3118 1153 3195 eius,
1168 3118 1204 3181 in
1214 3127 1279 3181 toto

162 3224 263 3289 corde
276 3226 454 3307 exquirant
468 3227 565 3308 eum(
583 3226 605 3308 ).

214 3330 287 3392 Iam
311 3330 415 3391 divini
443 3331 559 3393 auxilii
586 3350 646 3411 spe
675 3329 749 3393 freti
777 3340 810 3392 et
839 3327 1000 3411 pastorali
1027 3325 1140 3389 studio
1165 3334 1277 3387 vestro

162 3432 296 3509 confisi,
311 3432 546 3515 Apostolicam
570 3434 852 3509 benedictionem,
879 3431 1073 3496 caelestium
1100 3430 1297 3493 munerum

160 3540 338 3619 auspicem
357 3538 567 3621 Nostraeque
583 3540 760 3621 singularis
770 3536 1028 3601 benevolentiae
1038 3534 1277 3609 testem,vobis

161 3642 336 3719 omnibus,
352 3642 574 3724 universoque
590 3641 689 3707 Clero
704 3651 738 3705 et
755 3641 882 3724 populo
909 3640 1050 3723 singulis
1072 3639 1277 3716 concredito,

163 3755 383 3831 peramanter
398 3746 430 3808 in
449 3745 598 3811 Domino
622 3748 843 3829 impertimus.
924 3813 927 3819 ,

213 3852 342 3916 Datum
372 3852 501 3917 Romae
528 3856 617 3935 apud
644 3852 678 3918 S.
703 3856 839 3917 Petrum
866 3852 922 3914 die
948 3864 1045 3915 xvm
1072 3850 1278 3914 Novembris

165 3966 401 4035 MDCchc111,
417 3956 637 4022 Pontificatus
655 3956 770 4021 Nostri
787 3976 877 4020 anno
890 3954 1023 4019 decimo
1038 3964 1147 4019 sexto.

834 4092 930 4158 LEO
955 4093 1018 4158 ΡΡ.
1043 4092 1146 4157 XIII.

198 4288 221 4321 1.
236 4274 275 4321 Pe
288 4283 369 4328 xvnt,
381 4287 403 4321 2.

244 4511 301 4552 Acta
314 4508 393 4550 Leonis
405 4508 472 4550 XIII.
