3117 4859
421 327 471 396 ou
500 347 671 398 uurrnrn
699 345 914 398 sccansmn.
1154 335 1223 424 183

119 488 241 556 tillius
253 496 355 568 caput
371 487 456 569 (¹).)
479 486 546 550 Hic
558 487 649 549 enim
666 506 753 551 unus
767 488 964 570 designatus
980 510 999 553 a
1016 489 1154 555 Christo
1174 503 1226 558 est
1288 500 1380 589 ,alm

117 590 376 656 fundamentum
394 589 587 654 Ecclesiae:
603 591 665 671 ipsi
679 590 812 673 legundi
820 592 919 674 copia
927 592 1136 676 solvendique
1151 617 1224 676 per·
1292 599 1364 662 18⁹⁶·

118 697 227 772 missa,
237 694 415 776 eidemque
425 692 581 776 pascendi
589 693 670 758 data
683 703 834 777 potestas
850 695 915 759 uni.
922 695 1051 762 Contra
1061 699 1223 782 quidquid

115 799 326 862 auctoritatis
349 818 389 860 ac
415 797 562 861 muneris
578 817 736 880 accepere
754 798 922 882 Apostoli,
943 800 1122 867 coniuncte
1144 824 1222 868 cum

118 903 216 968 Petro
232 923 389 986 accepere
403 926 411 966 ε
426 901 577 969 <Divina
587 903 741 985 dignatio
756 905 785 967 si
801 904 881 987 quid
899 923 975 968 cum
992 926 1033 969 eo
1043 926 1224 974 commune

120 1008 270 1076 tceteris
294 1007 400 1071 voluit
422 1025 495 1071 esse
511 1007 726 1090 principibus,
748 1027 922 1090 uunquam
939 1010 1002 1072 nisi
1029 1029 1088 1092 per
1110 1013 1222 1094 ipsum

119 1111 254 1190 «dedit,
278 1109 442 1194 quidquid
459 1108 533 1174 aliis
560 1131 627 1175 non
644 1114 780 1195 negavit
796 1112 882 1194 (²),
903 1129 921 1182 t
938 1113 988 1178 Ut
1011 1134 1088 1180 cum
1117 1117 1223 1180 multa

116 1231 135 1285 t
150 1215 241 1280 solus
257 1216 432 1298 acceperit,
448 1213 529 1279 nihil
554 1215 587 1279 in
610 1235 816 1299 quemquam
830 1217 902 1280 sine
918 1218 1023 1300 ipsius
1044 1220 1222 1303 participa·
1247 1195 1401 1315 5311(ᾙρ

115 1327 206 1391 tione
231 1326 399 1391 transierit
423 1323 510 1408 (³).u
534 1325 590 1388 Ex
617 1345 686 1408 quo
712 1325 813 1408 plane
835 1326 1042 1408 intelligitur,
1064 1328 1221 1392 excidere
1248 1315 1400 1436 πέζῃ

113 1433 290 1514 episcopos
314 1430 385 1493 iure
401 1449 439 1493 ac
457 1438 627 1511 potestate
643 1429 791 1513 regendi,
817 1431 844 1492 si
861 1450 881 1493 a
898 1430 1127 1494 Petro-eiusne
1148 1450 1220 1493 suc·
1248 1434 1347 1540 wne}

113 1535 299 1598 cessoribus
322 1535 468 1598 scientes
494 1535 700 1598 secesserint.
727 1533 817 1597 Nam
845 1555 866 1598 a
891 1535 1123 1613 fundamento,
1152 1554 1221 1617 quo
1249 1553 1375 1613 ponemus

112 1647 221 1702 totum
238 1637 341 1702 debet
364 1637 554 1702 aedificium
570 1639 641 1713 niti,
656 1639 845 1702 secessione
860 1636 1085 1712 divelluntur:
1105 1639 1221 1721 itaque
1246 1615 1391 1720 {ffffl'ssss

112 1741 241 1805 exclusi
256 1742 404 1826 aedificio
419 1743 493 1825 ipso
509 1751 607 1806 sunt:
623 1743 668 1806 ob
683 1742 906 1824 eamdemque
918 1761 1071 1806 caussam
1083 1742 1129 1806 ab
1139 1741 1223 1806 ovili
1238 1791 1390 1851 famm-

112 1847 261 1922 seiuncti,
288 1848 341 1910 cui
366 1849 438 1912 dux
466 1855 516 1910 est
539 1856 656 1929 pastor
681 1847 862 1924 maximus,
878 1841 1036 1930 regnoque
1058 1855 1220 1926 extorres,
1245 1855 1400 1968 mm

113 1951 209 2012 euius
224 1950 282 2013 uni
301 1950 401 2013 Petro
416 1951 518 2014 datae
533 1951 695 2014 divinitus
711 1949 832 2016 claves.
1246 1975 1285 2016 ese.

156 2051 288 2135 Quibus
309 2055 407 2118 rebus
423 2073 535 2118 rursus
551 2055 721 2119 noscimus
733 2055 766 2117 in
783 2055 1022 2119 constituenda
1036 2056 1220 2120 christiana
1285 2113 1398 2160 cm

112 2157 282 2240 republica
309 2159 488 2224 caelestem
519 2159 780 2244 descriptionem
814 2169 1033 2242 mentemque
1060 2160 1219 2224 divinam.
1244 2186 1299 2243 ergo
1316 2173 1398 2220 ocn-
1480 2208 1482 2213 .

112 2261 281 2328 Videlicet
296 2282 374 2328 cum
392 2262 580 2327 Ecclesiam
596 2263 729 2327 divinus
746 2271 863 2328 auctor
879 2261 944 2327 lide
956 2271 990 2326 et
1006 2263 1170 2355 regimine
1184 2274 1219 2329 et
1244 2246 1396 2338 miii?

108 2367 344 2431 communione
361 2387 462 2431 unam
479 2387 552 2430 esse
562 2367 774 2444 decrevisset,
789 2369 927 2432 Petrum
941 2369 1078 2451 eiusque
1088 2387 1217 2432 succes·
1243 2352 1384 2471 23ss}

107 2492 199 2536 sores
214 2471 341 2553 delegit
366 2472 539 2554 inquibus
563 2472 762 2555 principium
786 2471 872 2536 foret
892 2491 931 2535 ac
947 2471 1040 2536 velut
1064 2481 1216 2535 centrum
1242 2485 1388 2575 mg?

107 2577 254 2641 unitatis.
272 2574 387 2659 Quare
404 2574 616 2658 Cyprianus:
642 2590 660 2644 (l
678 2576 839 2641 Probatio
854 2585 906 2639 est
921 2577 963 2640 ad
990 2573 1092 2639 fidem
1109 2575 1216 2640 facilis
1243 2589 1385 2635 mmm

110 2694 127 2747 t
143 2680 346 2762 compendio
368 2679 528 2743 veritatis.
545 2679 712 2762 Loquitur
725 2681 894 2744 Dominus
910 2681 953 2744 ad
971 2680 1129 2744 Petrum:
1145 2678 1217 2762 Ego
1241 2649 1396 2755 Ἥζαξω

111 2799 128 2849 t
144 2783 205 2848 tibi
214 2783 294 2860 dico,
304 2783 423 2866 inquit,
443 2781 532 2860 Quia
541 2793 578 2846 tu
589 2803 624 2846 es
636 2783 797 2847 Petrus...
813 2782 923 2866 Super
938 2803 1043 2848 unum
1059 2783 1216 2849 aedificat
1242 2767 1351 2872 ζζζζῖξξζ

109 2888 341 2952 «Ecclesiam.
367 2887 411 2951 Et
427 2888 581 2970 quamvis
597 2886 775 2970 Apostolis
799 2886 957 2952 omnibus
980 2897 1057 2970 post
1074 2906 1215 2951 resurre-
1242 2891 1382 3005 ‘ewa'

112 3006 128 3057 t
143 2992 291 3055 ctionem
316 3012 411 3055 suam
436 3012 552 3073 parem
569 3001 774 3074 potestatem
791 2992 926 3068 tribuat,
943 2999 976 3054 et
991 2991 1104 3054 dicat:
1130 2992 1216 3056 sicut

111 3095 234 3161 «misit
251 3116 305 3160 me
330 3097 482 3172 Pater...,
498 3106 611 3159 tamen
634 3107 671 3159 ut
692 3096 858 3159 unitatem
885 3093 1127 3172 manifestaret,
1143 3097 1215 3159 uni-

108 3209 125 3262 t<
143 3200 221 3263 tatis
237 3199 388 3263 eiusdem
410 3199 574 3281 originem
600 3201 645 3263 ab
660 3219 728 3263 uno
750 3199 970 3280 incipientem
993 3216 1055 3261 sua
1070 3199 1215 3263 auctori-

111 3320 127 3366 «
143 3312 215 3368 tate
226 3304 394 3386 disposuit
405 3303 487 3386 (⁴).)
502 3303 619 3385 Atque
632 3303 780 3385 Optatus
799 3303 1038 3367 Milevitanus:
1051 3303 1215 3384 (Negare
1240 3357 1312 3413 mu
1320 3354 1394 3414 om·

110 3421 127 3474 t
145 3427 209 3471 non
227 3417 333 3490 potes,
346 3408 429 3471 scire
445 3417 479 3471 te
492 3410 523 3471 in
542 3409 623 3473 urbe
640 3408 752 3472 Roma
764 3408 865 3472 Petro
881 3407 991 3490 primo
1007 3405 1213 3471 cathedram
1241 3417 1281 3458 tus
1292 3413 1394 3460 Mum·
1494 3469 1502 3492 ,-

108 3526 125 3578 t
143 3511 367 3593 episcopalem
380 3531 453 3576 esse
469 3513 638 3590 collatam,
658 3515 690 3576 in
707 3532 774 3594 qua
800 3510 925 3575 sederit
949 3509 1101 3574 omnium
1118 3509 1215 3592 Apo·
1240 3477 1321 3525 ’Μ’

111 3631 126 3678 t
143 3615 306 3679 stolorum
323 3625 425 3698 caput
441 3617 569 3693 Petrus,
586 3619 675 3681 unde
691 3628 725 3681 et
738 3615 872 3698 Cephas
885 3613 1075 3697 appellatus
1091 3624 1163 3678 est:
1180 3616 1213 3677 in

108 3736 124 3785 r
141 3739 209 3802 qua
226 3740 294 3782 una
309 3719 480 3785 Cathedra
490 3721 601 3784 unitas
611 3721 823 3786 abomnibus
838 3727 1025 3783 servaretur
1039 3741 1047 3781 :
1059 3739 1102 3781 ne
1112 3719 1214 3782 ceteri

111 3841 126 3888 t
143 3823 300 3904 Apostoli
317 3824 468 3907 singulas
484 3825 545 3887 sibi
563 3824 705 3907 quisque
720 3824 951 3898 defenderent,
966 3831 1003 3886 ut
1016 3823 1083 3885 iam
1110 3821 1214 3885 schis·
1239 3884 1377 3933 schism·

110 3947 125 3994 t
143 3928 286 3992 maticus
313 3937 347 3991 et
362 3939 519 4009 peccator
543 3938 639 4004 esset,
654 3929 711 4010 qui
727 3937 846 3991 contra
870 3926 1074 4008 singularem
1090 3926 1214 3991 Cathe·
1240 3958 1294 3989 cum
1305 3951 1328 3990 ee

107 4047 124 4096 t<
141 4033 236 4095 dram
251 4031 391 4096 alteram
408 4031 588 4095 collocaret
598 4029 674 4114 (5).)
691 4031 793 4097 Unde
805 4041 856 4095 est
868 4030 924 4093 illa
934 4030 1040 4111 ipsius
1052 4029 1214 4111 Cypriani
1239 4004 1387 4110 mg&

106 4138 284 4214 sententia,
298 4155 375 4199 cum
392 4135 556 4199 haeresim
582 4147 653 4200 tum
671 4137 818 4199 schisma
834 4156 878 4198 ex
900 4154 942 4197 eo
956 4143 1067 4198 ortum
1091 4135 1215 4197 habere
1239 4125 1377 4241 zma

136 4295 156 4328 1.
171 4283 246 4330 Hom.
259 4293 386 4330 Lxxxvnt
398 4285 426 4329 in
444 4285 522 4339 Ioum,
537 4299 558 4331 n.
574 4299 593 4331 1.
608 4309 637 4319 -
653 4299 673 4332 α.
687 4287 711 4331 S.
727 4286 778 4332 Leo
790 4285 835 4336 M..
848 4297 928 4330 sermo
939 4292 975 4335 tt,
987 4295 1072 4341 capa
1091 4308 1121 4317 -
1139 4284 1212 4342 3.1b.

105 4363 126 4407 4.
140 4349 177 4394 De
190 4351 259 4396 vnit.
273 4351 348 4406 ΕιιὶΙΙ
362 4365 385 4399 n.
398 4365 419 4409 4.
433 4375 462 4385 -
478 4363 497 4409 5
513 4352 659 4400 DeScleisn.
675 4353 774 4422 Donat..
788 4353 828 4398 lib.
843 4361 870 4396 tr.
