3117 4859
269 365 524 418 uniuersum
542 366 593 415 ns
609 366 847 419 cumssrauu
867 370 907 420 nr
927 332 1126 421 suasum(
1191 350 1261 438 287

156 534 276 586 vacent
291 524 456 589 doctrina.
472 524 522 590 Os
538 524 664 589 etenim
684 526 869 588 sacerdotis
893 535 944 590 est
968 528 1058 590 unde
1082 526 1189 608 legem
1216 547 1263 591 re·
1358 541 1360 545 ·

155 627 286 708 quirere
313 626 429 691 fideles
465 639 643 710 oporteat:
667 628 818 711 Angelus
847 630 934 693 enim
958 630 1100 693 Domini
1127 640 1195 706 est,·
1219 633 1264 695 ob

154 750 297 813 eamque
313 750 465 795 caussam
488 732 636 796 edictum
664 732 827 816 legimus:
846 732 953 799 Labie
972 734 1148 798 sacerdotis
1162 745 1263 797 custo·

153 832 247 896 dreni
259 834 430 899 scienteom
445 836 490 919 (¹)
507 860 514 899 ε
529 837 718 918 Apostolus
733 858 813 899 vero
835 838 954 901 ceteris
978 858 1053 901 cum
1078 838 1263 903 rationibus

153 938 277 1018 quibus
289 959 324 1001 se
333 940 490 1007 exhibuit
500 940 587 1003 siuet
597 940 665 1003 Dei
675 940 868 1004 ministrum
880 940 933 1023 (²),
942 942 1117 1004 scientiam
1129 961 1262 1023 quoque

155 1053 407 1108 commemorat.
425 1044 522 1127 Quae
539 1046 676 1127 quidem
693 1045 834 1109 scientia
850 1065 953 1127 quum
978 1047 1083 1121 abest,
1100 1046 1132 1109 id
1158 1047 1260 1110 etiam

154 1148 369 1230 consequitur
393 1150 474 1231 ipsis
504 1150 735 1213 sacerdotibus
766 1151 1001 1233 perniciosum,
1028 1162 1063 1214 ut
1095 1151 1263 1225 nimirum,

155 1250 231 1314 Deo
262 1252 406 1333 neglecti
436 1252 536 1317 officii
567 1273 713 1337 poenam
745 1266 929 1337 repetente,
957 1264 1218 1318 contemnantur
1243 1276 1262 1319 a

155 1355 252 1435 plebe
267 1380 274 1420 :
288 1356 465 1439 Propterea
478 1357 556 1421 dedi
569 1380 627 1423 uos
641 1360 890 1442 contemptibiles
915 1369 947 1422 el
960 1358 1100 1423 humiles
1114 1358 1263 1423 omnibus

147 1462 304 1544 popnlr's(
323 1464 344 1546 ).
359 1500 403 1512 -
420 1463 498 1528 Hoc
514 1476 628 1528 tamen
645 1466 819 1528 doctrinae
846 1474 1081 1529 ornamentum
1110 1462 1199 1528 idem
1228 1474 1261 1527 et
1286 1490 1387 1553 sineque

154 1568 357 1648 praesidium
374 1587 588 1651 nequaquam
605 1568 648 1632 ad
665 1572 875 1653 propositum
902 1590 980 1633 vere
1007 1570 1181 1645 conducet,
1197 1570 1224 1631 si
1241 1588 1261 1631 a
1286 1571 1417 1671 mm

153 1672 243 1735 vitae
265 1672 309 1735 sit
335 1693 534 1756 morumque
558 1675 783 1738 sanctimonia
805 1676 1004 1739 seiunctum.
1023 1674 1260 1755 Praeterquam
1286 1687 1420 1750 conspicue,

153 1778 382 1859 etenimquod
399 1778 539 1841 scientia
550 1778 623 1841 sine
638 1779 777 1842 caritate
791 1800 854 1843 non
866 1778 1024 1861 aedificat,
1034 1778 1093 1841 sed
1102 1778 1199 1861 instat
1209 1778 1261 1866 (i),

153 1882 235 1945 illud
265 1881 333 1946 sere
358 1893 410 1946 est
436 1883 612 1947 hominum
644 1884 817 1965 ingenium
849 1894 896 1960 ut,
923 1885 1077 1966 quamvis
1105 1882 1259 1947 Christus

153 1988 308 2064 edixerit,
331 1988 521 2052 doctrinam
547 1989 684 2070 quidem
709 1990 753 2051 ab
781 2008 951 2051 sacrorum
984 1988 1143 2051 ministris
1174 1990 1258 2052 acci-

152 2092 323 2173 piendam,
337 2112 441 2175 opera
465 2112 546 2157 vero
570 2113 685 2156 eorum
713 2113 780 2156 non
803 2092 1011 2156 attendenda
1027 2092 1054 2155 si
1071 2093 1259 2157 adoctrina
1410 2154 1424 2203 b

152 2196 387 2272 dissenserint;
403 2196 582 2279 proclivius
597 2206 711 2259 tamen
729 2198 763 2259 in
780 2217 819 2259 ea
837 2196 984 2259 serantur
996 2214 1082 2277 quae
1098 2204 1258 2277 usurpent
1284 2160 1437 2267 trabib?

152 2300 268 2375 oculis,
283 2320 385 2381 quam
402 2320 490 2382 quae
512 2320 572 2383 per
599 2320 695 2364 aures
711 2300 934 2363 dimittantur.
951 2299 1200 2381 Proptereaque
1215 2301 1258 2363 de
1285 2283 1434 2414 ffflssmv

152 2406 229 2488 ipso
244 2405 421 2469 Servatore
438 2404 523 2478 Deo,
539 2405 595 2487 qui
612 2413 787 2485 pastorum
805 2403 855 2465 sui
874 2402 985 2485 gregis
1002 2422 1069 2464 non
1098 2402 1259 2485 magister
1284 2416 1371 2481 confir-

152 2510 261 2573 solum
278 2509 338 2573 sed
356 2508 461 2571 forma
477 2510 580 2572 etiam
596 2517 647 2572 est
663 2507 781 2583 lactus,
799 2506 968 2587 praeclare
992 2517 1153 2570 testatum
1178 2508 1258 2589 legi·
1286 2489 1361 2531 ’Μ’

152 2634 228 2678 mus
243 2608 589 2696 eum‘coepissefacere
603 2622 635 2676 et
647 2612 777 2687 docem
793 2622 830 2676 ut
846 2611 972 2693 scilicet
983 2632 1084 2694 quam
1103 2614 1259 2677 sacerdos

150 2720 255 2783 tradit
279 2721 563 2802 commendatque
589 2719 790 2793 doctrinam,
813 2738 887 2781 eam
914 2738 948 2781 re
975 2720 1047 2799 ipse
1074 2717 1259 2783 confirmet.

152 2823 237 2885 Prae
252 2824 379 2901 ceteris,
395 2824 451 2904 qui
469 2822 632 2904 paroeciis
657 2820 818 2903 regundis
844 2819 1032 2903 praefectus
1057 2832 1119 2897 est,
1134 2819 1258 2885 laboris
1434 2904 1440 2914 ·

151 2946 195 2989 ne
218 2926 262 2988 sit
284 2926 473 3005 impatiens,
488 2933 695 3006 vocatusque
719 2924 752 2986 in
777 2924 910 2986 vineam
930 2924 1079 2999 Domini,
1093 2925 1180 2987 hanc
1197 2928 1258 2987 im·
1386 2903 1437 2963 0¹¹¹

1300 2982 1315 3012 a

150 3028 247 3111 pigre
261 3036 296 3090 et
318 3037 513 3092 constanter
535 3036 693 3090 exerceat
717 3035 751 3089 et
774 3026 874 3102 colat,
892 3012 1045 3108 religiose
1063 3047 1200 3105 memor,
1217 3030 1259 3091 de
1281 2971 1411 3095 {iiiiii

150 3132 329 3196 animabus
344 3132 408 3195 sibi
423 3132 558 3195 creditis
573 3131 738 3195 rationem
761 3150 798 3194 se
819 3129 1003 3213 aliquando
1019 3131 1169 3194 Domino
1185 3154 1259 3213 gra·
1283 3098 1418 3212 ssffflffi

149 3235 322 3299 vissimum
347 3234 566 3299 redditurum.
593 3232 741 3315 Operam
771 3253 850 3296 vero
878 3230 920 3297 ne
948 3234 1077 3315 perdat,
1104 3236 1136 3296 in
1166 3234 1258 3298 omni
1280 3228 1426 3343 genqsssqe

150 3340 285 3405 studeat
308 3349 344 3404 et
373 3348 527 3421 tempore
550 3348 584 3403 et
609 3358 643 3402 re
663 3338 862 3419 disciplinae
879 3356 952 3401 esse
968 3336 1257 3403 retinentissimus.
1284 3300 1413 3357 rnrpean,

151 3442 296 3508 Strenue
308 3441 443 3524 quidem
454 3439 589 3505 Christo
605 3437 818 3502 militandum
827 3460 836 3516 ;
853 3448 1047 3501 nontamen
1063 3438 1125 3499 nisi
1141 3457 1255 3501 eorum
1319 3408 1341 3456 S
1387 3423 1426 3456 '²⁰

150 3557 235 3611 nutu
251 3556 286 3611 et
299 3546 509 3621 auctoritate,
523 3564 609 3626 quos
628 3544 698 3625 ipse
716 3542 869 3608 Christus
885 3544 987 3606 duces
1003 3541 1112 3623 elegit.

195 3650 295 3715 Tales
307 3648 411 3726 vobis,
420 3646 639 3711 Venerabiles
650 3647 679 3709 F
681 3656 794 3723 ratres,
805 3646 974 3709 adiutores
987 3647 1137 3721 educere,
1149 3657 1258 3710 vester
1301 3660 1437 3739 'Maiora

149 3765 202 3820 est
228 3754 342 3817 labor:
369 3752 534 3836 siquidem
562 3751 789 3833 exploratum,
816 3770 874 3813 eos
901 3750 1038 3814 demum
1064 3752 1256 3815 sacerdotes
1282 3732 1413 3855 Ἐ”ῥξζζῖω

149 3859 289 3936 futuros,
303 3857 420 3941 quales
445 3875 507 3918 vos
521 3854 716 3918 formandos
742 3856 945 3917 curaveritis.
965 3853 1108 3918 Habetis
1135 3874 1257 3938 nempe
1282 3856 1433 3935 decerninu-

149 3964 217 4041 ubi,
239 3966 281 4027 ad
309 3972 456 4024 vestrum
481 3970 516 4023 et
538 3958 711 4023 Ecclesiae
737 3969 865 4035 votum,
891 3959 1061 4021 ministros
1088 3957 1256 4041 effingatis
1282 3938 1340 3981 ’Μ’

138 4066 327 4153 probabiles
341 4065 419 4141 Deo,
430 4064 592 4146 operarios
607 4062 850 4143 inconfusibiles
864 4060 922 4145 (⁵):
939 4064 971 4125 in
988 4061 1089 4125 sacris
1101 4062 1257 4126 videlicet

148 4172 357 4246 Seminariis,
372 4188 459 4252 quae
484 4168 538 4231 cui
562 4166 653 4231 bono
680 4186 807 4248 magno
831 4167 898 4229 sint
926 4166 1090 4243 instituta,
1106 4166 1158 4227 vel
1182 4166 1257 4247 ipso

178 4331 201 4363 1.
213 4316 333 4366 Muluclt..
347 4324 374 4366 ιι,
387 4327 408 4370 7.
422 4338 452 4347 -
461 4326 483 4357 2.
497 4312 526 4357 ll
537 4311 602 4364 Cor..
615 4320 651 4365 vl,
663 4325 685 4368 4
705 4335 723 4343 -
740 4325 761 4369 3.
775 4310 895 4363 Malnck,
906 4310 938 4356 ib.
952 4324 973 4367 9.
983 4334 1013 4344 -
1023 4324 1045 4367 4.
1059 4310 1074 4353 l
1085 4310 1219 4363 Cor.,v111,
1233 4323 1253 4356 1.

145 4410 178 4422 -
194 4395 215 4443 5.
230 4381 347 4434 Illius..
361 4390 389 4432 u,
405 4393 438 4438 ¹5
1360 4381 1366 4389 ‘
