3117 4859
406 361 478 448 276
506 378 716 430 oscnsruu
737 364 910 429 “nuens
928 377 1124 428 nnuonuu
1141 355 1158 380 '¹
1187 377 1217 428 s.
1233 376 1266 428 c.
1290 376 1351 426 ss.
1377 377 1431 427 ετ
1452 379 1522 428 nro.

403 523 445 586 ad
474 521 537 588 SS.
561 521 707 588 Ordines
733 521 921 603 promoveri
948 521 1091 596 valeant,
1117 519 1255 584 eaedem
1281 521 1523 602 dispositiones

402 627 633 691 extenduntur
649 625 751 688 etiam
767 625 810 688 ad
831 623 990 688 Instituta
1006 632 1159 688 votorum
1184 621 1412 705 slmplicium,
1429 625 1477 688 ita
1491 637 1520 687 ut

402 729 522 793 borum
538 729 770 793 institutorum
786 727 978 810 Superiores
995 747 1061 791 non
1078 727 1209 810 possint
1224 725 1257 789 in
1276 737 1462 808 posterum
1478 729 1520 792 lit-

403 841 492 898 teras
506 831 745 898 dimissoriales
754 831 937 896 concedere
948 853 1009 915 pro
1020 831 1081 897 SS.
1098 829 1293 908 Ordinibus,
1308 831 1366 894 vel
1384 853 1520 915 quomo

401 938 593 1019 documque
619 938 662 1000 ad
689 955 801 999 saeros
835 935 981 1001 Ordines
1007 935 1162 1000 alumnos
1189 954 1398 1018 promovere
1424 937 1516 1001 titulo

403 1041 543 1104 Mensae
559 1040 757 1118 communis,
772 1039 824 1102 vel
842 1039 1024 1116 Missionis,
1039 1039 1103 1102 nisi
1129 1039 1193 1103 illis
1210 1047 1348 1102 tantum
1367 1039 1517 1115 alumnis,

401 1145 459 1228 qui
476 1155 553 1208 vota
571 1144 706 1227 quidem
723 1143 899 1226 simplicia,
914 1142 973 1206 sed
1000 1152 1163 1226 perpetua
1188 1143 1255 1206 iam
1284 1145 1474 1218 emiserint
1487 1157 1513 1206 et

331 1309 337 1320 ,
401 1247 538 1329 proprio
556 1246 716 1310 instituto
727 1245 893 1309 stabiliter
908 1247 1082 1328 aggregati
1094 1243 1216 1310 fuerint
1231 1266 1240 1323 ;
1253 1245 1308 1309 vel
1326 1247 1389 1328 qui
1402 1247 1512 1310 saltem

223 1309 376 1415 embol&
401 1370 461 1434 per
475 1350 656 1415 triennium
672 1350 919 1432 permanserint
946 1349 979 1413 in
1004 1351 1092 1413 votis
1119 1348 1332 1431 simplicibus
1348 1360 1512 1432 tempora-

247 1443 375 1546 ''2222'ss
400 1454 472 1517 neis
487 1455 599 1536 quoad
626 1473 666 1516 ea
693 1453 853 1518 Instituta
877 1473 964 1536 quae
991 1453 1077 1518 ultra
1104 1452 1286 1518 triennium
1315 1464 1509 1536 perpetuam

235 1548 375 1652 mim
399 1554 559 1622 differunt
571 1555 824 1639 professionem.
835 1555 1016 1620 Revocatis
1026 1557 1069 1620 ad
1082 1555 1171 1619 hunc
1183 1552 1343 1619 effectum
1357 1557 1508 1619 omnibus

221 1670 277 1712 vora
290 1672 374 1736 refrt·
399 1661 538 1726 indultis
551 1681 589 1724 ac
600 1661 784 1743 privilegiis
801 1661 867 1724 lam
884 1661 1033 1724 obtentis
1049 1681 1069 1724 a
1087 1660 1121 1726 S.
1137 1659 1236 1736 Sede,
1252 1669 1388 1724 necnon
1404 1662 1508 1741 dispo

222 1729 296 1836 rnulff
308 1727 335 1771 ὼ
364 1751 375 1762 ’
399 1765 577 1830 sitionibus
593 1766 769 1829 contrariis
785 1765 818 1827 in
835 1765 1028 1847 respectivis
1045 1763 1355 1829 Constitutionibus
1378 1775 1507 1829 conten·

401 1869 452 1944 tis,
467 1869 530 1932 etsi
557 1867 642 1931 tales
668 1865 939 1932 Constitutiones
966 1867 1089 1932 fuerInt
1105 1888 1125 1932 a
1142 1867 1174 1934 S.
1192 1866 1282 1932 Sede
1309 1867 1505 1951 Apostolica

399 1973 616 2057 approbatae.

237 2147 373 2194 name.
444 2117 490 2181 11.
516 2117 607 2182 Hinc
634 2127 752 2182 notum
768 2119 812 2183 sit
828 2128 962 2202 oportet
988 2120 1030 2182 de
1054 2116 1200 2202 generali
1228 2117 1344 2201 regula
1372 2118 1461 2182 haud
1477 2121 1502 2180 in

220 2208 373 2313 ’,ἴθ’,ζζθζξῇ
398 2233 570 2306 posterum
587 2223 820 2305 dispensatum
839 2223 888 2298 iri,
904 2233 940 2287 ut
957 2224 999 2287 ad
1018 2223 1165 2288 Maiores
1191 2223 1338 2290 Ordines
1354 2222 1503 2286 alumnus

215 2326 373 2431 mz‘ff:
399 2327 678 2410 Congregationis
693 2334 849 2390 votorum
862 2326 1063 2390 solemnium
1077 2337 1316 2410 promoveatur
1327 2329 1408 2408 quin
1422 2328 1502 2408 prius

246 2444 372 2516 warren·
397 2433 583 2496 solemnem
596 2429 837 2514 professionem
851 2433 1009 2510 emiserit,
1019 2432 1069 2495 vel
1082 2451 1141 2514 per
1152 2431 1319 2512 integrum
1331 2432 1501 2494 triennium

238 2504 372 2624 new:
398 2537 432 2598 In
458 2535 546 2599 votIs
572 2533 781 2617 simplicibus
806 2533 1075 2617 perseveraverit,
1102 2534 1129 2598 si
1155 2533 1313 2597 alumnus
1348 2533 1502 2596 Institutu

220 2623 370 2736 alm*
398 2646 553 2702 votorum
564 2637 766 2721 simplicium
777 2638 821 2702 sit
831 2637 1165 2721 addictus-Quod
1175 2637 1203 2700 si
1214 2637 1384 2701 interdum
1395 2655 1502 2700 caussa

240 2791 373 2838 Mem,
398 2741 550 2824 legitima
573 2751 735 2820 occurrat,
750 2761 809 2806 cur
832 2741 998 2825 quispiam
1027 2761 1139 2806 sacros
1171 2740 1321 2807 Ordines
1348 2741 1499 2821 suscipiat

219 2851 373 2956 ἕψω·
397 2847 544 2911 trIennio
559 2847 711 2910 nondum
727 2845 877 2927 expleto,
893 2845 962 2930 peti
988 2847 1112 2928 poterit
1137 2846 1180 2909 ab
1204 2845 1406 2926 Apostolica
1420 2843 1502 2909 Sede

237 2926 269 2964 ”¹
398 2949 615 3032 dispensatio,
641 2959 678 3013 ut
703 2948 851 3015 Clericus
878 2960 959 3015 vota
988 2950 1155 3014 solemnia
1181 2969 1379 3032 nuncupare
1404 2947 1501 3031 possit

399 3054 551 3138 quamvis
578 3073 645 3116 non
670 3052 858 3136 expleverit
882 3054 1073 3132 triennium,
1097 3053 1210 3137 quoad
1245 3055 1406 3117 Instituta
1430 3071 1501 3114 uero

397 3169 552 3220 votorum
579 3157 793 3238 simplicIum,
808 3167 845 3221 ut
872 3167 951 3222 vota
978 3157 1144 3240 simplicia
1172 3167 1334 3240 perpetua
1358 3155 1501 3219 emittere

397 3260 505 3344 possit
519 3261 675 3343 quamvis
699 3281 768 3324 uon
793 3261 932 3343 expleto
957 3271 1110 3344 tempore
1126 3281 1147 3326 a
1163 3261 1342 3344 respectivi
1360 3256 1499 3324 Instituti

399 3364 705 3430 Constitutionibus
721 3366 928 3448 praescripto
951 3385 1013 3449 pro
1035 3365 1241 3450 professione
1256 3374 1414 3430 votorum
1429 3364 1500 3425 sirn-

397 3470 536 3553 plicium
560 3480 811 3552 perpetuorum.

235 3625 373 3694 paenur-
443 3610 509 3675 III.
533 3609 783 3694 Dispositiones
808 3617 988 3675 contentae
1016 3611 1050 3674 in
1078 3612 1215 3675 decreto
1239 3609 1274 3676 S.
1303 3609 1340 3675 C.
1358 3605 1500 3677 Concilii,

234 3697 374 3804 52⁸5,ssss
397 3718 489 3784 iussu
505 3739 550 3783 sa.
568 3738 631 3784 me.
649 3717 778 3782 Urbani
796 3713 887 3780 VIII
914 3715 1008 3780 edito
1037 3716 1091 3780 die
1117 3732 1155 3778 21
1183 3714 1395 3796 Septembris
1422 3714 1498 3787 1624

218 3804 373 3910 ‘ffffij
397 3819 553 3904 Incipien.
581 3819 689 3883 Sacra
714 3814 938 3899 Congregatio,
953 3835 992 3880 ac
1017 3817 1050 3879 in
1075 3815 1213 3880 decreto
1239 3813 1392 3878 eiusdem
1418 3812 1450 3879 S.
1466 3809 1499 3874 C.

219 3924 315 3975 'mm‘
398 3925 490 3989 iussu
505 3945 551 3990 sa.
568 3921 838 3988 me.1nn0centii
865 3920 938 3984 XII
965 3921 1057 3984 edito
1072 3919 1128 3983 die
1143 3935 1188 4000 24
1204 3937 1310 3982 mens.
1328 3917 1405 3982 Iulii
1429 3913 1500 3980 anni

402 4032 494 4110 1694,
509 4028 664 4112 incipien.
678 4025 893 4103 Instantibus,
909 4043 948 4090 ac
966 4025 1000 4088 in
1023 4023 1098 4088 aliis
1120 4023 1265 4088 decretis
1287 4021 1502 4106 generalibus

399 4134 521 4218 quibus
536 4133 715 4198 methodus
731 4132 943 4196 ordinatura
959 4129 1195 4212 Superioribus
1211 4126 1381 4194 Ordioum
1397 4125 1501 4206 Regu·

399 4237 518 4301 larium
534 4237 748 4300 servandam
765 4233 977 4316 expellendis
1003 4233 1145 4316 propriis
1160 4233 1318 4312 alumnis,
1332 4233 1459 4298 nedum
1472 4229 1499 4290 in

399 4358 461 4403 suo
476 4339 595 4404 robore
611 4348 757 4416 manent,
769 4340 827 4404 sed
844 4337 1029 4404 servandae
1044 4337 1264 4418 imponuntur
1280 4337 1386 4402 etlam
1402 4335 1499 4415 Supe-
