3117 4859
298 368 350 419 oe
375 367 526 419 oremus
552 368 585 419 a.
605 369 645 419 aa.
666 370 700 418 u.
730 368 782 418 nc
809 368 962 419 anessa.
1126 365 1193 439 155

85 536 159 580 rum
175 524 210 579 et
226 516 454 580 Procuratoris
465 514 649 581 Generalis.
666 516 720 582 Sit
740 516 868 581 scilicet
882 517 1048 599 generalis
1072 515 1193 581 Abbas
1285 540 1316 589 η

88 620 306 685 Sebastianus
347 618 478 701 Wyart,
508 619 629 683 Abbas
668 621 863 685 monasterii
903 619 1191 703 Septemiontium

86 724 246 789 dioecesis
263 723 463 787 Molinensis
478 723 511 785 in
530 722 649 787 Gallia.
666 722 870 788 Definitores
894 732 995 788 sunto
1010 724 1125 816 dilecti
1136 722 1194 789 filii

86 826 284 905 Malachias,
314 827 434 892 Abbas
462 828 656 893 monasterii
684 827 810 891 Beatae
843 827 972 891 Mariae
1007 829 1050 892 de
1083 828 1193 893 Achel

87 933 247 995 dioecesis
263 932 461 997 Leodiensis
477 933 510 995 in
529 930 669 1014 Belgi0;
694 932 873 1007 Iohannes,
890 931 984 995 Prior
999 930 1194 997 monasterii

87 1036 381 1101 Trium-Fontium
410 1038 443 1100 in
476 1037 638 1101 suburbio
660 1056 824 1115 romano;
848 1036 1049 1113 Bernardus,
1073 1034 1192 1099 Abbas

87 1141 280 1205 monasterii
296 1141 422 1205 Beatae
435 1141 564 1203 Mariae
579 1140 791 1205 Thimadeuc
815 1141 977 1205 dioecesis
993 1138 1195 1203 Venetensis

1232 554 1358 632 MARTll

1253 642 1327 707 1893.

87 1243 117 1305 in
145 1242 280 1321 Gallia3
312 1243 536 1326 Augustinus,
559 1244 715 1326 subprior
749 1244 944 1307 monasterii
980 1244 1022 1307 de
1061 1240 1193 1322 Campo
1271 1320 1273 1325 Ι

86 1345 229 1411 Arando
253 1346 417 1411 dioecesis
446 1344 784 1428 Gratianopolitanae
806 1348 839 1410 in
857 1344 990 1424 Gallia;
1010 1346 1196 1421 Hubertus,

87 1451 239 1533 subprior
264 1453 461 1516 monasterii
489 1453 618 1517 Montis
643 1452 820 1517 Olivarum
843 1453 1007 1517 dioecesis
1036 1450 1195 1533 Argenti·

89 1554 195 1617 nensis
235 1554 269 1617 in
308 1553 526 1631 Germania;
564 1553 787 1635 Augustinus,
832 1556 1027 1619 monasterii
1068 1552 1196 1618 Montis

87 1657 120 1722 S.
135 1659 296 1723 Bernardi
313 1660 476 1723 dioecesis
493 1659 814 1742 Notthingamensis
837 1662 870 1724 in
887 1660 1023 1743 Anglia.
1040 1659 1195 1723 Tandem

90 1773 157 1826 esto
178 1764 382 1828 Procurator
404 1764 570 1845 generalis
596 1763 740 1829 dilectus
763 1764 851 1829 filius
873 1765 1086 1847 Augustinus
1103 1765 1193 1827 idem

93 1866 145 1946 qui
160 1875 195 1930 et
211 1876 333 1929 sextus
350 1864 525 1931 Definitor.
548 1904 592 1916 —
609 1867 671 1931 Vl.
695 1868 815 1932 Abbas
831 1869 996 1951 generalis
1020 1887 1126 1951 usque
1150 1867 1193 1931 ad

91 1966 283 2051 Capitulum
300 1968 457 2049 generale
473 1969 630 2048 proxime
646 1960 885 2035 celebrandum
903 1972 1046 2035 retineat
1058 1970 1194 2035 titulum

91 2070 255 2135 Abbatiae
273 2071 570 2154 Septemlontium,
584 2075 678 2137 cuius
696 2076 845 2158 regimen
863 2076 995 2140 interim
1012 2076 1194 2141 demanda-

91 2175 136 2237 bit
161 2176 268 2239 Priori
289 2176 334 2238 ab
361 2195 402 2239 eo
426 2175 584 2259 eligendo
608 2187 642 2242 et
664 2180 708 2243 ab
731 2200 772 2243 eo
796 2181 1018 2261 dependente.
1044 2218 1083 2229 -
1114 2178 1197 2243 Vll.

93 2275 240 2342 Tandem
258 2278 448 2356 statuimus,
463 2290 501 2344 ut
523 2280 675 2345 nonnulli
698 2303 743 2345 ex
759 2282 917 2347 omnibus
941 2283 1068 2348 ordinis
1094 2282 1196 2366 parti·

91 2379 155 2457 bus,
169 2382 299 2463 pietate
311 2382 515 2466 ingenioque
538 2387 809 2466 praestantiores,
833 2387 1062 2469 capitulariter
1085 2409 1105 2452 a
1130 2389 1196 2453 sin-

87 2486 172 2566 gulis
187 2486 349 2550 Abbatiis
365 2489 586 2570 proponendi,
602 2501 636 2553 et
651 2491 798 2574 eligendi
822 2493 866 2556 ab
882 2492 1022 2557 Abbate
1038 2493 1195 2559 Generali

92 2609 160 2652 cum
177 2589 435 2669 Definitoribus,
462 2594 494 2655 in
521 2593 585 2657 hac
611 2594 700 2659 alma
728 2598 810 2661 urbe
826 2598 1006 2663 conficiant
1022 2618 1192 2663 sacrorum

90 2694 270 2758 studiorum
287 2715 422 2759 cursum
439 2696 593 2761 altiorem
610 2719 691 2781 prae
701 2702 874 2765 communi
897 2703 1056 2767 omnibus
1068 2704 1208 2780 ordinis,

88 2788 281 2861 clericis-
295 2796 378 2861 Vll.
395 2797 451 2861 Ad
479 2801 761 2881 experimentum,
777 2815 811 2868 et
840 2806 951 2888 quoad
979 2806 1195 2889 approbatae

91 2897 208 2963 luerint
223 2900 494 2979 constitutiones,
510 2903 546 2965 in
568 2915 738 2986 potestate
754 2910 817 2971 erit
843 2910 1104 2993 uniuscuiusque
1122 2910 1194 2973 Ab·

91 2998 180 3079 batis,
220 3001 284 3081 vel,
323 3023 538 3089 quocumque
576 3010 714 3073 nomine
751 3021 973 3095 nuncupetur,
1006 3014 1196 3096 Superioris

91 3104 214 3184 domus,
237 3126 283 3169 ex
313 3108 446 3171 duobus
462 3110 604 3174 horariis
629 3132 649 3175 a
673 3113 833 3195 Capitulo
863 3118 1015 3198 generali
1047 3119 1194 3183 Sanctae

91 3201 160 3267 huic
175 3206 256 3271 Sedi
272 3210 465 3290 propositis,
482 3232 586 3276 unum
603 3214 791 3280 alterumve
814 3220 920 3301 sequi,
930 3220 1021 3302 quod
1039 3221 1147 3304 magis
1160 3222 1194 3283 in

92 3306 233 3374 Domino
259 3313 422 3392 expedire
445 3315 651 3384 iudicaverit.
673 3358 718 3370 -
738 3322 799 3391 IX.
817 3321 940 3388 Oleum
968 3344 1007 3388 ac
1033 3324 1192 3406 butyrum

92 3412 131 3473 ad
145 3414 401 3479 condimentum
423 3420 665 3498 permittemus.
685 3462 730 3474 -
753 3424 796 3490 X.
825 3427 972 3491 Decreta
997 3426 1191 3511 Congrege-

91 3514 184 3579 tionis
208 3518 458 3602 Episcoporum
482 3532 516 3587 et
542 3525 760 3608 Regularium
787 3534 931 3613 negotiis
959 3554 999 3597 ac
1025 3535 1192 3617 discepta-

88 3616 229 3686 tionibus
244 3622 441 3689 dirimendis
458 3632 680 3712 praepositae,
695 3655 735 3697 ac
752 3635 881 3700 litteras
897 3638 1118 3721 Apostolicas
1129 3640 1193 3703 sub

93 3719 261 3789 Piscatoris
289 3730 392 3793 anulo
414 3732 512 3795 datas
535 3736 633 3798 annis
657 3752 912 3819 uocccxxx1V,
937 3756 1192 3823 uncccxxxm,

92 3834 632 3908 uucccxxxrx,uncccxr.v11et
649 3854 929 3923 MDCCCLXXXIV,
946 3848 979 3910 in
1004 3849 1125 3931 quibus
1150 3851 1193 3914 de

91 3923 217 3993 lamiliis
247 3933 497 4016 Trappensium
529 3944 649 4024 agitur,
679 3950 905 4026 praesentiam
938 3949 1125 4017 litterarum
1151 3953 1194 4031 vi,

94 4028 284 4110 Apostolica
299 4045 508 4124 auctoritate,
535 4048 749 4131 abrogamus,
765 4064 799 4118 et
816 4056 940 4127 nullius
968 4058 1097 4122 roboris
1121 4080 1194 4123 am·

94 4133 173 4211 plius
187 4158 260 4205 esse
276 4143 487 4214 declaramus
502 4153 536 4216 in
553 4156 712 4219 omnibus
734 4178 822 4240 quae
838 4164 1071 4242 praesentibus
1100 4164 1191 4229 hisce

94 4238 203 4354 litteris
227 4248 363 4316 Nostris
389 4256 616 4325 adversantur.
643 4302 687 4314 -
709 4263 771 4329 Xl.
796 4268 848 4332 De
873 4268 1080 4333 Monialibus
1105 4270 1188 4334 nihil

94 4363 293 4433 innovamus,
318 4360 430 4439 quoad
446 4381 588 4445 eaquae
616 4365 708 4431 hisce
732 4369 853 4433 litteris
880 4392 947 4435 non
975 4372 1121 4436 obstant.
1145 4411 1189 4422 -
