<?xml version="1.0" encoding="UTF-8"?>
<!DOCTYPE html PUBLIC "-//W3C//DTD XHTML 1.0 Transitional//EN"
    "http://www.w3.org/TR/xhtml1/DTD/xhtml1-transitional.dtd">
<html xmlns="http://www.w3.org/1999/xhtml" xml:lang="en" lang="en">
 <head>
  <title>
</title>
<meta http-equiv="Content-Type" content="text/html;charset=utf-8" />
  <meta name='ocr-system' content='tesseract 3.04.00' />
  <meta name='ocr-capabilities' content='ocr_page ocr_carea ocr_par ocr_line ocrx_word'/>
</head>
<body>
  <div class='ocr_page' id='page_1' title='image "./sanctissimidomi04xiiigoog_0091.png"; bbox 0 0 3117 4859; ppageno 0'>
   <div class='ocr_carea' id='block_1_1' title="bbox 472 386 1153 459">
    <p class='ocr_par' dir='ltr' id='par_1_1' title="bbox 472 386 1153 459">
     <span class='ocr_line' id='line_1_1' title="bbox 472 386 1153 459; baseline 0 -18"><span class='ocrx_word' id='word_1_1' title='bbox 472 391 524 441; x_wconf 79' lang='lat' dir='ltr'>nu</span> <span class='ocrx_word' id='word_1_2' title='bbox 550 390 720 443; x_wconf 82' lang='lat' dir='ltr'>senous.</span> <span class='ocrx_word' id='word_1_3' title='bbox 1107 386 1153 459; x_wconf 91' lang='lat'>79</span> 
     </span>
    </p>
   </div>
   <div class='ocr_carea' id='block_1_2' title="bbox 55 541 1335 1767">
    <p class='ocr_par' dir='ltr' id='par_1_2' title="bbox 57 541 1335 833">
     <span class='ocr_line' id='line_1_2' title="bbox 58 541 1335 631; baseline -0.005 -22"><span class='ocrx_word' id='word_1_4' title='bbox 58 555 87 609; x_wconf 89' lang='lat' dir='ltr'>ct</span> <span class='ocrx_word' id='word_1_5' title='bbox 97 546 249 609; x_wconf 92' lang='lat' dir='ltr'>iudicatio</span> <span class='ocrx_word' id='word_1_6' title='bbox 259 545 302 608; x_wconf 92' lang='lat' dir='ltr'>ad</span> <span class='ocrx_word' id='word_1_7' title='bbox 313 544 477 608; x_wconf 81' lang='lat' dir='ltr'>Nostrum</span> <span class='ocrx_word' id='word_1_8' title='bbox 488 544 657 626; x_wconf 83' lang='lat' dir='ltr'><strong>pertinent</strong></span> <span class='ocrx_word' id='word_1_9' title='bbox 670 543 1028 619; x_wconf 84' lang='lat' dir='ltr'>ministerium,cuncta</span> <span class='ocrx_word' id='word_1_10' title='bbox 1037 541 1153 603; x_wconf 84' lang='lat' dir='ltr'>sedate</span> <span class='ocrx_word' id='word_1_11' title='bbox 1180 568 1335 631; x_wconf 76' lang='lat' dir='ltr'>rigentem·</span> 
     </span>
     <span class='ocr_line' id='line_1_3' title="bbox 58 632 1269 731; baseline -0.004 -20"><span class='ocrx_word' id='word_1_12' title='bbox 58 650 278 731; x_wconf 82' lang='lat' dir='ltr'>expendamus</span> <span class='ocrx_word' id='word_1_13' title='bbox 293 657 328 711; x_wconf 89' lang='lat' dir='ltr'>et</span> <span class='ocrx_word' id='word_1_14' title='bbox 354 646 471 731; x_wconf 94' lang='lat' dir='ltr'>procul</span> <span class='ocrx_word' id='word_1_15' title='bbox 496 648 589 710; x_wconf 92' lang='lat' dir='ltr'>omni</span> <span class='ocrx_word' id='word_1_16' title='bbox 616 648 762 729; x_wconf 89' lang='lat' dir='ltr'>partium</span> <span class='ocrx_word' id='word_1_17' title='bbox 791 646 912 721; x_wconf 93' lang='lat' dir='ltr'>studio,</span> <span class='ocrx_word' id='word_1_18' title='bbox 935 645 1085 708; x_wconf 87' lang='lat' dir='ltr'>animum</span> <span class='ocrx_word' id='word_1_19' title='bbox 1107 644 1154 707; x_wconf 89' lang='lat' dir='ltr'>ita</span> <span class='ocrx_word' id='word_1_20' title='bbox 1177 632 1269 697; x_wconf 76' lang='lat' dir='ltr'>pendit</span> 
     </span>
     <span class='ocr_line' id='line_1_4' title="bbox 57 748 1154 833; baseline -0.001 -21"><span class='ocrx_word' id='word_1_21' title='bbox 57 762 275 833; x_wconf 83' lang='lat' dir='ltr'>comparatum</span> <span class='ocrx_word' id='word_1_22' title='bbox 288 770 427 815; x_wconf 83' lang='lat' dir='ltr'>caussae</span> <span class='ocrx_word' id='word_1_23' title='bbox 439 750 696 832; x_wconf 90' lang='lat' dir='ltr'>cognoscendae</span> <span class='ocrx_word' id='word_1_24' title='bbox 706 748 1047 831; x_wconf 85' lang='lat' dir='ltr'>applicuimus,quam</span> <span class='ocrx_word' id='word_1_25' title='bbox 1061 768 1154 830; x_wconf 88' lang='lat' dir='ltr'>prae·</span> 
     </span>
    </p>

    <p class='ocr_par' dir='ltr' id='par_1_3' title="bbox 58 838 1169 937">
     <span class='ocr_line' id='line_1_5' title="bbox 58 838 1169 937; baseline -0.001 -22"><span class='ocrx_word' id='word_1_26' title='bbox 58 853 199 918; x_wconf 85' lang='lat' dir='ltr'>laudatus</span> <span class='ocrx_word' id='word_1_27' title='bbox 226 855 513 937; x_wconf 87' lang='lat' dir='ltr'>Archicpiscopus</span> <span class='ocrx_word' id='word_1_28' title='bbox 530 853 639 917; x_wconf 94' lang='lat' dir='ltr'>Nobis</span> <span class='ocrx_word' id='word_1_29' title='bbox 662 852 890 917; x_wconf 88' lang='lat' dir='ltr'>deliniendam</span> <span class='ocrx_word' id='word_1_30' title='bbox 918 852 1041 930; x_wconf 91' lang='lat' dir='ltr'>attulit,</span> <span class='ocrx_word' id='word_1_31' title='bbox 1056 838 1169 933; x_wconf 57' lang='lat' dir='ltr'>profi!</span> 
     </span>
    </p>

    <p class='ocr_par' dir='ltr' id='par_1_4' title="bbox 58 956 1156 1145">
     <span class='ocr_line' id='line_1_6' title="bbox 58 956 1155 1042; baseline -0.003 -21"><span class='ocrx_word' id='word_1_32' title='bbox 58 968 122 1021; x_wconf 91' lang='lat' dir='ltr'>tens</span> <span class='ocrx_word' id='word_1_33' title='bbox 136 979 171 1022; x_wconf 94' lang='lat' dir='ltr'>se</span> <span class='ocrx_word' id='word_1_34' title='bbox 196 970 354 1042; x_wconf 81' lang='lat' dir='ltr'><strong>prompte</strong></span> <span class='ocrx_word' id='word_1_35' title='bbox 377 968 413 1023; x_wconf 90' lang='lat' dir='ltr'>et</span> <span class='ocrx_word' id='word_1_36' title='bbox 427 957 569 1021; x_wconf 90' lang='lat' dir='ltr'>omnino</span> <span class='ocrx_word' id='word_1_37' title='bbox 591 957 777 1039; x_wconf 88' lang='lat' dir='ltr'>pariturum</span> <span class='ocrx_word' id='word_1_38' title='bbox 795 957 983 1020; x_wconf 88' lang='lat' dir='ltr'>sententiae</span> <span class='ocrx_word' id='word_1_39' title='bbox 999 956 1155 1035; x_wconf 82' lang='lat' dir='ltr'>Nostrae,</span> 
     </span>
     <span class='ocr_line' id='line_1_7' title="bbox 58 1060 1156 1145; baseline -0.003 -22"><span class='ocrx_word' id='word_1_40' title='bbox 58 1080 275 1144; x_wconf 87' lang='lat' dir='ltr'>quaecumque</span> <span class='ocrx_word' id='word_1_41' title='bbox 290 1064 428 1125; x_wconf 89' lang='lat' dir='ltr'>demum</span> <span class='ocrx_word' id='word_1_42' title='bbox 445 1082 485 1125; x_wconf 88' lang='lat' dir='ltr'>ea</span> <span class='ocrx_word' id='word_1_43' title='bbox 497 1060 592 1138; x_wconf 87' lang='lat' dir='ltr'>loret,</span> <span class='ocrx_word' id='word_1_44' title='bbox 604 1082 690 1145; x_wconf 90' lang='lat' dir='ltr'>quae</span> <span class='ocrx_word' id='word_1_45' title='bbox 700 1082 782 1124; x_wconf 89' lang='lat' dir='ltr'>sane</span> <span class='ocrx_word' id='word_1_46' title='bbox 795 1060 995 1142; x_wconf 73' lang='lat' dir='ltr'>protestatio</span> <span class='ocrx_word' id='word_1_47' title='bbox 1004 1060 1038 1123; x_wconf 93' lang='lat' dir='ltr'>in</span> <span class='ocrx_word' id='word_1_48' title='bbox 1051 1060 1156 1141; x_wconf 91' lang='lat' dir='ltr'>ipsius</span> 
     </span>
    </p>

    <p class='ocr_par' dir='ltr' id='par_1_5' title="bbox 57 1164 1155 1249">
     <span class='ocr_line' id='line_1_8' title="bbox 57 1164 1155 1249; baseline 0 -22"><span class='ocrx_word' id='word_1_49' title='bbox 57 1164 176 1229; x_wconf 89' lang='lat' dir='ltr'>laudern</span> <span class='ocrx_word' id='word_1_50' title='bbox 188 1165 279 1229; x_wconf 84' lang='lat' dir='ltr'>cedit</span> <span class='ocrx_word' id='word_1_51' title='bbox 295 1174 330 1229; x_wconf 91' lang='lat' dir='ltr'>et</span> <span class='ocrx_word' id='word_1_52' title='bbox 344 1186 365 1228; x_wconf 91' lang='lat' dir='ltr'>a</span> <span class='ocrx_word' id='word_1_53' title='bbox 389 1166 499 1229; x_wconf 89' lang='lat' dir='ltr'>Nobis</span> <span class='ocrx_word' id='word_1_54' title='bbox 515 1186 583 1229; x_wconf 92' lang='lat' dir='ltr'>non</span> <span class='ocrx_word' id='word_1_55' title='bbox 606 1173 740 1249; x_wconf 88' lang='lat' dir='ltr'>poterat</span> <span class='ocrx_word' id='word_1_56' title='bbox 765 1164 980 1229; x_wconf 85' lang='lat' dir='ltr'>vehementer</span> <span class='ocrx_word' id='word_1_57' title='bbox 996 1185 1063 1228; x_wconf 93' lang='lat' dir='ltr'>non</span> <span class='ocrx_word' id='word_1_58' title='bbox 1081 1184 1155 1246; x_wconf 90' lang='lat' dir='ltr'>pro-</span> 
     </span>
    </p>

    <p class='ocr_par' dir='ltr' id='par_1_6' title="bbox 60 1267 1155 1353">
     <span class='ocr_line' id='line_1_9' title="bbox 60 1267 1155 1353; baseline 0.001 -23"><span class='ocrx_word' id='word_1_59' title='bbox 60 1269 129 1331; x_wconf 91' lang='lat' dir='ltr'>bari.</span> <span class='ocrx_word' id='word_1_60' title='bbox 144 1269 257 1353; x_wconf 85' lang='lat' dir='ltr'>Quum</span> <span class='ocrx_word' id='word_1_61' title='bbox 274 1289 376 1351; x_wconf 92' lang='lat' dir='ltr'>porro</span> <span class='ocrx_word' id='word_1_62' title='bbox 392 1269 522 1332; x_wconf 84' lang='lat' dir='ltr'>naviter</span> <span class='ocrx_word' id='word_1_63' title='bbox 537 1269 730 1332; x_wconf 83' lang='lat' dir='ltr'>dederimus</span> <span class='ocrx_word' id='word_1_64' title='bbox 753 1288 891 1349; x_wconf 89' lang='lat' dir='ltr'>operam</span> <span class='ocrx_word' id='word_1_65' title='bbox 908 1277 946 1331; x_wconf 92' lang='lat' dir='ltr'>ut</span> <span class='ocrx_word' id='word_1_66' title='bbox 962 1267 1155 1351; x_wconf 84' lang='lat' dir='ltr'>plenissime</span> 
     </span>
    </p>

    <p class='ocr_par' dir='ltr' id='par_1_7' title="bbox 56 1372 1154 1455">
     <span class='ocr_line' id='line_1_10' title="bbox 56 1372 1154 1455; baseline -0.004 -20"><span class='ocrx_word' id='word_1_67' title='bbox 56 1373 152 1436; x_wconf 88' lang='lat' dir='ltr'>Nobis</span> <span class='ocrx_word' id='word_1_68' title='bbox 163 1375 329 1437; x_wconf 81' lang='lat' dir='ltr'>laetorum</span> <span class='ocrx_word' id='word_1_69' title='bbox 339 1374 462 1437; x_wconf 89' lang='lat' dir='ltr'>veritas</span> <span class='ocrx_word' id='word_1_70' title='bbox 475 1372 569 1439; x_wconf 88' lang='lat' dir='ltr'>fieret</span> <span class='ocrx_word' id='word_1_71' title='bbox 581 1373 768 1455; x_wconf 86' lang='lat' dir='ltr'>explorata,</span> <span class='ocrx_word' id='word_1_72' title='bbox 785 1382 940 1454; x_wconf 90' lang='lat' dir='ltr'>recteque</span> <span class='ocrx_word' id='word_1_73' title='bbox 962 1372 1154 1435; x_wconf 87' lang='lat' dir='ltr'>aestimare-</span> 
     </span>
    </p>

    <p class='ocr_par' dir='ltr' id='par_1_8' title="bbox 55 1460 1155 1561">
     <span class='ocr_line' id='line_1_11' title="bbox 55 1460 1155 1561; baseline -0.001 -23"><span class='ocrx_word' id='word_1_74' title='bbox 55 1486 102 1539; x_wconf 86' lang='lat' dir='ltr'>tur</span> <span class='ocrx_word' id='word_1_75' title='bbox 114 1478 280 1541; x_wconf 83' lang='lat' dir='ltr'>rationum</span> <span class='ocrx_word' id='word_1_76' title='bbox 294 1478 429 1559; x_wconf 91' lang='lat' dir='ltr'>pondus</span> <span class='ocrx_word' id='word_1_77' title='bbox 445 1460 533 1561; x_wconf 82' lang='lat' dir='ltr'>quae</span> <span class='ocrx_word' id='word_1_78' title='bbox 547 1478 704 1560; x_wconf 90' lang='lat' dir='ltr'>utrinque</span> <span class='ocrx_word' id='word_1_79' title='bbox 719 1475 954 1550; x_wconf 83' lang='lat' dir='ltr'>afferebantur,</span> <span class='ocrx_word' id='word_1_80' title='bbox 969 1476 1155 1539; x_wconf 90' lang='lat' dir='ltr'>constituto</span> 
     </span>
    </p>

    <p class='ocr_par' dir='ltr' id='par_1_9' title="bbox 56 1579 1333 1767">
     <span class='ocr_line' id='line_1_12' title="bbox 56 1579 1333 1666; baseline -0.002 -23"><span class='ocrx_word' id='word_1_81' title='bbox 56 1581 200 1661; x_wconf 83' lang='lat' dir='ltr'>peculiari</span> <span class='ocrx_word' id='word_1_82' title='bbox 217 1588 317 1645; x_wconf 89' lang='lat' dir='ltr'>coetu</span> <span class='ocrx_word' id='word_1_83' title='bbox 346 1582 484 1644; x_wconf 90' lang='lat' dir='ltr'>Patrum</span> <span class='ocrx_word' id='word_1_84' title='bbox 503 1580 734 1645; x_wconf 87' lang='lat' dir='ltr'>Cardinalium</span> <span class='ocrx_word' id='word_1_85' title='bbox 750 1602 795 1643; x_wconf 89' lang='lat' dir='ltr'>ex</span> <span class='ocrx_word' id='word_1_86' title='bbox 821 1580 860 1643; x_wconf 92' lang='lat' dir='ltr'>iis</span> <span class='ocrx_word' id='word_1_87' title='bbox 882 1579 1014 1644; x_wconf 91' lang='lat' dir='ltr'>delecto</span> <span class='ocrx_word' id='word_1_88' title='bbox 1033 1582 1155 1665; x_wconf 90' lang='lat' dir='ltr'>quibus</span> <span class='ocrx_word' id='word_1_89' title='bbox 1184 1602 1333 1666; x_wconf 63' lang='lat' dir='ltr'>‹requerire-</span> 
     </span>
     <span class='ocr_line' id='line_1_13' title="bbox 56 1667 1301 1767; baseline 0.001 -23"><span class='ocrx_word' id='word_1_90' title='bbox 56 1703 173 1749; x_wconf 88' lang='lat' dir='ltr'>sacrum</span> <span class='ocrx_word' id='word_1_91' title='bbox 189 1685 378 1750; x_wconf 86' lang='lat' dir='ltr'>Consilium</span> <span class='ocrx_word' id='word_1_92' title='bbox 400 1693 534 1748; x_wconf 90' lang='lat' dir='ltr'>constat</span> <span class='ocrx_word' id='word_1_93' title='bbox 561 1685 745 1748; x_wconf 88' lang='lat' dir='ltr'>christiano</span> <span class='ocrx_word' id='word_1_94' title='bbox 770 1683 899 1748; x_wconf 91' lang='lat' dir='ltr'>nomini</span> <span class='ocrx_word' id='word_1_95' title='bbox 925 1686 1155 1767; x_wconf 88' lang='lat' dir='ltr'>propagando,</span> <span class='ocrx_word' id='word_1_96' title='bbox 1185 1667 1301 1716; x_wconf 73' lang='lat' dir='ltr'>mendam</span> 
     </span>
    </p>
   </div>
   <div class='ocr_carea' id='block_1_3' title="bbox 1184 1734 1281 1782">
    <p class='ocr_par' dir='ltr' id='par_1_10' title="bbox 1184 1734 1281 1782">
     <span class='ocr_line' id='line_1_14' title="bbox 1184 1734 1281 1782; baseline 0.01 -2"><span class='ocrx_word' id='word_1_97' title='bbox 1184 1734 1281 1782; x_wconf 78' lang='lat' dir='ltr'>censuit</span> 
     </span>
    </p>
   </div>
   <div class='ocr_carea' id='block_1_4' title="bbox 57 1788 1335 1873">
    <p class='ocr_par' dir='ltr' id='par_1_11' title="bbox 57 1788 1335 1873">
     <span class='ocr_line' id='line_1_15' title="bbox 57 1788 1335 1873; baseline -0.004 -22"><span class='ocrx_word' id='word_1_98' title='bbox 57 1791 105 1870; x_wconf 90' lang='lat' dir='ltr'>qui</span> <span class='ocrx_word' id='word_1_99' title='bbox 119 1810 188 1854; x_wconf 89' lang='lat' dir='ltr'>sese</span> <span class='ocrx_word' id='word_1_100' title='bbox 201 1790 280 1855; x_wconf 83' lang='lat' dir='ltr'>huic</span> <span class='ocrx_word' id='word_1_101' title='bbox 297 1790 410 1854; x_wconf 89' lang='lat' dir='ltr'>studio</span> <span class='ocrx_word' id='word_1_102' title='bbox 421 1789 556 1853; x_wconf 87' lang='lat' dir='ltr'>addixit</span> <span class='ocrx_word' id='word_1_103' title='bbox 567 1790 743 1873; x_wconf 86' lang='lat' dir='ltr'>diligentia</span> <span class='ocrx_word' id='word_1_104' title='bbox 759 1788 930 1871; x_wconf 85' lang='lat' dir='ltr'>singulari,</span> <span class='ocrx_word' id='word_1_105' title='bbox 946 1788 1154 1869; x_wconf 86' lang='lat' dir='ltr'>propositam</span> <span class='ocrx_word' id='word_1_106' title='bbox 1185 1806 1297 1861; x_wconf 78' lang='lat' dir='ltr'>respomo</span> <span class='ocrx_word' id='word_1_107' title='bbox 1318 1815 1335 1847; x_wconf 80' lang='lat' dir='ltr'>a</span> 
     </span>
    </p>
   </div>
   <div class='ocr_carea' id='block_1_5' title="bbox 56 1864 1335 1991">
    <p class='ocr_par' dir='ltr' id='par_1_12' title="bbox 56 1864 1335 1991">
     <span class='ocr_line' id='line_1_16' title="bbox 56 1864 1335 1991; baseline 0.001 -37"><span class='ocrx_word' id='word_1_108' title='bbox 56 1895 274 1974; x_wconf 89' lang='lat' dir='ltr'>quaestionem</span> <span class='ocrx_word' id='word_1_109' title='bbox 287 1914 329 1957; x_wconf 94' lang='lat' dir='ltr'>eo</span> <span class='ocrx_word' id='word_1_110' title='bbox 340 1913 503 1977; x_wconf 91' lang='lat' dir='ltr'>responso</span> <span class='ocrx_word' id='word_1_111' title='bbox 519 1893 742 1957; x_wconf 90' lang='lat' dir='ltr'>dirimendam</span> <span class='ocrx_word' id='word_1_112' title='bbox 759 1891 949 1956; x_wconf 90' lang='lat' dir='ltr'>censuimus</span> <span class='ocrx_word' id='word_1_113' title='bbox 966 1890 1057 1974; x_wconf 92' lang='lat' dir='ltr'>quod</span> <span class='ocrx_word' id='word_1_114' title='bbox 1073 1890 1154 1953; x_wconf 89' lang='lat' dir='ltr'>dile·</span> <span class='ocrx_word' id='word_1_115' title='bbox 1184 1864 1335 1991; x_wconf 45' lang='lat' dir='ltr'>gfff,</span> 
     </span>
    </p>
   </div>
   <div class='ocr_carea' id='block_1_6' title="bbox 57 1994 1335 2107">
    <p class='ocr_par' dir='ltr' id='par_1_13' title="bbox 57 1994 1335 2107">
     <span class='ocr_line' id='line_1_17' title="bbox 57 1994 1335 2107; baseline -0.002 -49"><span class='ocrx_word' id='word_1_116' title='bbox 57 2005 120 2059; x_wconf 88' lang='lat' dir='ltr'>ctus</span> <span class='ocrx_word' id='word_1_117' title='bbox 130 1996 216 2061; x_wconf 90' lang='lat' dir='ltr'>filius</span> <span class='ocrx_word' id='word_1_118' title='bbox 229 1998 356 2062; x_wconf 90' lang='lat' dir='ltr'>Noster</span> <span class='ocrx_word' id='word_1_119' title='bbox 369 1997 557 2062; x_wconf 87' lang='lat' dir='ltr'>Cardinalis</span> <span class='ocrx_word' id='word_1_120' title='bbox 569 1999 679 2062; x_wconf 92' lang='lat' dir='ltr'>eidem</span> <span class='ocrx_word' id='word_1_121' title='bbox 692 2018 787 2061; x_wconf 90' lang='lat' dir='ltr'>sacro</span> <span class='ocrx_word' id='word_1_122' title='bbox 804 1994 954 2061; x_wconf 90' lang='lat' dir='ltr'>Consilio</span> <span class='ocrx_word' id='word_1_123' title='bbox 969 1994 1156 2077; x_wconf 83' lang='lat' dir='ltr'>praefectus</span> <span class='ocrx_word' id='word_1_124' title='bbox 1184 1995 1335 2107; x_wconf 53' lang='lat' dir='ltr'>mm</span> 
     </span>
    </p>
   </div>
   <div class='ocr_carea' id='block_1_7' title="bbox 56 2098 1317 2183">
    <p class='ocr_par' dir='ltr' id='par_1_14' title="bbox 56 2098 1317 2183">
     <span class='ocr_line' id='line_1_18' title="bbox 56 2098 1317 2183; baseline 0 -22"><span class='ocrx_word' id='word_1_125' title='bbox 56 2099 135 2164; x_wconf 89' lang='lat' dir='ltr'>iussu</span> <span class='ocrx_word' id='word_1_126' title='bbox 150 2103 279 2165; x_wconf 93' lang='lat' dir='ltr'>Nostro</span> <span class='ocrx_word' id='word_1_127' title='bbox 294 2099 445 2183; x_wconf 85' lang='lat' dir='ltr'>patefieri</span> <span class='ocrx_word' id='word_1_128' title='bbox 460 2103 588 2166; x_wconf 90' lang='lat' dir='ltr'>curavit</span> <span class='ocrx_word' id='word_1_129' title='bbox 603 2102 818 2166; x_wconf 90' lang='lat' dir='ltr'>ecclesiarum</span> <span class='ocrx_word' id='word_1_130' title='bbox 837 2098 1049 2163; x_wconf 88' lang='lat' dir='ltr'>Praesulibus</span> <span class='ocrx_word' id='word_1_131' title='bbox 1069 2118 1156 2181; x_wconf 92' lang='lat' dir='ltr'>quae</span> <span class='ocrx_word' id='word_1_132' title='bbox 1184 2131 1222 2172; x_wconf 64' lang='lat' dir='ltr'>t„</span> <span class='ocrx_word' id='word_1_133' title='bbox 1234 2125 1317 2173; x_wconf 54' lang='lat' dir='ltr'>pia„</span> 
     </span>
    </p>
   </div>
   <div class='ocr_carea' id='block_1_8' title="bbox 58 2201 1449 2303">
    <p class='ocr_par' dir='ltr' id='par_1_15' title="bbox 58 2201 1449 2303">
     <span class='ocr_line' id='line_1_19' title="bbox 58 2201 1449 2303; baseline 0.006 -41"><span class='ocrx_word' id='word_1_134' title='bbox 58 2201 87 2263; x_wconf 89' lang='lat' dir='ltr'>in</span> <span class='ocrx_word' id='word_1_135' title='bbox 96 2204 282 2269; x_wconf 82' lang='lat' dir='ltr'>civitatibus</span> <span class='ocrx_word' id='word_1_136' title='bbox 298 2204 479 2269; x_wconf 85' lang='lat' dir='ltr'>foederatis</span> <span class='ocrx_word' id='word_1_137' title='bbox 496 2213 574 2268; x_wconf 92' lang='lat' dir='ltr'>sunt</span> <span class='ocrx_word' id='word_1_138' title='bbox 590 2205 769 2268; x_wconf 87' lang='lat' dir='ltr'>Americae</span> <span class='ocrx_word' id='word_1_139' title='bbox 783 2202 1156 2287; x_wconf 84' lang='lat' dir='ltr'>Septentrionalis.Quo</span> <span class='ocrx_word' id='word_1_140' title='bbox 1199 2238 1336 2303; x_wconf 57' lang='lat' dir='ltr'>Jud,·„1„„,</span> <span class='ocrx_word' id='word_1_141' title='bbox 1446 2230 1449 2237; x_wconf 95' lang='lat'>·</span> 
     </span>
    </p>
   </div>
   <div class='ocr_carea' id='block_1_9' title="bbox 57 2300 1335 3012">
    <p class='ocr_par' dir='ltr' id='par_1_16' title="bbox 57 2300 1335 2701">
     <span class='ocr_line' id='line_1_20' title="bbox 57 2300 1335 2390; baseline 0.002 -24"><span class='ocrx_word' id='word_1_142' title='bbox 57 2308 188 2384; x_wconf 88' lang='lat' dir='ltr'>pressius</span> <span class='ocrx_word' id='word_1_143' title='bbox 206 2316 321 2371; x_wconf 91' lang='lat' dir='ltr'>autem</span> <span class='ocrx_word' id='word_1_144' title='bbox 337 2300 420 2372; x_wconf 88' lang='lat' dir='ltr'>illud</span> <span class='ocrx_word' id='word_1_145' title='bbox 436 2326 617 2390; x_wconf 86' lang='lat' dir='ltr'>urgeamus</span> <span class='ocrx_word' id='word_1_146' title='bbox 636 2309 727 2390; x_wconf 92' lang='lat' dir='ltr'>quod</span> <span class='ocrx_word' id='word_1_147' title='bbox 753 2310 883 2371; x_wconf 90' lang='lat' dir='ltr'>animos</span> <span class='ocrx_word' id='word_1_148' title='bbox 908 2315 1037 2371; x_wconf 90' lang='lat' dir='ltr'>vestros</span> <span class='ocrx_word' id='word_1_149' title='bbox 1054 2327 1156 2389; x_wconf 89' lang='lat' dir='ltr'>ange·</span> <span class='ocrx_word' id='word_1_150' title='bbox 1185 2304 1335 2353; x_wconf 69' lang='lat' dir='ltr'>lacaena</span> 
     </span>
     <span class='ocr_line' id='line_1_21' title="bbox 58 2371 1304 2499; baseline 0.002 -28"><span class='ocrx_word' id='word_1_151' title='bbox 58 2409 115 2487; x_wconf 88' lang='lat' dir='ltr'>bat,</span> <span class='ocrx_word' id='word_1_152' title='bbox 138 2433 266 2495; x_wconf 85' lang='lat' dir='ltr'>vosque</span> <span class='ocrx_word' id='word_1_153' title='bbox 292 2413 336 2476; x_wconf 93' lang='lat' dir='ltr'>ad</span> <span class='ocrx_word' id='word_1_154' title='bbox 361 2412 575 2475; x_wconf 89' lang='lat' dir='ltr'>scribendum</span> <span class='ocrx_word' id='word_1_155' title='bbox 606 2413 781 2494; x_wconf 89' lang='lat' dir='ltr'>permovit,</span> <span class='ocrx_word' id='word_1_156' title='bbox 811 2414 968 2477; x_wconf 87' lang='lat' dir='ltr'>certiores</span> <span class='ocrx_word' id='word_1_157' title='bbox 994 2432 1055 2477; x_wconf 88' lang='lat' dir='ltr'>vos</span> <span class='ocrx_word' id='word_1_158' title='bbox 1087 2412 1156 2475; x_wconf 88' lang='lat' dir='ltr'>fieri</span> <span class='ocrx_word' id='word_1_159' title='bbox 1184 2371 1304 2499; x_wconf 48' lang='lat' dir='ltr'>ssim</span> 
     </span>
     <span class='ocr_line' id='line_1_22' title="bbox 58 2502 1306 2597; baseline 0.004 -23"><span class='ocrx_word' id='word_1_160' title='bbox 58 2513 208 2592; x_wconf 84' lang='lat' dir='ltr'>volumus,</span> <span class='ocrx_word' id='word_1_161' title='bbox 224 2518 393 2579; x_wconf 88' lang='lat' dir='ltr'>neminem</span> <span class='ocrx_word' id='word_1_162' title='bbox 415 2516 448 2578; x_wconf 95' lang='lat' dir='ltr'>in</span> <span class='ocrx_word' id='word_1_163' title='bbox 465 2515 529 2579; x_wconf 92' lang='lat' dir='ltr'>hoc</span> <span class='ocrx_word' id='word_1_164' title='bbox 546 2516 669 2578; x_wconf 92' lang='lat' dir='ltr'>iudicio</span> <span class='ocrx_word' id='word_1_165' title='bbox 693 2518 917 2597; x_wconf 90' lang='lat' dir='ltr'>suspicionem</span> <span class='ocrx_word' id='word_1_166' title='bbox 943 2517 1053 2580; x_wconf 93' lang='lat' dir='ltr'>Nobis</span> <span class='ocrx_word' id='word_1_167' title='bbox 1077 2517 1157 2579; x_wconf 91' lang='lat' dir='ltr'>inie·</span> <span class='ocrx_word' id='word_1_168' title='bbox 1185 2502 1306 2551; x_wconf 77' lang='lat' dir='ltr'>vindicat.</span> 
     </span>
     <span class='ocr_line' id='line_1_23' title="bbox 58 2617 1157 2701; baseline 0.008 -26"><span class='ocrx_word' id='word_1_169' title='bbox 58 2617 131 2679; x_wconf 89' lang='lat' dir='ltr'>cisse</span> <span class='ocrx_word' id='word_1_170' title='bbox 140 2619 330 2683; x_wconf 90' lang='lat' dir='ltr'>timendum</span> <span class='ocrx_word' id='word_1_171' title='bbox 347 2619 419 2682; x_wconf 84' lang='lat' dir='ltr'>sore</span> <span class='ocrx_word' id='word_1_172' title='bbox 430 2639 473 2681; x_wconf 93' lang='lat' dir='ltr'>ne</span> <span class='ocrx_word' id='word_1_173' title='bbox 488 2617 610 2682; x_wconf 83' lang='lat' dir='ltr'>infesta</span> <span class='ocrx_word' id='word_1_174' title='bbox 625 2619 739 2701; x_wconf 90' lang='lat' dir='ltr'>aliqua</span> <span class='ocrx_word' id='word_1_175' title='bbox 755 2621 893 2683; x_wconf 85' lang='lat' dir='ltr'>vexatio</span> <span class='ocrx_word' id='word_1_176' title='bbox 905 2620 1079 2685; x_wconf 86' lang='lat' dir='ltr'>catholicis</span> <span class='ocrx_word' id='word_1_177' title='bbox 1096 2620 1157 2684; x_wconf 92' lang='lat' dir='ltr'>im-</span> 
     </span>
    </p>

    <p class='ocr_par' dir='ltr' id='par_1_17' title="bbox 59 2722 1157 2807">
     <span class='ocr_line' id='line_1_24' title="bbox 59 2722 1157 2807; baseline 0.001 -23"><span class='ocrx_word' id='word_1_178' title='bbox 59 2724 207 2799; x_wconf 85' lang='lat' dir='ltr'>penderet</span> <span class='ocrx_word' id='word_1_179' title='bbox 219 2725 246 2786; x_wconf 93' lang='lat' dir='ltr'>si</span> <span class='ocrx_word' id='word_1_180' title='bbox 263 2744 304 2787; x_wconf 87' lang='lat' dir='ltr'>ea</span> <span class='ocrx_word' id='word_1_181' title='bbox 320 2742 407 2806; x_wconf 91' lang='lat' dir='ltr'>quae</span> <span class='ocrx_word' id='word_1_182' title='bbox 422 2732 518 2804; x_wconf 87' lang='lat' dir='ltr'>gesta</span> <span class='ocrx_word' id='word_1_183' title='bbox 529 2722 660 2785; x_wconf 85' lang='lat' dir='ltr'>iuerant</span> <span class='ocrx_word' id='word_1_184' title='bbox 676 2723 720 2785; x_wconf 91' lang='lat' dir='ltr'>ab</span> <span class='ocrx_word' id='word_1_185' title='bbox 731 2722 998 2807; x_wconf 87' lang='lat' dir='ltr'>Archiepiscopo</span> <span class='ocrx_word' id='word_1_186' title='bbox 1015 2723 1049 2789; x_wconf 91' lang='lat' dir='ltr'>S.</span> <span class='ocrx_word' id='word_1_187' title='bbox 1063 2724 1157 2787; x_wconf 91' lang='lat' dir='ltr'>Pauli</span> 
     </span>
    </p>

    <p class='ocr_par' dir='ltr' id='par_1_18' title="bbox 58 2824 1159 2909">
     <span class='ocr_line' id='line_1_25' title="bbox 58 2824 1159 2909; baseline 0.005 -26"><span class='ocrx_word' id='word_1_188' title='bbox 58 2825 134 2889; x_wconf 87' lang='lat' dir='ltr'>circa</span> <span class='ocrx_word' id='word_1_189' title='bbox 147 2826 279 2890; x_wconf 81' lang='lat' dir='ltr'>scholas</span> <span class='ocrx_word' id='word_1_190' title='bbox 296 2827 330 2890; x_wconf 94' lang='lat' dir='ltr'>in</span> <span class='ocrx_word' id='word_1_191' title='bbox 339 2826 470 2909; x_wconf 72' lang='lat' dir='ltr'>‘oppido</span> <span class='ocrx_word' id='word_1_192' title='bbox 486 2825 567 2889; x_wconf 89' lang='lat' dir='ltr'>sitas</span> <span class='ocrx_word' id='word_1_193' title='bbox 582 2825 761 2889; x_wconf 85' lang='lat' dir='ltr'>Faribault</span> <span class='ocrx_word' id='word_1_194' title='bbox 771 2836 806 2889; x_wconf 87' lang='lat' dir='ltr'>et</span> <span class='ocrx_word' id='word_1_195' title='bbox 824 2824 1037 2890; x_wconf 82' lang='lat' dir='ltr'>Stillwatera</span> <span class='ocrx_word' id='word_1_196' title='bbox 1051 2826 1159 2890; x_wconf 90' lang='lat' dir='ltr'>Nobis</span> 
     </span>
    </p>

    <p class='ocr_par' dir='ltr' id='par_1_19' title="bbox 59 2928 1161 3012">
     <span class='ocr_line' id='line_1_26' title="bbox 59 2928 1161 3012; baseline 0.005 -24"><span class='ocrx_word' id='word_1_197' title='bbox 59 2939 157 2993; x_wconf 85' lang='lat' dir='ltr'>essent</span> <span class='ocrx_word' id='word_1_198' title='bbox 182 2931 384 3012; x_wconf 81' lang='lat' dir='ltr'>improbata</span> <span class='ocrx_word' id='word_1_199' title='bbox 411 2928 527 3012; x_wconf 82' lang='lat' dir='ltr'>Quum</span> <span class='ocrx_word' id='word_1_200' title='bbox 544 2950 652 3012; x_wconf 91' lang='lat' dir='ltr'>neque</span> <span class='ocrx_word' id='word_1_201' title='bbox 679 2930 768 2993; x_wconf 92' lang='lat' dir='ltr'>idem</span> <span class='ocrx_word' id='word_1_202' title='bbox 794 2930 1005 2994; x_wconf 87' lang='lat' dir='ltr'>Venerabilis</span> <span class='ocrx_word' id='word_1_203' title='bbox 1034 2930 1161 3009; x_wconf 87' lang='lat' dir='ltr'>Frater,</span> 
     </span>
    </p>
   </div>
   <div class='ocr_carea' id='block_1_10' title="bbox 60 3032 1163 4268">
    <p class='ocr_par' dir='ltr' id='par_1_20' title="bbox 60 3032 1163 4268">
     <span class='ocr_line' id='line_1_27' title="bbox 60 3032 1160 3117; baseline 0.005 -24"><span class='ocrx_word' id='word_1_204' title='bbox 60 3051 112 3095; x_wconf 88' lang='lat' dir='ltr'>nec</span> <span class='ocrx_word' id='word_1_205' title='bbox 122 3034 204 3099; x_wconf 91' lang='lat' dir='ltr'>alius</span> <span class='ocrx_word' id='word_1_206' title='bbox 213 3035 355 3117; x_wconf 87' lang='lat' dir='ltr'>quilibet</span> <span class='ocrx_word' id='word_1_207' title='bbox 367 3033 467 3097; x_wconf 88' lang='lat' dir='ltr'>huius</span> <span class='ocrx_word' id='word_1_208' title='bbox 477 3034 613 3117; x_wconf 91' lang='lat' dir='ltr'>periculi</span> <span class='ocrx_word' id='word_1_209' title='bbox 632 3036 837 3097; x_wconf 90' lang='lat' dir='ltr'>mentionem</span> <span class='ocrx_word' id='word_1_210' title='bbox 856 3032 979 3113; x_wconf 84' lang='lat' dir='ltr'>iecerit,</span> <span class='ocrx_word' id='word_1_211' title='bbox 995 3032 1100 3117; x_wconf 91' lang='lat' dir='ltr'>liquet</span> <span class='ocrx_word' id='word_1_212' title='bbox 1116 3055 1160 3098; x_wconf 91' lang='lat' dir='ltr'>ex</span> 
     </span>
     <span class='ocr_line' id='line_1_28' title="bbox 60 3139 1160 3226; baseline 0.009 -28"><span class='ocrx_word' id='word_1_213' title='bbox 60 3139 200 3203; x_wconf 88' lang='lat' dir='ltr'>mendaci</span> <span class='ocrx_word' id='word_1_214' title='bbox 212 3139 305 3221; x_wconf 88' lang='lat' dir='ltr'>vulgi</span> <span class='ocrx_word' id='word_1_215' title='bbox 316 3159 449 3207; x_wconf 89' lang='lat' dir='ltr'>rumore</span> <span class='ocrx_word' id='word_1_216' title='bbox 464 3142 591 3207; x_wconf 88' lang='lat' dir='ltr'>lamam</span> <span class='ocrx_word' id='word_1_217' title='bbox 608 3164 680 3207; x_wconf 89' lang='lat' dir='ltr'>esse</span> <span class='ocrx_word' id='word_1_218' title='bbox 690 3146 845 3208; x_wconf 89' lang='lat' dir='ltr'>obortam</span> <span class='ocrx_word' id='word_1_219' title='bbox 863 3164 949 3226; x_wconf 91' lang='lat' dir='ltr'>quae</span> <span class='ocrx_word' id='word_1_220' title='bbox 966 3165 1024 3207; x_wconf 87' lang='lat' dir='ltr'>vos</span> <span class='ocrx_word' id='word_1_221' title='bbox 1040 3146 1072 3208; x_wconf 91' lang='lat' dir='ltr'>in</span> <span class='ocrx_word' id='word_1_222' title='bbox 1091 3146 1160 3208; x_wconf 88' lang='lat' dir='ltr'>ina-</span> 
     </span>
     <span class='ocr_line' id='line_1_29' title="bbox 60 3244 1160 3329; baseline 0.011 -30"><span class='ocrx_word' id='word_1_223' title='bbox 60 3258 127 3304; x_wconf 89' lang='lat' dir='ltr'>nem</span> <span class='ocrx_word' id='word_1_224' title='bbox 141 3263 276 3325; x_wconf 89' lang='lat' dir='ltr'>prorsus</span> <span class='ocrx_word' id='word_1_225' title='bbox 291 3254 325 3307; x_wconf 89' lang='lat' dir='ltr'>et</span> <span class='ocrx_word' id='word_1_226' title='bbox 336 3244 453 3311; x_wconf 83' lang='lat' dir='ltr'>falsam</span> <span class='ocrx_word' id='word_1_227' title='bbox 464 3248 660 3329; x_wconf 89' lang='lat' dir='ltr'>opinionem</span> <span class='ocrx_word' id='word_1_228' title='bbox 673 3248 826 3311; x_wconf 90' lang='lat' dir='ltr'>adduxit.</span> <span class='ocrx_word' id='word_1_229' title='bbox 845 3250 917 3312; x_wconf 92' lang='lat' dir='ltr'>Nos</span> <span class='ocrx_word' id='word_1_230' title='bbox 930 3249 1101 3312; x_wconf 86' lang='lat' dir='ltr'>enimvero</span> <span class='ocrx_word' id='word_1_231' title='bbox 1117 3250 1160 3311; x_wconf 93' lang='lat' dir='ltr'>ad</span> 
     </span>
     <span class='ocr_line' id='line_1_30' title="bbox 60 3342 1161 3435; baseline 0.009 -31"><span class='ocrx_word' id='word_1_232' title='bbox 60 3342 185 3410; x_wconf 90' lang='lat' dir='ltr'>huiusce</span> <span class='ocrx_word' id='word_1_233' title='bbox 196 3368 335 3411; x_wconf 90' lang='lat' dir='ltr'>caussae</span> <span class='ocrx_word' id='word_1_234' title='bbox 347 3352 576 3433; x_wconf 91' lang='lat' dir='ltr'>cognitionem</span> <span class='ocrx_word' id='word_1_235' title='bbox 587 3352 815 3435; x_wconf 90' lang='lat' dir='ltr'>iudiciumque</span> <span class='ocrx_word' id='word_1_236' title='bbox 825 3355 975 3415; x_wconf 89' lang='lat' dir='ltr'>animum</span> <span class='ocrx_word' id='word_1_237' title='bbox 987 3350 1161 3417; x_wconf 91' lang='lat' dir='ltr'>attulimus</span> 
     </span>
     <span class='ocr_line' id='line_1_31' title="bbox 61 3449 1160 3540; baseline 0.01 -32"><span class='ocrx_word' id='word_1_238' title='bbox 61 3449 153 3525; x_wconf 88' lang='lat' dir='ltr'>probe</span> <span class='ocrx_word' id='word_1_239' title='bbox 173 3472 358 3515; x_wconf 91' lang='lat' dir='ltr'>memorem</span> <span class='ocrx_word' id='word_1_240' title='bbox 374 3454 633 3537; x_wconf 90' lang='lat' dir='ltr'>studiosumque</span> <span class='ocrx_word' id='word_1_241' title='bbox 658 3456 867 3519; x_wconf 90' lang='lat' dir='ltr'>decretorum</span> <span class='ocrx_word' id='word_1_242' title='bbox 897 3477 992 3539; x_wconf 90' lang='lat' dir='ltr'>quae,</span> <span class='ocrx_word' id='word_1_243' title='bbox 1009 3478 1160 3540; x_wconf 91' lang='lat' dir='ltr'>praemo-</span> 
     </span>
     <span class='ocr_line' id='line_1_32' title="bbox 62 3555 1161 3641; baseline 0.01 -29"><span class='ocrx_word' id='word_1_244' title='bbox 62 3562 151 3617; x_wconf 85' lang='lat' dir='ltr'>nente</span> <span class='ocrx_word' id='word_1_245' title='bbox 175 3555 239 3619; x_wconf 88' lang='lat' dir='ltr'>hac</span> <span class='ocrx_word' id='word_1_246' title='bbox 269 3557 471 3638; x_wconf 87' lang='lat' dir='ltr'>Apostolica</span> <span class='ocrx_word' id='word_1_247' title='bbox 497 3558 596 3635; x_wconf 91' lang='lat' dir='ltr'>Sede,</span> <span class='ocrx_word' id='word_1_248' title='bbox 623 3560 655 3622; x_wconf 91' lang='lat' dir='ltr'>in</span> <span class='ocrx_word' id='word_1_249' title='bbox 685 3560 833 3641; x_wconf 89' lang='lat' dir='ltr'>Synodis</span> <span class='ocrx_word' id='word_1_250' title='bbox 861 3560 1161 3625; x_wconf 90' lang='lat' dir='ltr'>Baltimorensibus</span> 
     </span>
     <span class='ocr_line' id='line_1_33' title="bbox 61 3660 1162 3748; baseline 0.013 -34"><span class='ocrx_word' id='word_1_251' title='bbox 61 3675 150 3737; x_wconf 92' lang='lat' dir='ltr'>super</span> <span class='ocrx_word' id='word_1_252' title='bbox 162 3660 286 3722; x_wconf 91' lang='lat' dir='ltr'>scholis</span> <span class='ocrx_word' id='word_1_253' title='bbox 302 3662 544 3741; x_wconf 86' lang='lat' dir='ltr'>paroecialibus</span> <span class='ocrx_word' id='word_1_254' title='bbox 557 3664 705 3727; x_wconf 91' lang='lat' dir='ltr'>conscita</span> <span class='ocrx_word' id='word_1_255' title='bbox 722 3674 808 3727; x_wconf 93' lang='lat' dir='ltr'>sunt.</span> <span class='ocrx_word' id='word_1_256' title='bbox 828 3664 923 3728; x_wconf 90' lang='lat' dir='ltr'>Haec</span> <span class='ocrx_word' id='word_1_257' title='bbox 933 3666 1069 3748; x_wconf 92' lang='lat' dir='ltr'>quidem</span> <span class='ocrx_word' id='word_1_258' title='bbox 1083 3686 1162 3728; x_wconf 90' lang='lat' dir='ltr'>con·</span> 
     </span>
     <span class='ocr_line' id='line_1_34' title="bbox 63 3765 1160 3849; baseline 0.015 -31"><span class='ocrx_word' id='word_1_259' title='bbox 63 3769 178 3826; x_wconf 83' lang='lat' dir='ltr'>stanter</span> <span class='ocrx_word' id='word_1_260' title='bbox 192 3766 316 3827; x_wconf 77' lang='lat' dir='ltr'>servari</span> <span class='ocrx_word' id='word_1_261' title='bbox 343 3765 498 3829; x_wconf 88' lang='lat' dir='ltr'>volumus</span> <span class='ocrx_word' id='word_1_262' title='bbox 513 3788 521 3845; x_wconf 92' lang='lat'>;</span> <span class='ocrx_word' id='word_1_263' title='bbox 537 3770 697 3849; x_wconf 90' lang='lat' dir='ltr'>quoniam</span> <span class='ocrx_word' id='word_1_264' title='bbox 725 3788 804 3831; x_wconf 92' lang='lat' dir='ltr'>vero</span> <span class='ocrx_word' id='word_1_265' title='bbox 831 3768 896 3832; x_wconf 90' lang='lat' dir='ltr'>hoc</span> <span class='ocrx_word' id='word_1_266' title='bbox 921 3770 1050 3833; x_wconf 90' lang='lat' dir='ltr'>cunctis</span> <span class='ocrx_word' id='word_1_267' title='bbox 1074 3770 1160 3834; x_wconf 91' lang='lat' dir='ltr'>inest</span> 
     </span>
     <span class='ocr_line' id='line_1_35' title="bbox 63 3860 1159 3957; baseline 0.013 -34"><span class='ocrx_word' id='word_1_268' title='bbox 63 3860 179 3944; x_wconf 88' lang='lat' dir='ltr'>legibus</span> <span class='ocrx_word' id='word_1_269' title='bbox 200 3868 412 3949; x_wconf 89' lang='lat' dir='ltr'>generalibus</span> <span class='ocrx_word' id='word_1_270' title='bbox 429 3880 475 3947; x_wconf 91' lang='lat' dir='ltr'>ut,</span> <span class='ocrx_word' id='word_1_271' title='bbox 502 3870 612 3953; x_wconf 91' lang='lat' dir='ltr'>siquid</span> <span class='ocrx_word' id='word_1_272' title='bbox 628 3872 798 3952; x_wconf 88' lang='lat' dir='ltr'>singulare</span> <span class='ocrx_word' id='word_1_273' title='bbox 815 3874 948 3937; x_wconf 88' lang='lat' dir='ltr'>eveniat</span> <span class='ocrx_word' id='word_1_274' title='bbox 964 3895 1025 3937; x_wconf 90' lang='lat' dir='ltr'>nec</span> <span class='ocrx_word' id='word_1_275' title='bbox 1046 3876 1159 3957; x_wconf 90' lang='lat' dir='ltr'>opina·</span> 
     </span>
     <span class='ocr_line' id='line_1_36' title="bbox 64 3970 1161 4060; baseline 0.013 -35"><span class='ocrx_word' id='word_1_276' title='bbox 64 3975 135 4045; x_wconf 91' lang='lat' dir='ltr'>tum,</span> <span class='ocrx_word' id='word_1_277' title='bbox 150 3970 275 4035; x_wconf 88' lang='lat' dir='ltr'>sactum</span> <span class='ocrx_word' id='word_1_278' title='bbox 291 3972 425 4035; x_wconf 87' lang='lat' dir='ltr'>tolerari</span> <span class='ocrx_word' id='word_1_279' title='bbox 454 3984 567 4056; x_wconf 87' lang='lat' dir='ltr'>queat,</span> <span class='ocrx_word' id='word_1_280' title='bbox 581 3977 745 4039; x_wconf 87' lang='lat' dir='ltr'>suadente</span> <span class='ocrx_word' id='word_1_281' title='bbox 772 3980 954 4060; x_wconf 84' lang='lat' dir='ltr'>aequitate,</span> <span class='ocrx_word' id='word_1_282' title='bbox 970 3978 1060 4059; x_wconf 92' lang='lat' dir='ltr'>quod</span> <span class='ocrx_word' id='word_1_283' title='bbox 1079 3998 1161 4041; x_wconf 92' lang='lat' dir='ltr'>non·</span> 
     </span>
     <span class='ocr_line' id='line_1_37' title="bbox 65 4072 1162 4163; baseline 0.013 -34"><span class='ocrx_word' id='word_1_284' title='bbox 65 4072 135 4134; x_wconf 90' lang='lat' dir='ltr'>nihil</span> <span class='ocrx_word' id='word_1_285' title='bbox 155 4096 175 4136; x_wconf 90' lang='lat' dir='ltr'>a</span> <span class='ocrx_word' id='word_1_286' title='bbox 190 4076 294 4139; x_wconf 94' lang='lat' dir='ltr'>verbo</span> <span class='ocrx_word' id='word_1_287' title='bbox 307 4078 391 4158; x_wconf 88' lang='lat' dir='ltr'>legis</span> <span class='ocrx_word' id='word_1_288' title='bbox 413 4080 557 4157; x_wconf 91' lang='lat' dir='ltr'>recedat,</span> <span class='ocrx_word' id='word_1_289' title='bbox 583 4078 680 4143; x_wconf 83' lang='lat' dir='ltr'>facile</span> <span class='ocrx_word' id='word_1_290' title='bbox 695 4083 920 4163; x_wconf 91' lang='lat' dir='ltr'>comperimus</span> <span class='ocrx_word' id='word_1_291' title='bbox 938 4101 1051 4145; x_wconf 88' lang='lat' dir='ltr'>casum</span> <span class='ocrx_word' id='word_1_292' title='bbox 1073 4081 1162 4143; x_wconf 91' lang='lat' dir='ltr'>hunc</span> 
     </span>
     <span class='ocr_line' id='line_1_38' title="bbox 67 4170 1163 4268; baseline 0.01 -32"><span class='ocrx_word' id='word_1_293' title='bbox 67 4170 207 4242; x_wconf 76' lang='lat' dir='ltr'>incidisse</span> <span class='ocrx_word' id='word_1_294' title='bbox 225 4202 233 4259; x_wconf 90' lang='lat'>;</span> <span class='ocrx_word' id='word_1_295' title='bbox 250 4180 392 4262; x_wconf 90' lang='lat' dir='ltr'>proinde</span> <span class='ocrx_word' id='word_1_296' title='bbox 419 4185 650 4249; x_wconf 90' lang='lat' dir='ltr'>moderatione</span> <span class='ocrx_word' id='word_1_297' title='bbox 666 4206 705 4248; x_wconf 88' lang='lat' dir='ltr'>ac</span> <span class='ocrx_word' id='word_1_298' title='bbox 720 4185 898 4268; x_wconf 90' lang='lat' dir='ltr'>prudentia</span> <span class='ocrx_word' id='word_1_299' title='bbox 922 4185 1016 4261; x_wconf 91' lang='lat' dir='ltr'>duce,</span> <span class='ocrx_word' id='word_1_300' title='bbox 1036 4184 1163 4265; x_wconf 89' lang='lat' dir='ltr'>potius-</span> 
     </span>
    </p>
   </div>
   <div class='ocr_carea' id='block_1_11' title="bbox 67 4280 1162 4473">
    <p class='ocr_par' dir='ltr' id='par_1_21' title="bbox 67 4280 1162 4473">
     <span class='ocr_line' id='line_1_39' title="bbox 67 4280 1162 4371; baseline 0.011 -32"><span class='ocrx_word' id='word_1_301' title='bbox 67 4294 154 4353; x_wconf 87' lang='lat' dir='ltr'>quam</span> <span class='ocrx_word' id='word_1_302' title='bbox 171 4280 252 4365; x_wconf 85' lang='lat' dir='ltr'>legis</span> <span class='ocrx_word' id='word_1_303' title='bbox 270 4286 388 4365; x_wconf 89' lang='lat' dir='ltr'>rigore,</span> <span class='ocrx_word' id='word_1_304' title='bbox 399 4306 468 4350; x_wconf 93' lang='lat' dir='ltr'>rem</span> <span class='ocrx_word' id='word_1_305' title='bbox 479 4290 522 4353; x_wconf 92' lang='lat' dir='ltr'>de</span> <span class='ocrx_word' id='word_1_306' title='bbox 538 4310 603 4371; x_wconf 91' lang='lat' dir='ltr'>qua</span> <span class='ocrx_word' id='word_1_307' title='bbox 614 4291 776 4371; x_wconf 86' lang='lat' dir='ltr'>agebatur</span> <span class='ocrx_word' id='word_1_308' title='bbox 790 4292 1003 4356; x_wconf 88' lang='lat' dir='ltr'>iudicandam</span> <span class='ocrx_word' id='word_1_309' title='bbox 1015 4310 1087 4353; x_wconf 92' lang='lat' dir='ltr'>esse</span> <span class='ocrx_word' id='word_1_310' title='bbox 1099 4290 1162 4352; x_wconf 90' lang='lat' dir='ltr'>rati</span> 
     </span>
     <span class='ocr_line' id='line_1_40' title="bbox 68 4387 1161 4473; baseline 0.005 -28"><span class='ocrx_word' id='word_1_311' title='bbox 68 4395 178 4449; x_wconf 72' lang='lat' dir='ltr'>sumus.</span> <span class='ocrx_word' id='word_1_312' title='bbox 187 4387 344 4451; x_wconf 86' lang='lat' dir='ltr'>Ceterum</span> <span class='ocrx_word' id='word_1_313' title='bbox 356 4390 441 4453; x_wconf 87' lang='lat' dir='ltr'>inter</span> <span class='ocrx_word' id='word_1_314' title='bbox 452 4410 564 4453; x_wconf 89' lang='lat' dir='ltr'>sacros</span> <span class='ocrx_word' id='word_1_315' title='bbox 576 4400 705 4453; x_wconf 87' lang='lat' dir='ltr'>vestrae</span> <span class='ocrx_word' id='word_1_316' title='bbox 717 4393 861 4473; x_wconf 90' lang='lat' dir='ltr'>regionis</span> <span class='ocrx_word' id='word_1_317' title='bbox 874 4390 1065 4463; x_wconf 90' lang='lat' dir='ltr'>Antistites,</span> <span class='ocrx_word' id='word_1_318' title='bbox 1077 4408 1161 4469; x_wconf 92' lang='lat' dir='ltr'>quos</span> 
     </span>
    </p>
   </div>
   <div class='ocr_carea' id='block_1_12' title="bbox 0 0 1575 4859">
    <p class='ocr_par' dir='ltr' id='par_1_22' title="bbox 0 0 1575 4859">
     <span class='ocr_line' id='line_1_41' title="bbox 0 0 1575 4859; baseline 0 0"><span class='ocrx_word' id='word_1_319' title='bbox 0 0 1575 4859; x_wconf 95' lang='lat' dir='ltr'> </span> 
     </span>
    </p>
   </div>
  </div>
 </body>
</html>
