3117 4859
340 325 411 414 284
431 351 641 404 occursura
659 343 799 417 “ouon
818 355 846 404 s.
861 330 1137 406 auouss1uus¹’
1158 353 1190 403 ε.
1210 353 1286 403 nir.
1308 355 1451 406 cauca.

335 503 434 576 atque
441 496 663 560 authenticam
673 497 886 572 declaramus,
897 495 1177 560 reverendissimis
1190 497 1335 560 torosam
1355 497 1452 560 Ora'i·

337 599 446 664 uariis
456 599 638 684 ceterisque,
652 601 771 682 quibus
783 601 927 665 Musc'ces
943 599 1066 664 Sacrae
1087 621 1167 664 nera
1178 609 1233 678 est,
1248 599 1452 664 vehemeter

335 705 605 783 commendamus,
615 705 654 768 iei
660 706 868 786 potissimam
882 715 1065 788 spectantes,
1075 702 1169 768 atse'c
1180 704 1305 768 cunctis
1321 704 1357 766 in
1374 705 1451 768 laa's

335 829 376 872 ae
385 807 599 886 Diaccesibus,
610 829 683 872 cum
693 809 729 874 in
743 809 867 886 ceteris,
878 831 960 892 quae
971 808 1019 872 ad
1027 829 1158 873 sacram
1169 808 1365 890 Litargiam
1374 819 1449 890 per·

336 911 451 990 tinent,
467 921 538 976 tecm
553 913 654 976 etiam
668 913 705 978 ia
719 923 827 992 cantu,
843 913 1092 996 ureaeademque
1111 913 1197 976 ratio
1210 923 1372 987 servetur,
1386 934 1451 994 qua

337 1037 477 1080 raeaana
491 1019 602 1081 utitur
614 1017 801 1086 Ecclesia.)

175 1123 314 1182 eapraan-
382 1119 519 1197 Verum,
543 1121 831 1202 quemadmodum
859 1129 936 1206 post
960 1119 1174 1186 Pontificium
1199 1121 1249 1184 Pii
1268 1121 1321 1184 IX
1345 1121 1450 1184 Breve

170 1187 314 1288 'affirm
339 1223 380 1286 de
397 1222 567 1300 Graduali,
581 1225 658 1290 ad
649 1245 756 1308 ipsam
772 1227 931 1291 editionis
953 1225 1257 1309 approbationem
1248 1245 1282 1287 sn
1306 1223 1447 1288 dubium

159 1307 270 1406 {5222
268 1300 314 1420 7¹2
339 1329 536 1405 vocandam,
550 1330 798 1394 controversiae
814 1329 937 1412 pluries
953 1331 1110 1394 subortae
1126 1339 1159 1393 et
1175 1329 1354 1392 obstacula
1370 1337 1448 1390 suot

160 1425 314 1532 „ism”
338 1444 501 1512 permota,
530 1434 575 1497 ob
604 1453 691 1516 quae
719 1433 822 1500 Sacra
850 1433 991 1498 Rituum
1023 1433 1261 1516 congregatio,
1292 1433 1349 1496 die
1378 1443 1447 1494 xtv

339 1535 465 1617 Aprilis
495 1555 585 1600 anno
616 1551 883 1614 Mucccuxxvn,
914 1539 965 1602 sui
998 1537 1144 1602 muneris
1174 1557 1248 1600 esse
1278 1534 1444 1617 persensit

337 1640 519 1704 editionem
541 1643 771 1707 authenticam
794 1645 956 1720 adserere,
979 1663 1108 1724 suoque
1131 1639 1291 1724 suffragio
1312 1641 1445 1721 penitus

336 1743 649 1822 confirmare;ltaud
666 1746 770 1822 aliter,
781 1757 857 1829 post
876 1746 1089 1828 Apostolicas
1101 1747 1203 1810 etiam
1216 1743 1343 1807 Leonis
1354 1741 1442 1806 XIII

338 1847 494 1926 Litteras,
519 1850 601 1932 quin
630 1848 731 1914 finem
757 1850 1033 1914 contentionIbus
1065 1849 1222 1924 iacerent,
1246 1847 1310 1910 sibi
1336 1847 1444 1910 adbuc

336 1954 502 2034 iategrurn
519 1963 722 2035 putaverunt
743 1953 896 2019 nonnulli
911 1954 1051 2018 consilia
1066 1963 1100 2018 et
1122 1954 1258 2018 decreta
1279 1951 1443 2033 negligere

336 2057 379 2118 de
389 2055 545 2120 instituto
556 2069 676 2122 cantus
688 2057 1087 2136 ecclesiastici,constanti
1100 2075 1261 2122 romanae
1273 2055 1442 2136 Liturgiae

337 2159 468 2223 ratione
482 2171 516 2224 et
532 2182 593 2224 usu
615 2163 835 2244 comprobati.
854 2163 975 2240 Immo,
998 2162 1139 2226 choricis
1156 2158 1331 2225 Ecclesiae
1353 2157 1439 2222 libris

337 2265 370 2326 in
382 2264 488 2328 lucem
503 2266 651 2348 prolatis,
662 2277 801 2350 totaque
813 2267 875 2331 hac
889 2287 923 2330 re
935 2267 979 2331 ad
991 2267 1122 2330 exitum
1133 2265 1267 2348 egregie
1277 2264 1441 2346 perducta,

159 2345 313 2450 ίηζῗξξζζῖ,
337 2368 497 2452 largiores
521 2391 656 2435 evasere
682 2371 929 2453 disputationes
945 2391 953 2448 ;
969 2381 1011 2448 et,
1027 2371 1060 2433 in
1086 2378 1254 2434 conventu
1279 2366 1439 2432 cultorum

158 2463 314 2568 &precata
338 2473 483 2554 liturgici
499 2483 618 2538 cantus
642 2495 733 2540 anuo
749 2489 1010 2540 Mocccuxxxn
1028 2473 1136 2538 Aretii
1157 2473 1286 2548 habito,
1302 2470 1438 2535 validIus

339 2577 509 2640 excitatae
523 2598 683 2643 censurae
695 2599 753 2643 eos
770 2599 920 2643 moerore
943 2579 1135 2654 affecerunt,
1150 2577 1218 2660 qui,
1233 2578 1268 2639 in
1291 2573 1438 2639 ecclesia·

338 2679 413 2743 stici
428 2691 611 2746 concentus
627 2682 866 2762 uniformitate,
879 2681 1097 2765 Apostolicae
1109 2680 1189 2747 Sedi
1202 2680 1300 2744 unice
1317 2680 1438 2744 obtem·

232 2809 315 2869 aas„
339 2785 562 2864 perandum
552 2805 623 2850 rure
648 2788 835 2870 meritoque
865 2787 1070 2852 existimant.
1099 2783 1214 2869 Quum
1244 2795 1360 2848 autem
1387 2777 1438 2862 qui

184 2883 313 2987 {fimi}
339 2887 493 2952 Aretium
510 2890 597 2954 hanc
613 2892 657 2954 ob
673 2911 827 2956 caussam
843 2891 1096 2968 contenderant,
1105 2899 1185 2952 vota
1201 2889 1369 2971 quaedam
1386 2901 1438 2946 seu

196 2989 311 3048 ‘’ms“
337 2992 507 3072 postulata
522 2994 566 3057 de
580 2995 699 3058 eadem
711 3016 746 3059 re
762 3015 829 3059 non
847 3006 978 3060 tantum
997 2995 1029 3057 in
1047 2993 1208 3077 populum
1226 2989 1439 3075 prodiderint¹

335 3115 449 3160 uerum
466 3097 569 3162 etiam
593 3098 815 3164 Sanctissimo
832 3099 981 3164 Domino
998 3099 1124 3163 Nostro
1149 3097 1254 3162 Leoni
1271 3095 1364 3160 XIII
1380 3093 1440 3156 ior·

336 3199 434 3263 mulis
449 3203 651 3266 concionata
666 3204 892 3281 exhibuerint,
908 3203 1067 3267 Pontifex
1083 3201 1183 3278 idern,
1195 3201 1321 3282 negotii
1338 3195 1441 3281 gravi·

335 3313 406 3367 tate
426 3317 607 3386 permotus,
635 3317 672 3370 ut
687 3326 856 3372 sacrorum
881 3316 1115 3383 concentuum,
1130 3305 1346 3389 potissimum
1368 3319 1441 3364 vero

336 3405 533 3489 Gregoriani
549 3420 677 3489 cantus,
700 3413 821 3476 unitati
837 3422 872 3476 et
889 3411 1046 3492 dignitati
1070 3409 1269 3486 consuleret,
1284 3418 1366 3472 vota
1388 3405 1441 3469 illa

335 3530 394 3574 seu
421 3513 592 3594 postulata
616 3516 650 3578 in
671 3535 818 3580 examen
844 3515 1045 3580 adducenda
1073 3514 1258 3596 assignavit
1285 3507 1440 3595 peculiari

335 3617 445 3679 coetui
458 3617 501 3680 ab
516 3637 552 3680 se
564 3619 695 3682 delecto
705 3620 927 3702 quorumdam
941 3617 1077 3682 Patrurn
1089 3617 1321 3683 CardinaIIum
1335 3613 1440 3680 Sacris

335 3713 470 3784 tuendis
494 3723 629 3785 Ritibus
646 3722 928 3805 Praepositorum.
946 3721 1024 3806 Qui,
1038 3722 1196 3787 omnibus
1220 3731 1351 3784 mature
1372 3737 1440 3800 per·

336 3825 457 3903 pensis,
472 3827 717 3909 exquisitisque
739 3827 921 3910 insignium
938 3845 1073 3909 quoque
1092 3825 1238 3889 viromm
1261 3821 1443 3894 sententiis,

152 3955 310 4010 mamm
335 3931 390 3992 die
414 3943 440 3992 x
461 3929 589 4011 Aprilis
619 3950 709 3994 anno
731 3943 1007 3995 MDCCCLxxxln
1037 3929 1109 3993 sine
1136 3929 1204 3994 ulla
1233 3927 1440 3992 dubitatione

156 4013 310 4120 ,issssjf‘da'
335 4035 582 4097 decernendum
602 4044 824 4101 censuerunt:
841 4047 859 4100 t
884 4033 966 4099 Vota
980 4055 1035 4097 seu
1054 4035 1222 4113 postulata
1241 4031 1283 4095 ab
1306 4031 1440 4094 Aretias

333 4147 499 4210 conventu,
513 4137 676 4215 superiore
685 4159 781 4215 anna,
792 4139 920 4214 ernissa,
930 4159 970 4202 ac
981 4137 1009 4200 S
1009 4137 1064 4201 edi
1074 4137 1276 4218 Apostolicae
1287 4136 1330 4199 ab
1339 4134 1440 4198 cadem

333 4237 439 4300 oblata
447 4249 511 4318 pra
525 4240 678 4321 liturgica
699 4251 796 4304 cantu
816 4241 1018 4323 Gregoriana
1037 4239 1087 4303 ad
1103 4250 1269 4304 vetustam
1293 4237 1438 4302 aeditic-

334 4358 406 4399 nem
423 4338 605 4420 redigenda,
620 4352 746 4424 accepta
761 4346 814 4407 uti
827 4355 946 4408 sanant
956 4344 1056 4426 recepi
1058 4344 1258 4426 probarique
1274 4364 1336 4406 reon
1342 4354 1438 4424 passe.
