3117 4859
368 309 441 379 304
478 310 686 365 paenarum
707 300 954 366 “nurancrrs
967 290 987 317 ”
1006 312 1036 365 s.
1056 313 1196 365 conon.
1214 312 1396 365 concurr.

369 404 523 415 a·—-——

216 483 337 540 aarum
369 450 531 519 Pontifice
553 452 819 539 efflagitaverint,
844 466 882 521 ut
901 457 1028 541 aliquid
1054 458 1177 522 bacin
1204 478 1240 521 re
1263 457 1476 540 peculiariter

188 536 217 575 '¹¹
230 530 340 635 12⁰,ssss
365 558 610 637 decerneretur,
630 580 699 643 quo
717 558 885 625 efficacius
907 562 985 625 huic
1008 562 1255 625 ecclesiasticae
1277 561 1475 643 disciplinae

220 650 338 768 ‘J'ffl
366 663 612 745 perturbationi
627 664 754 729 occurri
768 674 892 748 posset.
909 664 1150 731 Sanctissimus
1167 665 1338 729 Dominus
1353 665 1477 729 Noster

183 774 325 875 mm
365 765 437 831 Leo
461 767 554 850 Papa
582 766 685 845 XIII,
708 768 867 832 omnibus
891 778 1022 833 mature
1049 770 1232 852 perpensis,
1256 780 1290 834 et
1316 768 1417 833 iuxta
1437 788 1473 831 ea

183 888 336 957 persen·
363 890 450 955 quae
471 872 555 937 alias
580 891 641 956 per
668 871 985 937 Eminentissimum
1014 874 1119 939 Urbis
1140 874 1313 938 Vicarium
1336 876 1394 937 edi
1409 877 1470 937 ius-

180 954 337 1053 {mn
363 988 460 1055 serat,
476 978 569 1055 haec,
591 997 678 1061 quae
700 988 895 1061 sequuntur,
910 998 970 1061 per
991 976 1132 1043 Sacram
1154 978 1297 1043 Concilii
1321 977 1471 1062 Googrc-

363 1081 534 1163 gationem
553 1082 766 1165 praescripsit
780 1102 820 1145 ac
832 1083 949 1146 statuit
963 1106 971 1146 ι

203 1201 336 1321 emt&
408 1202 433 1267 1.
466 1201 586 1267 Clerici
618 1213 650 1267 et
688 1205 879 1269 sacerdotes
910 1204 1098 1267 saeculares
1133 1203 1264 1268 alienae
1300 1206 1471 1272 dioecesis,

200 1326 335 1367 rerum-
363 1316 422 1372 aut
445 1307 546 1371 etiam
565 1307 733 1389 regulares
752 1317 850 1371 extra
874 1307 1021 1372 claustra
1043 1309 1216 1391 degentes,
1232 1311 1423 1392 nequibunt
1440 1312 1469 1373 in

183 1380 336 1485 ffima‘
363 1422 538 1494 posterum
556 1411 676 1477 stabile
698 1411 907 1477 domicilium
924 1412 957 1476 in
982 1412 1078 1477 Urbe
1100 1421 1248 1477 statuere
1269 1416 1401 1497 absque
1415 1436 1471 1478 ex·

184 1498 327 1552 ‘'Mum''
364 1536 478 1599 pressa
495 1516 591 1579 venia
608 1514 740 1581 Summi
758 1515 940 1594 Pontificis,
949 1536 1009 1599 per
1020 1516 1167 1581 officium
1185 1517 1308 1582 Sacrae
1324 1518 1472 1603 Congre-

362 1620 508 1700 gationis
525 1618 667 1687 Concilii
684 1620 905 1703 impetranda.

224 1760 337 1831 puero
408 1740 454 1807 11.
476 1740 544 1825 Qui
570 1762 649 1807 vero
674 1742 706 1805 in
736 1762 895 1826 praesens
920 1742 1050 1806 Romae
1080 1744 1219 1826 degunt,
1241 1743 1271 1806 si
1298 1743 1391 1809 nullo
1415 1746 1470 1808 be·

181 1827 337 1925 ἷζῗξῇζζῗζ,
366 1844 474 1909 neficii
491 1858 550 1911 aut
575 1844 676 1911 officii
704 1844 804 1911 titulo
820 1848 863 1911 ad
887 1846 1100 1911 residendum
1124 1847 1276 1912 adstricti
1300 1858 1388 1925 sunt,
1411 1869 1471 1912 nec

182 1938 291 1998 “8¹¹⁸“
364 1970 424 2032 per
440 1951 633 2015 diuturnam
657 1951 957 2015 commorationem
981 1960 1016 2013 et
1039 1950 1178 2014 tacitam
1195 1961 1254 2015 aut
1277 1971 1469 2034 expressam

364 2074 499 2119 suorum
526 2054 772 2136 Episcoporum
790 2054 959 2117 licentiam
982 2054 1189 2118 domicilium
1206 2054 1339 2117 Romae
1360 2058 1472 2139 acqui·

362 2158 487 2236 sierint,
502 2168 580 2241 post
601 2178 750 2221 mensem
769 2178 789 2222 a
812 2159 868 2221 die
883 2157 981 2221 huius
998 2158 1126 2223 decreti
1141 2158 1292 2242 elapsum
1315 2161 1361 2222 ad
1377 2181 1468 2223 suam

361 2264 541 2329 dioecesim
559 2264 665 2326 redire
681 2262 862 2327 debebunt.

212 2402 336 2519 &m
408 2404 471 2469 lll.
503 2402 625 2467 Nullus
655 2422 700 2465 ex
730 2402 857 2465 clericis
887 2411 922 2466 et
951 2402 1180 2467 sacerdotibus
1211 2401 1342 2467 alienae
1377 2403 1466 2467 dioe

182 2521 337 2593 officiisquae
361 2510 445 2572 cesis
470 2508 512 2570 ad
539 2506 800 2570 ecclesiasticum
827 2504 984 2582 officium,
1006 2506 1242 2590 quodcumque
1265 2506 1319 2584 sit,
1341 2516 1401 2570 aut
1424 2506 1465 2569 ad

230 2582 336 2684 {im}
360 2612 449 2675 aliud
479 2630 600 2675 munus
626 2612 717 2693 quod
744 2610 961 2674 residentiam
985 2611 1018 2673 in
1045 2610 1138 2675 Urbe
1163 2611 1320 2693 requirat,
1345 2610 1466 2693 eligia

182 2696 335 2811 gssss‘s‘ffl'
362 2735 531 2800 quoquam
561 2714 593 2777 in
626 2723 798 2795 posterum
824 2714 957 2795 poterit,
982 2713 1055 2792 nisi,
1071 2725 1202 2796 praeter
1225 2713 1466 2779 testimoniales

361 2818 655 2884 commendatitias
673 2818 723 2881 sui
751 2816 910 2900 Episcopi
937 2816 1074 2893 litteras,
1089 2818 1251 2881 exhibeat
1265 2838 1400 2900 quoque
1414 2836 1466 2879 ve-

361 2924 451 2985 niam
466 2942 488 2985 a
505 2922 646 2987 Summo
664 2920 826 2985 Pontifice
847 2922 914 2984 iarn
931 2920 1106 2985 obtentam
1133 2922 1265 2985 Romae
1286 2920 1442 2985 manendi
1457 2942 1466 2996 ;

360 3027 509 3108 itemque
535 3025 660 3087 nemini
687 3023 887 3087 beneficium
912 3024 1109 3102 conferetur,
1124 3027 1152 3087 si
1174 3044 1348 3089 assensum
1370 3023 1465 3089 Ordi-

361 3131 443 3193 narii
460 3129 510 3193 sui
526 3130 569 3192 ad
590 3128 653 3192 hoc
670 3147 736 3191 non
754 3127 956 3193 obtinuerit:
980 3139 1082 3212 atque
1096 3128 1193 3193 aliter
1213 3129 1302 3194 iacta
1317 3125 1463 3193 beneficii

360 3236 497 3299 collatio
514 3232 605 3297 nulla
620 3242 654 3296 et
671 3233 763 3296 irrita
779 3234 850 3298 erit.
921 3264 925 3271 ·

220 3399 335 3456 ,oum
409 3372 467 3437 lV.
494 3370 561 3453 Qui
589 3370 631 3434 ad
658 3370 843 3434 litterarum
870 3370 1151 3452 scientiarumque
1181 3369 1302 3434 studiis
1331 3388 1464 3453 operam

205 3458 335 3587 ffl‘jssss‘jss
360 3477 519 3552 dandam,
535 3474 587 3537 vel
602 3474 644 3539 ad
658 3474 801 3538 honesta
817 3474 952 3555 negotia
962 3475 1166 3556 peragenda,
1177 3474 1228 3537 vel
1241 3495 1286 3537 ex
1302 3473 1368 3537 alia
1384 3475 1465 3535 iusta

180 3578 336 3625 &mimi
360 3600 478 3645 caussa
494 3580 526 3643 in
545 3578 639 3644 Urbe
663 3598 739 3642 curn
758 3577 928 3643 Ordinarii
946 3577 1080 3640 licentia
1096 3588 1279 3654 versantur,
1294 3578 1406 3641 statim
1428 3595 1464 3637 ac

190 3643 336 3745 “miz
360 3684 564 3767 temporaria
580 3682 772 3747 huiusmodi
788 3702 906 3746 caussa
922 3682 1111 3759 cessaverit,
1132 3681 1185 3747 vel
1202 3702 1222 3745 a
1237 3683 1374 3764 proprio
1389 3680 1462 3761 Epi-

225 3771 335 3812 (ΝΜ
359 3810 464 3871 scopo
489 3796 694 3865 revocentur,
717 3787 759 3850 ad
777 3787 945 3870 propriam
961 3785 1142 3850 dioecesim
1159 3786 1268 3849 redire
1290 3786 1464 3857 debebunt,

360 3894 499 3956 exclusa
522 3891 614 3955 omni
640 3890 726 3955 sutili
748 3892 977 3965 excusatione,
1001 3910 1040 3952 ac
1065 3891 1272 3972 praesertim,
1301 3892 1346 3955 ob
1368 3908 1463 3971 pecu·

361 3997 475 4061 liarem
497 3996 701 4059 dioecesium
718 3994 769 4057 his
791 3994 1000 4076 temporibus
1023 3992 1263 4071 conditionem,
1279 3993 1462 4057 nullatenus

360 4099 486 4162 eisdem
515 4097 721 4180 suffragante
748 4098 949 4180 exceptione
979 4096 1049 4159 sive
1074 4116 1120 4161 ex
1150 4099 1315 4180 susceptis
1341 4095 1465 4170 studiis,

362 4203 431 4263 sive
447 4222 491 4265 ex
508 4212 685 4283 praetensa
697 4202 861 4265 tenuitate
873 4200 1127 4264 sustentationis
1139 4202 1184 4265 ab
1197 4202 1369 4285 Episcopo
1377 4197 1466 4263 obla·

362 4312 416 4366 tae
433 4304 631 4385 desumpta:
654 4305 744 4387 quod
761 4304 798 4382 si,
813 4304 955 4370 durante
978 4304 1041 4367 hac
1064 4323 1180 4367 eorum
1204 4302 1466 4370 commoratione
