3117 4859
360 341 432 411 288
573 361 755 411 sersaons
786 348 806 377 “
826 360 1009 411 emanans
1035 363 1059 410 A
1086 361 1207 411 vonrs.
1230 339 1247 365 ’⁵

358 512 494 575 nomine
509 521 664 593 apertum
681 521 741 573 est.
754 510 831 573 Huc
848 512 949 591 igitur
966 510 1129 575 intendite
1145 511 1276 574 animos
1291 520 1325 573 et
1341 508 1460 572 seduli-

356 624 472 689 tatem,
482 615 528 675 sic
541 624 578 676 ut
594 614 820 676 ecclesiastica
838 612 1034 690 Seminaria,
1045 633 1130 695 quae
1147 616 1212 675 iam
1226 622 1314 688 sunt,
1325 612 1461 677 omnino

356 717 493 799 vigeant
509 716 727 799 floreantque,
742 727 815 780 tum
832 718 873 779 ad
891 717 1004 781 studia
1027 737 1194 781 sacrarum
1211 716 1460 798 disciplinarum

356 822 447 904 quod
464 823 595 899 attinet,
611 831 683 885 tum
701 822 791 903 quod
818 830 948 904 spectat
972 821 1014 885 ad
1041 822 1172 885 animos
1198 812 1462 885 adolescentium

235 933 265 981 in
276 932 332 1007 qm]-
357 932 472 987 sancte
483 922 667 1007 fingendos.
681 923 802 988 Studia
819 924 954 1005 quidem
967 935 1003 988 ut
1015 934 1104 987 recte
1121 926 1315 1007 procedant,
1326 922 1462 1006 optimis

198 1000 242 1047 ⁶¹⁴⁵
254 1012 332 1059 ''¹⁰⁸''
358 1025 551 1090 doctoribus
567 1043 652 1107 opus
665 1033 724 1099 est,
734 1043 802 1086 non
821 1024 923 1087 modo
934 1046 1015 1088 sana
1025 1026 1178 1089 doctrina
1191 1026 1338 1101 imbutis,
1350 1042 1462 1087 verum

196 1066 248 1112 stri
256 1064 333 1112 scien·

180 1131 332 1205 2²¹⁶an-
358 1129 415 1210 qui
440 1128 531 1191 illam
560 1126 816 1191 accommodate
842 1128 978 1191 tradant
994 1139 1027 1192 et
1045 1128 1086 1191 ad
1107 1128 1231 1192 Nostra
1259 1128 1463 1211 praescripta

198 1201 333 1309 mimz.
359 1237 508 1301 fideliter.
526 1236 575 1301 Ut
591 1246 704 1299 autem
726 1235 925 1300 adolescens
947 1236 1054 1299 clerus
1076 1257 1276 1319 germanum
1295 1236 1465 1301 Ecclesiae

227 1331 335 1454 'mxi
358 1342 510 1423 spiritum
536 1341 668 1405 hauriat
694 1352 728 1405 et
757 1341 933 1405 excolatur
956 1342 1143 1419 virtutibus,
1160 1342 1311 1423 magistri
1327 1341 1462 1423 pietatis

356 1445 613 1527 diligentissime
628 1444 798 1526 deligendi
812 1455 906 1523 sunt;
919 1465 1061 1527 quorum
1078 1457 1191 1510 tamen
1207 1464 1344 1528 operam
1355 1454 1465 1508 vestra

358 1550 460 1613 etiam
487 1547 586 1630 plena
612 1550 795 1613 industriae
823 1549 1016 1614 sollicitudo
1038 1551 1174 1615 adiuvet
1191 1560 1225 1613 et
1241 1548 1401 1633 perficiat.
1417 1548 1464 1613 Ar

223 1657 335 1735 ,Indiae
359 1655 493 1717 veroin
520 1654 729 1717 dioecesibus
755 1653 812 1716 ubi
840 1654 931 1717 nulla
959 1655 1068 1718 adhuc
1086 1654 1275 1719 Seminaria
1302 1655 1465 1729 existunt,

180 1723 333 1837 celfam?
358 1768 475 1822 curent
490 1759 583 1821 omni
599 1778 663 1839 ope
680 1759 863 1821 Antistites
891 1768 927 1821 ut
951 1780 992 1822 ea
1018 1760 1268 1843 quamprimum
1296 1778 1465 1843 quamque

181 1854 332 1968 ίάζξξξζξζ·
357 1865 485 1946 optime
502 1862 750 1925 constituantur
757 1884 765 1941 ;
780 1864 895 1925 omnia
906 1884 966 1944 pro
978 1873 1149 1945 potestate
1158 1864 1368 1946 exequendo,
1380 1884 1465 1947 quae

212 1990 281 2043 tunt,
292 1999 332 2032 cu·
359 1971 391 2031 in
409 1968 496 2031 hanc
512 1977 641 2047 partem
659 1975 730 2029 tum
744 1986 764 2029 a
776 1966 976 2031 Tridentina
988 1966 1129 2047 Synodo
1145 1968 1274 2030 sancita
1289 1976 1378 2043 sunt,
1393 1976 1462 2030 tum

179 2051 334 2164 mm
360 2071 568 2151 Nosmetipsi
586 2071 816 2152 praecepimus
828 2070 1034 2153 Apostolicis
1046 2072 1163 2136 litteris
1176 2086 1199 2133 v
1210 2073 1269 2135 cal.
1282 2070 1364 2133 Maii
1377 2090 1464 2135 anno

202 2181 332 2246 quampri-
359 2175 564 2241 MDCCCXCH
580 2175 676 2237 datis.
696 2173 773 2256 Ipsa
790 2176 934 2238 docendi
951 2175 1097 2252 libertas,
1113 2196 1199 2259 quae
1215 2176 1305 2260 apud
1327 2185 1463 2257 gentem

179 2261 333 2361 ,ὢᾝῖ
360 2292 504 2345 vestram
520 2300 610 2343 nunc
626 2278 723 2355 valet,
739 2279 934 2343 facultatem
950 2278 1048 2343 affert
1064 2281 1159 2344 vobis
1185 2282 1355 2355 maiorem,
1373 2288 1410 2343 ut
1426 2298 1464 2341 ea

359 2385 535 2466 praestetis
546 2402 632 2465 quae
642 2382 686 2445 de
701 2390 782 2463 apta
799 2384 927 2447 ratione
943 2384 1131 2448 studiorum
1145 2382 1464 2447 commendavimus.

359 2526 402 2535 -
418 2488 475 2550 Ad
492 2486 575 2549 haec
591 2484 798 2568 praeclarum
816 2506 950 2569 quoque
979 2488 1211 2554 adiumentum
1239 2497 1394 2571 paratum
1416 2496 1464 2549 est

195 2578 336 2691 rumix
361 2591 393 2652 in
421 2589 616 2653 clericorum
633 2587 796 2669 collegio,
813 2591 904 2672 quod
923 2592 1064 2669 Romae,
1080 2593 1261 2655 commodo
1288 2590 1466 2653 Americae

224 2708 335 2771 egregias
361 2693 597 2770 meridionalis,
613 2694 691 2756 Pius
709 2694 761 2757 IX
778 2694 947 2758 Decessor
964 2696 1088 2759 Noster
1104 2694 1157 2760 iel.
1173 2716 1236 2759 rec.
1252 2695 1465 2759 condendum

180 2773 333 2887 im&
360 2800 665 2882 curavit,qu0dqne
684 2800 891 2881 Nosmetipsi
908 2802 1090 2881 provehere
1100 2801 1291 2865 studuimus
1302 2799 1466 2880 valdeque

181 2904 333 3018 ‘Ollrfrgc'eorsrlfrr
361 2905 521 2968 fovemus.
538 2904 823 2986 Expectationem
841 2924 919 2968 vero
936 2907 1048 2970 exitus
1066 2905 1192 2969 felicius
1222 2906 1255 2968 in
1281 2906 1353 2969 dies
1377 2922 1466 2968 com·

201 3036 332 3083 Americae
360 3009 450 3092 plet:
475 3009 624 3091 satisque
649 3018 700 3072 est
724 3026 998 3085 commemorare,
1014 3030 1058 3071 ex
1087 3010 1160 3091 ipso
1189 3019 1301 3073 vestro
1317 3026 1465 3080 numero,

181 3100 332 3214 'uffg'zfffij
359 3110 579 3175 Venerabiles
590 3110 733 3185 Fratres,
744 3111 926 3174 nonnullos
941 3112 1067 3175 censeri
1083 3132 1168 3194 quos
1184 3111 1342 3175 habuisse
1358 3109 1464 3173 alum·

181 3232 277 3281 tuendi.
329 3265 339 3293 ,
360 3235 421 3279 nos
437 3215 507 3278 iure
523 3215 612 3278 idem
631 3213 831 3295 Ephebeum
848 3214 998 3280 laetatur.
1018 3216 1142 3281 iuverit
1158 3236 1248 3297 ergo,
1263 3225 1297 3278 et
1313 3224 1464 3278 auctores

361 3319 537 3399 praecipue
564 3337 680 3380 sumus
707 3319 753 3391 ut;
769 3337 854 3400 quos
881 3320 1036 3402 egregiae
1063 3320 1134 3399 spei
1159 3317 1392 3382 adolescentes
1408 3317 1464 3379 ha-

360 3422 507 3498 bueritis,
524 3422 671 3483 Romam
699 3418 895 3485 formandos
922 3423 1074 3496 mittatis.
1100 3424 1217 3487 iisdem
1245 3422 1462 3504 postmodum

360 3547 426 3608 qua
442 3526 485 3589 ad
501 3526 692 3588 docendum
708 3546 775 3607 qua
791 3535 901 3591 cetera
917 3529 959 3590 ad
978 3528 1092 3591 munia
1108 3527 1286 3591 commode
1302 3527 1402 3590 usuri.

228 3650 331 3701 Imm.
404 3630 475 3691 Vix
491 3628 613 3692 attinet
629 3628 739 3691 dicere
756 3629 798 3690 de
815 3629 1054 3707 emolumento,
1070 3630 1160 3713 quod
1188 3631 1284 3693 vobis
1311 3631 1344 3692 in
1373 3646 1465 3691 sacra

181 3715 333 3831 '52ssssAE
362 3754 394 3794 re
411 3730 558 3794 familiae
573 3731 729 3793 ordinum
758 3732 987 3811 religiosorum
1014 3742 1093 3797 sunt
1120 3733 1289 3797 allaturae.
1309 3732 1377 3797 Eas
1395 3730 1464 3794 Nos

199 3847 283 3895 studio
294 3848 332 3895 de·
361 3856 406 3897 ex
422 3834 633 3917 providentia
648 3834 850 3914 Apostolica
868 3836 930 3898 rati
947 3856 1061 3900 sumus
1078 3837 1122 3899 ab
1146 3838 1283 3899 iacturis
1309 3833 1464 3917 praeteri·

180 3912 334 4089 &²225ssss
361 3952 471 4003 torum
488 3948 678 4019 temporum
696 3938 729 3999 in
755 3940 929 4021 pristinam
959 3941 1188 4006 institutorum
1217 3940 1463 4005 observantiam

200 4042 334 4153 igigsqrum
362 4043 556 4108 restituere:
581 4043 684 4123 quod¹
698 4053 769 4105 ute
791 4046 957 4106 sententia
982 4045 1116 4108 cederet
1144 4043 1272 4121 melius,
1289 4058 1332 4108 111
1360 4062 1465 4107 nonas

182 4121 335 4221 niam}
362 4144 571 4228 Septembris
587 4159 868 4217 annosfflcccxc
886 4147 1134 4231 Religiosorum
1151 4148 1387 4230 indigenorum
1404 4146 1461 4209 do·

188 4238 336 4351 amm}
361 4270 436 4314 mus
453 4259 490 4312 ut
507 4248 754 4331 Episcoporum
771 4251 963 4315 auctoritati
989 4251 1167 4316 subessent
1191 4251 1408 4315 decrevimus.
1423 4284 1464 4295 -

204 4367 333 4432 Episcopo·
364 4355 402 4417 ln
420 4374 454 4415 re
470 4353 572 4434 igitur
587 4361 656 4415 tam
675 4352 747 4414 utili
764 4371 802 4414 ac
819 4356 1003 4433 praestanti
1029 4366 1142 4438 partes
1171 4363 1299 4419 vestras
1328 4352 1463 4444 minime
