3117 4859
375 324 444 394 168
473 346 590 397 srrsr.
611 348 770 398 encres.
794 336 813 364 ‘¹
829 350 879 399 AD
901 352 1105 401 exinanias
1120 351 1302 403 onrsnrrs
1322 354 1427 406 onas.
1441 334 1459 360 ’⁹

370 496 403 559 in
421 498 615 581 Aethiopia,
631 500 688 563 ubi
705 503 771 565 iam
786 502 958 565 christiani
975 504 1017 567 ad
1035 502 1222 568 biscentum
1242 504 1346 569 millia
1366 525 1475 569 nume·

370 598 538 677 rabantur,
553 619 629 663 cum
644 599 761 665 Clerus
777 602 938 683 indigena
954 604 1065 666 nullus
1078 614 1180 684 esset,
1191 606 1298 669 caesis
1313 606 1365 669 vel
1378 607 1476 689 pulsis

371 695 592 763 Missionariis
616 702 802 783 europaeis,
829 704 976 767 diuturni
1004 703 1128 769 laboris
1156 705 1302 769 fructum
1321 705 1477 770 subitaria

370 797 602 863 insectationis
618 801 766 882 procella
783 799 934 866 funditus
950 804 1095 868 sustulit.

267 921 343 969 Anti·
413 901 569 985 Denique
585 906 795 986 respicienda
820 907 1004 989 antiquitas
1032 916 1092 981 est,
1118 906 1278 987 quodque
1294 906 1377 969 olim
1395 907 1476 971 salu·

194 992 342 1114 Ψέῥζέβέζ
369 999 471 1063 briter
486 1001 677 1067 institutum
694 1005 857 1082 videmus,
873 1006 906 1069 id
925 1006 1078 1088 religiose
1094 1005 1307 1068 servandum.
1327 1002 1476 1067 lamvero

258 1116 343 1164 clasiae
369 1100 402 1161 in
419 1102 593 1179 apostolici
607 1101 841 1183 perfunctione
853 1105 1007 1181 muneris,
1019 1106 1164 1187 primum
1181 1105 1319 1186 quidem
1330 1104 1476 1169 imbuere

193 1196 271 1294 '‘22'ss
282 1181 342 1295 dccl}
369 1201 557 1266 christianis
574 1193 868 1289 praeceptionibus
893 1204 1165 1281 multitudinem;
1195 1222 1278 1267 mox
1307 1203 1414 1268 lectos
1436 1224 1476 1267 ex

201 1312 342 1387 ¹rrndicr
369 1306 587 1387 popularibus
602 1308 783 1372 nonnullos
811 1308 942 1372 initiare
967 1309 1077 1385 sacris,
1106 1318 1139 1371 et
1162 1307 1205 1371 ad
1223 1309 1335 1389 ipsum
1354 1308 1475 1391 episco

193 1377 328 1441 margero.
369 1416 485 1487 patum
502 1408 651 1486 evehere,
668 1410 730 1473 fuit
747 1410 779 1473 in
799 1428 891 1472 more
919 1410 1066 1489 positum
1084 1408 1307 1491 institutoque
1332 1408 1475 1491 Aposto-

368 1514 485 1579 lorum.
502 1515 655 1598 Quorum
672 1528 791 1600 postea
808 1517 912 1579 secuti
929 1516 1127 1597 exemplum
1145 1516 1274 1579 romani
1290 1512 1477 1587 Pontifices,

368 1615 401 1678 in
421 1616 589 1679 mandatis
605 1617 686 1680 dare
710 1618 905 1699 apostolicis
929 1617 1007 1679 viris
1032 1628 1195 1699 perpetuo
1222 1602 1477 1691 consueverunt,

369 1726 405 1777 ut
430 1717 486 1778 ubi
514 1716 770 1780 christianorum
799 1718 1025 1781 communitas
1054 1718 1136 1779 satis
1160 1716 1274 1798 ampla
1290 1715 1476 1788 coaluisset,

369 1814 414 1878 ibi
431 1814 566 1879 Clerum
583 1838 627 1879 ex
641 1818 808 1899 indigenis
821 1816 967 1898 deligere
979 1816 1071 1881 omni
1084 1835 1149 1896 ope
1163 1816 1419 1878 contenderent.
1432 1812 1476 1877 Ut

368 1914 470 1996 igitur
485 1916 708 1981 incolumitati
725 1927 760 1981 et
775 1916 1012 1998 propagationi
1040 1914 1195 1979 catholici
1224 1915 1371 1977 nominis
1391 1914 1475 1995 apud

370 2013 476 2079 Indos
506 2017 697 2079 consultum
736 2017 789 2093 sit,
829 2016 933 2079 Indos
972 2016 1146 2079 instituere
1176 2017 1218 2078 ad
1251 2016 1474 2079 sacerdotium

368 2125 510 2197 oportet,
526 2116 583 2198 qui
602 2116 757 2179 videlicet
783 2136 960 2199 procurare
984 2136 1078 2179 sacra
1106 2126 1139 2179 et
1167 2115 1388 2197 popularibus
1412 2116 1475 2177 suis

369 2214 558 2278 christianis
586 2236 748 2297 praeesse,
783 2215 1040 2299 qualiacumque
1071 2227 1224 2299 tempora
1256 2217 1475 2289 incubuerint,

370 2316 548 2376 commode
565 2314 703 2395 possint.

199 2481 200 2485 ,
273 2452 343 2501 Non·
415 2422 491 2485 Hac
507 2424 642 2504 quidem
660 2424 703 2485 de
720 2442 847 2497 caussa,
872 2422 1035 2487 Praefecti
1054 2422 1255 2487 Missionum
1274 2422 1475 2497 Indicarum,

193 2518 342 2593 nullm&
369 2521 510 2585 consilio
525 2522 730 2605 hortatuque
747 2522 845 2587 Sedis
863 2522 1091 2605 Apostolicae,
1102 2522 1244 2607 collegia
1262 2522 1475 2595 Clericorum,

222 2598 343 2696 rm
369 2622 571 2704 ubicumque
587 2622 729 2687 facultas
745 2623 816 2705 fuit,
833 2625 1022 2689 condidere.
1051 2623 1162 2686 Immo
1183 2628 1262 2686 'vero
1278 2624 1311 2686 in
1329 2622 1474 2705 Synodis

189 2712 342 2838 ρζζᾟζίζζ
370 2721 597 2799 Columbensi,
628 2722 879 2805 Bangalorensi,
910 2723 1187 2799 Allahabadensi,
1218 2724 1355 2787 ineunte
1391 2742 1475 2786 anno

192 2815 293 2907 rum’qus
308 2807 342 2890 es]
370 2832 652 2885 MDcchxxxvn
669 2822 801 2901 habitis,
813 2826 984 2889 decretum
1002 2834 1061 2902 est,
1072 2834 1108 2887 ut
1126 2824 1307 2887 Dioeceses
1325 2823 1474 2905 singulae

191 2924 344 3023 f'fodvffi
370 2939 466 2982 suum
487 2920 633 2984 habeant
651 2921 789 2986 Clericis
805 2924 974 3006 indigenis
998 2925 1213 2988 instituendis
1231 2924 1471 2989 Seminarium:

198 2992 344 3103 ysrngurae
369 3019 397 3082 si
413 3021 471 3102 qui
487 3040 532 3082 ex
550 3020 729 3104 Episcopis
745 3022 965 3105 suffraganeis
981 3042 1078 3087 suum
1095 3024 1219 3087 habere
1236 3025 1350 3105 inopia
1367 3021 1473 3108 prohi-

220 3104 344 3219 effi?
369 3121 497 3199 beatur,
524 3123 556 3185 in
583 3123 846 3204 metropolitano
881 3124 1027 3189 Clericos
1060 3126 1278 3189 dioecesanos
1310 3126 1379 3189 alat
1412 3124 1474 3186 suis

217 3236 288 3283 ‚sum
299 3236 342 3285 aa·
370 3224 569 3303 sumptibus.
587 3222 657 3285 lsta
673 3222 810 3304 quidem
828 3224 1005 3288 salubriter
1020 3226 1155 3288 decreta
1172 3224 1302 3288 efficere
1317 3221 1473 3306 Episcopi

192 3302 345 3415 nanim
370 3342 430 3403 pro
446 3322 570 3385 viribus
587 3325 762 3386 nituntur:
788 3323 846 3386 sed
875 3325 907 3387 in
936 3344 1050 3388 eorum
1080 3326 1249 3407 egregiam
1268 3324 1472 3389 voluntatem

213 3432 343 3495 verospr·
370 3436 559 3491 transversa
575 3428 714 3492 incurrit
729 3430 887 3509 angustia
905 3431 949 3493 rei
967 3430 1148 3506 familiaris,
1165 3441 1198 3494 et
1215 3432 1355 3513 penuria
1372 3449 1472 3494 sacer·

209 3504 344 3610 '“ffl‘o'j
370 3528 487 3589 dotum
506 3528 712 3608 idoneorum,
727 3530 785 3610 qui
803 3530 921 3593 studiis
938 3530 1086 3611 praesint
1109 3530 1343 3613 sapienterque
1361 3536 1472 3611 regant

192 3627 345 3739 :jammam
369 3627 591 3709 disciplinam.
609 3626 722 3710 Quare
738 3629 797 3691 vix
814 3635 872 3691 aut
889 3647 931 3689 ne
945 3629 1005 3691 vix
1021 3628 1156 3711 quidem
1184 3627 1409 3693 Seminarium
1426 3634 1472 3689 est

207 3697 343 3819 ‘2725ssss
370 3730 485 3805 ullum,
511 3731 543 3793 in
561 3752 630 3814 quo
646 3733 813 3797 institutio
838 3732 1050 3797 alumnorum
1080 3730 1218 3813 expleta
1241 3732 1471 3812 cumulataque

192 3822 292 3936 ‘aggf'
302 3830 341 3884 W·
370 3835 553 3900 habeatur:
569 3836 671 3917 idque
686 3836 750 3900 hoc
766 3847 929 3919 tempore,
953 3856 1028 3899 cum
1058 3856 1168 3899 rerum
1186 3836 1332 3900 civilium
1350 3835 1470 3899 Guber-

371 3945 504 3999 natores
521 3946 555 3998 et
572 3936 802 4000 Protestantes
828 3956 894 3999 non
922 3939 1048 4018 exiguo
1065 3955 1205 4011 numero
1220 3936 1320 3999 nullis
1337 3940 1471 4017 parcunt

370 4057 432 4100 nec
449 4038 627 4118 impendiis
643 4056 705 4101 nec
722 4037 902 4116 laboribus
930 4048 965 4101 ut
991 4040 1100 4102 omnis
1128 4040 1299 4103 erudiatur
1313 4037 1470 4102 subtiliter

369 4160 408 4203 ac
426 4139 530 4222 polite
546 4141 711 4205 iuventus.

220 4254 341 4331 rraeccol-
414 4242 502 4306 Illud
531 4245 633 4326 igitur
657 4244 866 4326 perspicitur,
892 4264 994 4327 quam
1031 4246 1073 4307 sit
1107 4257 1344 4330 opportunum,
1373 4260 1468 4327 quam

190 4320 256 4383 ΙΨ
276 4323 341 4369 ''m‘'
368 4349 468 4415 saluti
484 4347 639 4431 publicae
655 4359 929 4425 consentaneum,
956 4348 1159 4414 constituere
1183 4352 1214 4413 in
1235 4350 1340 4414 lndiis
1357 4348 1467 4415 Orien-
