<?xml version="1.0" encoding="UTF-8"?>
<!DOCTYPE html PUBLIC "-//W3C//DTD XHTML 1.0 Transitional//EN"
    "http://www.w3.org/TR/xhtml1/DTD/xhtml1-transitional.dtd">
<html xmlns="http://www.w3.org/1999/xhtml" xml:lang="en" lang="en">
 <head>
  <title>
</title>
<meta http-equiv="Content-Type" content="text/html;charset=utf-8" />
  <meta name='ocr-system' content='tesseract 3.04.00' />
  <meta name='ocr-capabilities' content='ocr_page ocr_carea ocr_par ocr_line ocrx_word'/>
</head>
<body>
  <div class='ocr_page' id='page_1' title='image "./sanctissimidomi04xiiigoog_0525.png"; bbox 0 0 3117 4859; ppageno 0'>
   <div class='ocr_carea' id='block_1_1' title="bbox 401 383 1204 458">
    <p class='ocr_par' dir='ltr' id='par_1_1' title="bbox 401 383 1204 458">
     <span class='ocr_line' id='line_1_1' title="bbox 401 383 1204 458; baseline 0.002 -22"><span class='ocrx_word' id='word_1_1' title='bbox 401 387 452 436; x_wconf 87' lang='lat' dir='ltr'>DE</span> <span class='ocrx_word' id='word_1_2' title='bbox 480 386 653 436; x_wconf 83' lang='lat' dir='ltr'><strong>UNITATE</strong></span> <span class='ocrx_word' id='word_1_3' title='bbox 681 384 898 436; x_wconf 77' lang='lat' dir='ltr'><strong>ECCLESIAE.</strong></span> <span class='ocrx_word' id='word_1_4' title='bbox 1137 383 1204 458; x_wconf 82' lang='grc'>157</span> 
     </span>
    </p>
   </div>
   <div class='ocr_carea' id='block_1_2' title="bbox 138 527 1387 612">
    <p class='ocr_par' dir='ltr' id='par_1_2' title="bbox 138 527 1387 612">
     <span class='ocr_line' id='line_1_2' title="bbox 138 527 1387 612; baseline -0.001 -18"><span class='ocrx_word' id='word_1_5' title='bbox 138 530 214 595; x_wconf 91' lang='lat' dir='ltr'>Etsi</span> <span class='ocrx_word' id='word_1_6' title='bbox 231 529 334 606; x_wconf 90' lang='lat' dir='ltr'>Deus,</span> <span class='ocrx_word' id='word_1_7' title='bbox 350 548 583 612; x_wconf 91' lang='lat' dir='ltr'>quaecumque</span> <span class='ocrx_word' id='word_1_8' title='bbox 599 549 619 591; x_wconf 86' lang='lat' dir='ltr'>a</span> <span class='ocrx_word' id='word_1_9' title='bbox 637 529 765 592; x_wconf 92' lang='lat' dir='ltr'>naturis</span> <span class='ocrx_word' id='word_1_10' title='bbox 781 529 901 592; x_wconf 92' lang='lat' dir='ltr'>creatis</span> <span class='ocrx_word' id='word_1_11' title='bbox 917 527 1117 606; x_wconf 84' lang='lat' dir='ltr'>efficiuntur,</span> <span class='ocrx_word' id='word_1_12' title='bbox 1131 547 1205 593; x_wconf 93' lang='lat' dir='ltr'>om·</span> <span class='ocrx_word' id='word_1_13' title='bbox 1290 549 1387 596; x_wconf 78' lang='lat' dir='ltr'><em>Auctor</em></span> 
     </span>
    </p>
   </div>
   <div class='ocr_carea' id='block_1_3' title="bbox 96 613 1377 728">
    <p class='ocr_par' dir='ltr' id='par_1_3' title="bbox 96 613 1377 728">
     <span class='ocr_line' id='line_1_3' title="bbox 96 613 1377 728; baseline -0.007 -27"><span class='ocrx_word' id='word_1_14' title='bbox 96 638 151 702; x_wconf 89' lang='lat' dir='ltr'>nia</span> <span class='ocrx_word' id='word_1_15' title='bbox 166 637 239 719; x_wconf 86' lang='lat' dir='ltr'>ipse</span> <span class='ocrx_word' id='word_1_16' title='bbox 255 635 385 700; x_wconf 88' lang='lat' dir='ltr'>efficere</span> <span class='ocrx_word' id='word_1_17' title='bbox 402 655 463 698; x_wconf 89' lang='lat' dir='ltr'>sua</span> <span class='ocrx_word' id='word_1_18' title='bbox 477 635 580 699; x_wconf 91' lang='lat' dir='ltr'>solius</span> <span class='ocrx_word' id='word_1_19' title='bbox 590 635 712 698; x_wconf 90' lang='lat' dir='ltr'>virtute</span> <span class='ocrx_word' id='word_1_20' title='bbox 722 644 847 716; x_wconf 90' lang='lat' dir='ltr'>potest,</span> <span class='ocrx_word' id='word_1_21' title='bbox 859 634 1077 699; x_wconf 88' lang='lat' dir='ltr'>nihilominus</span> <span class='ocrx_word' id='word_1_22' title='bbox 1089 643 1207 698; x_wconf 88' lang='lat' dir='ltr'>tamen</span> <span class='ocrx_word' id='word_1_23' title='bbox 1231 613 1377 728; x_wconf 48' lang='lat' dir='ltr'>ww</span> 
     </span>
    </p>
   </div>
   <div class='ocr_carea' id='block_1_4' title="bbox 96 727 1389 834">
    <p class='ocr_par' dir='ltr' id='par_1_4' title="bbox 96 727 1389 834">
     <span class='ocr_line' id='line_1_4' title="bbox 96 727 1389 834; baseline 0.002 -26"><span class='ocrx_word' id='word_1_24' title='bbox 96 746 139 809; x_wconf 93' lang='lat' dir='ltr'>ad</span> <span class='ocrx_word' id='word_1_25' title='bbox 154 746 319 810; x_wconf 90' lang='lat' dir='ltr'>iuvandos</span> <span class='ocrx_word' id='word_1_26' title='bbox 335 745 490 810; x_wconf 89' lang='lat' dir='ltr'>homines</span> <span class='ocrx_word' id='word_1_27' title='bbox 507 744 588 827; x_wconf 87' lang='lat' dir='ltr'>ipsis</span> <span class='ocrx_word' id='word_1_28' title='bbox 605 745 653 808; x_wconf 92' lang='lat' dir='ltr'>uti</span> <span class='ocrx_word' id='word_1_29' title='bbox 678 743 881 820; x_wconf 90' lang='lat' dir='ltr'>hominibus,</span> <span class='ocrx_word' id='word_1_30' title='bbox 897 764 942 808; x_wconf 84' lang='lat' dir='ltr'>ex</span> <span class='ocrx_word' id='word_1_31' title='bbox 967 743 1115 827; x_wconf 83' lang='lat' dir='ltr'>benigno</span> <span class='ocrx_word' id='word_1_32' title='bbox 1131 763 1208 828; x_wconf 88' lang='lat' dir='ltr'>pro·</span> <span class='ocrx_word' id='word_1_33' title='bbox 1235 727 1389 834; x_wconf 55' lang='lat' dir='ltr'>ffiffflj</span> 
     </span>
    </p>
   </div>
   <div class='ocr_carea' id='block_1_5' title="bbox 97 846 1381 952">
    <p class='ocr_par' dir='ltr' id='par_1_5' title="bbox 97 846 1381 952">
     <span class='ocr_line' id='line_1_5' title="bbox 97 846 1381 952; baseline 0.002 -39"><span class='ocrx_word' id='word_1_34' title='bbox 97 851 267 914; x_wconf 89' lang='lat' dir='ltr'>videntiae</span> <span class='ocrx_word' id='word_1_35' title='bbox 278 848 610 927; x_wconf 86' lang='lat' dir='ltr'>consilio,maluit:et</span> <span class='ocrx_word' id='word_1_36' title='bbox 621 847 909 930; x_wconf 88' lang='lat' dir='ltr'>quemadmodum</span> <span class='ocrx_word' id='word_1_37' title='bbox 920 849 954 912; x_wconf 91' lang='lat' dir='ltr'>in</span> <span class='ocrx_word' id='word_1_38' title='bbox 965 867 1073 914; x_wconf 89' lang='lat' dir='ltr'>rerum</span> <span class='ocrx_word' id='word_1_39' title='bbox 1086 866 1209 933; x_wconf 81' lang='lat' dir='ltr'>genere</span> <span class='ocrx_word' id='word_1_40' title='bbox 1236 846 1381 952; x_wconf 51' lang='lat' dir='ltr'>mm}</span> 
     </span>
    </p>
   </div>
   <div class='ocr_carea' id='block_1_6' title="bbox 97 951 1389 1551">
    <p class='ocr_par' dir='ltr' id='par_1_6' title="bbox 97 951 1208 1034">
     <span class='ocr_line' id='line_1_6' title="bbox 97 951 1208 1034; baseline -0.002 -17"><span class='ocrx_word' id='word_1_41' title='bbox 97 952 301 1017; x_wconf 84' lang='lat' dir='ltr'>naturalium</span> <span class='ocrx_word' id='word_1_42' title='bbox 328 951 569 1034; x_wconf 79' lang='lat' dir='ltr'>perfectionem</span> <span class='ocrx_word' id='word_1_43' title='bbox 590 951 752 1028; x_wconf 82' lang='lat' dir='ltr'>debitam,</span> <span class='ocrx_word' id='word_1_44' title='bbox 768 953 816 1014; x_wconf 88' lang='lat' dir='ltr'>ita</span> <span class='ocrx_word' id='word_1_45' title='bbox 832 952 865 1014; x_wconf 93' lang='lat' dir='ltr'>in</span> <span class='ocrx_word' id='word_1_46' title='bbox 882 952 932 1028; x_wconf 90' lang='lat' dir='ltr'>iis,</span> <span class='ocrx_word' id='word_1_47' title='bbox 957 970 1044 1033; x_wconf 89' lang='lat' dir='ltr'>quae</span> <span class='ocrx_word' id='word_1_48' title='bbox 1068 953 1208 1017; x_wconf 88' lang='lat' dir='ltr'>modum</span> 
     </span>
    </p>

    <p class='ocr_par' dir='ltr' id='par_1_7' title="bbox 97 1053 1210 1244">
     <span class='ocr_line' id='line_1_7' title="bbox 97 1053 1210 1134; baseline -0.004 -12"><span class='ocrx_word' id='word_1_49' title='bbox 97 1066 238 1122; x_wconf 89' lang='lat' dir='ltr'>naturae</span> <span class='ocrx_word' id='word_1_50' title='bbox 253 1057 455 1134; x_wconf 89' lang='lat' dir='ltr'>transiliunt,</span> <span class='ocrx_word' id='word_1_51' title='bbox 471 1056 687 1120; x_wconf 84' lang='lat' dir='ltr'>sanctitatem</span> <span class='ocrx_word' id='word_1_52' title='bbox 703 1053 833 1119; x_wconf 89' lang='lat' dir='ltr'>homini</span> <span class='ocrx_word' id='word_1_53' title='bbox 849 1075 888 1118; x_wconf 91' lang='lat' dir='ltr'>ac</span> <span class='ocrx_word' id='word_1_54' title='bbox 904 1055 1048 1120; x_wconf 88' lang='lat' dir='ltr'>salutem</span> <span class='ocrx_word' id='word_1_55' title='bbox 1059 1076 1126 1121; x_wconf 91' lang='lat' dir='ltr'>non</span> <span class='ocrx_word' id='word_1_56' title='bbox 1145 1057 1210 1121; x_wconf 91' lang='lat' dir='ltr'>nisi</span> 
     </span>
     <span class='ocr_line' id='line_1_8' title="bbox 97 1159 1210 1244; baseline 0 -18"><span class='ocrx_word' id='word_1_57' title='bbox 97 1162 273 1226; x_wconf 88' lang='lat' dir='ltr'>hominum</span> <span class='ocrx_word' id='word_1_58' title='bbox 290 1159 394 1243; x_wconf 85' lang='lat' dir='ltr'>opera</span> <span class='ocrx_word' id='word_1_59' title='bbox 404 1161 658 1244; x_wconf 90' lang='lat' dir='ltr'>ministerioque</span> <span class='ocrx_word' id='word_1_60' title='bbox 673 1161 847 1242; x_wconf 89' lang='lat' dir='ltr'>impertire</span> <span class='ocrx_word' id='word_1_61' title='bbox 856 1160 1040 1226; x_wconf 88' lang='lat' dir='ltr'>consuevit.</span> <span class='ocrx_word' id='word_1_62' title='bbox 1057 1160 1125 1226; x_wconf 87' lang='lat' dir='ltr'>Sed</span> <span class='ocrx_word' id='word_1_63' title='bbox 1138 1182 1210 1244; x_wconf 89' lang='lat' dir='ltr'>per·</span> 
     </span>
    </p>

    <p class='ocr_par' dir='ltr' id='par_1_8' title="bbox 98 1260 1389 1551">
     <span class='ocr_line' id='line_1_9' title="bbox 98 1260 1210 1344; baseline 0 -18"><span class='ocrx_word' id='word_1_64' title='bbox 98 1261 251 1344; x_wconf 90' lang='lat' dir='ltr'>spicuum</span> <span class='ocrx_word' id='word_1_65' title='bbox 277 1272 337 1338; x_wconf 90' lang='lat' dir='ltr'>est,</span> <span class='ocrx_word' id='word_1_66' title='bbox 362 1260 445 1324; x_wconf 92' lang='lat' dir='ltr'>nihil</span> <span class='ocrx_word' id='word_1_67' title='bbox 474 1261 560 1325; x_wconf 86' lang='lat' dir='ltr'>inter</span> <span class='ocrx_word' id='word_1_68' title='bbox 584 1261 740 1325; x_wconf 88' lang='lat' dir='ltr'>homines</span> <span class='ocrx_word' id='word_1_69' title='bbox 772 1261 1024 1339; x_wconf 88' lang='lat' dir='ltr'>communicari,</span> <span class='ocrx_word' id='word_1_70' title='bbox 1054 1262 1119 1326; x_wconf 91' lang='lat' dir='ltr'>nisi</span> <span class='ocrx_word' id='word_1_71' title='bbox 1150 1282 1210 1344; x_wconf 89' lang='lat' dir='ltr'>per</span> 
     </span>
     <span class='ocr_line' id='line_1_10' title="bbox 101 1365 1351 1448; baseline 0.003 -20"><span class='ocrx_word' id='word_1_72' title='bbox 101 1377 259 1430; x_wconf 84' lang='lat' dir='ltr'>externas</span> <span class='ocrx_word' id='word_1_73' title='bbox 287 1387 338 1429; x_wconf 90' lang='lat' dir='ltr'>res</span> <span class='ocrx_word' id='word_1_74' title='bbox 365 1385 451 1448; x_wconf 86' lang='lat' dir='ltr'>quac</span> <span class='ocrx_word' id='word_1_75' title='bbox 476 1365 629 1430; x_wconf 83' lang='lat' dir='ltr'>sensibus</span> <span class='ocrx_word' id='word_1_76' title='bbox 656 1365 896 1447; x_wconf 84' lang='lat' dir='ltr'>percipiantur,</span> <span class='ocrx_word' id='word_1_77' title='bbox 923 1386 1031 1447; x_wconf 88' lang='lat' dir='ltr'>posse.</span> <span class='ocrx_word' id='word_1_78' title='bbox 1058 1366 1134 1430; x_wconf 91' lang='lat' dir='ltr'>Hac</span> <span class='ocrx_word' id='word_1_79' title='bbox 1164 1368 1210 1430; x_wconf 89' lang='lat' dir='ltr'>de</span> <span class='ocrx_word' id='word_1_80' title='bbox 1238 1389 1351 1448; x_wconf 60' lang='lat' dir='ltr'>acquam</span> 
     </span>
     <span class='ocr_line' id='line_1_11' title="bbox 101 1447 1389 1551; baseline 0.001 -18"><span class='ocrx_word' id='word_1_81' title='bbox 101 1488 218 1533; x_wconf 83' lang='lat' dir='ltr'>caussa</span> <span class='ocrx_word' id='word_1_82' title='bbox 233 1469 417 1534; x_wconf 88' lang='lat' dir='ltr'>humanam</span> <span class='ocrx_word' id='word_1_83' title='bbox 434 1478 589 1533; x_wconf 86' lang='lat' dir='ltr'>naturam</span> <span class='ocrx_word' id='word_1_84' title='bbox 607 1468 789 1549; x_wconf 87' lang='lat' dir='ltr'>assumpsit</span> <span class='ocrx_word' id='word_1_85' title='bbox 804 1467 868 1532; x_wconf 90' lang='lat' dir='ltr'>Dei</span> <span class='ocrx_word' id='word_1_86' title='bbox 886 1468 1001 1546; x_wconf 89' lang='lat' dir='ltr'>Filius,</span> <span class='ocrx_word' id='word_1_87' title='bbox 1015 1469 1162 1551; x_wconf 83' lang='lat' dir='ltr'>quicum</span> <span class='ocrx_word' id='word_1_88' title='bbox 1175 1470 1212 1534; x_wconf 82' lang='lat' dir='ltr'>in</span> <span class='ocrx_word' id='word_1_89' title='bbox 1238 1464 1254 1493; x_wconf 81' lang='lat'>‘²</span> <span class='ocrx_word' id='word_1_90' title='bbox 1269 1449 1320 1493; x_wconf 53' lang='grc' dir='ltr'>Μ’</span> <span class='ocrx_word' id='word_1_91' title='bbox 1333 1447 1389 1504; x_wconf 54' lang='lat'>“⁰“</span> 
     </span>
    </p>
   </div>
   <div class='ocr_carea' id='block_1_7' title="bbox 1239 1507 1367 1553">
    <p class='ocr_par' dir='ltr' id='par_1_9' title="bbox 1239 1507 1367 1553">
     <span class='ocr_line' id='line_1_12' title="bbox 1239 1507 1367 1553; baseline -0.008 0"><span class='ocrx_word' id='word_1_92' title='bbox 1239 1507 1320 1553; x_wconf 72' lang='lat' dir='ltr'>nitunt</span> <span class='ocrx_word' id='word_1_93' title='bbox 1331 1521 1367 1552; x_wconf 81' lang='lat' dir='ltr'>re-</span> 
     </span>
    </p>
   </div>
   <div class='ocr_carea' id='block_1_8' title="bbox 95 1567 1390 1684">
    <p class='ocr_par' dir='ltr' id='par_1_10' title="bbox 95 1567 1390 1684">
     <span class='ocr_line' id='line_1_13' title="bbox 95 1567 1390 1684; baseline 0.006 -47"><span class='ocrx_word' id='word_1_94' title='bbox 95 1575 210 1651; x_wconf 84' lang='lat' dir='ltr'>forma</span> <span class='ocrx_word' id='word_1_95' title='bbox 225 1575 293 1638; x_wconf 81' lang='lat' dir='ltr'>Dei</span> <span class='ocrx_word' id='word_1_96' title='bbox 301 1583 393 1637; x_wconf 81' lang='lat' dir='ltr'>esset.</span> <span class='ocrx_word' id='word_1_97' title='bbox 403 1623 423 1636; x_wconf 94' lang='lat'>..</span> <span class='ocrx_word' id='word_1_98' title='bbox 441 1573 647 1656; x_wconf 81' lang='lat' dir='ltr'>semetipsum</span> <span class='ocrx_word' id='word_1_99' title='bbox 656 1571 852 1649; x_wconf 78' lang='lat' dir='ltr'>exinanivit,</span> <span class='ocrx_word' id='word_1_100' title='bbox 859 1572 1011 1652; x_wconf 78' lang='lat' dir='ltr'>formam</span> <span class='ocrx_word' id='word_1_101' title='bbox 1025 1573 1117 1637; x_wconf 80' lang='lat' dir='ltr'>servi</span> <span class='ocrx_word' id='word_1_102' title='bbox 1128 1576 1211 1639; x_wconf 81' lang='lat' dir='ltr'>acci·</span> <span class='ocrx_word' id='word_1_103' title='bbox 1238 1582 1296 1673; x_wconf 56' lang='lat'>22⁸</span> <span class='ocrx_word' id='word_1_104' title='bbox 1307 1567 1390 1684; x_wconf 44' lang='lat'>⁰552,</span> 
     </span>
    </p>
   </div>
   <div class='ocr_carea' id='block_1_9' title="bbox 89 1679 1391 2078">
    <p class='ocr_par' dir='ltr' id='par_1_11' title="bbox 89 1679 1387 1973">
     <span class='ocr_line' id='line_1_14' title="bbox 89 1679 1374 1764; baseline 0 -21"><span class='ocrx_word' id='word_1_105' title='bbox 89 1681 197 1762; x_wconf 76' lang='lat' dir='ltr'>piem,</span> <span class='ocrx_word' id='word_1_106' title='bbox 214 1681 248 1744; x_wconf 83' lang='lat' dir='ltr'>in</span> <span class='ocrx_word' id='word_1_107' title='bbox 275 1680 529 1744; x_wconf 82' lang='lat' dir='ltr'>similitudinem</span> <span class='ocrx_word' id='word_1_108' title='bbox 555 1679 727 1743; x_wconf 79' lang='lat' dir='ltr'>hominum</span> <span class='ocrx_word' id='word_1_109' title='bbox 744 1680 862 1760; x_wconf 85' lang='lat' dir='ltr'>factus</span> <span class='ocrx_word' id='word_1_110' title='bbox 876 1680 942 1762; x_wconf 86' lang='lat'>(¹):</span> <span class='ocrx_word' id='word_1_111' title='bbox 966 1688 1069 1764; x_wconf 90' lang='lat' dir='ltr'>atque</span> <span class='ocrx_word' id='word_1_112' title='bbox 1095 1682 1152 1759; x_wconf 85' lang='lat' dir='ltr'>fta,</span> <span class='ocrx_word' id='word_1_113' title='bbox 1176 1682 1209 1745; x_wconf 90' lang='lat' dir='ltr'>in</span> <span class='ocrx_word' id='word_1_114' title='bbox 1238 1690 1283 1756; x_wconf 66' lang='lat' dir='ltr'>{ur</span> <span class='ocrx_word' id='word_1_115' title='bbox 1303 1685 1374 1755; x_wconf 66' lang='lat' dir='ltr'>Veri?</span> 
     </span>
     <span class='ocr_line' id='line_1_15' title="bbox 98 1750 1387 1869; baseline -0.001 -20"><span class='ocrx_word' id='word_1_116' title='bbox 98 1785 195 1860; x_wconf 89' lang='lat' dir='ltr'>terris</span> <span class='ocrx_word' id='word_1_117' title='bbox 211 1804 324 1869; x_wconf 83' lang='lat' dir='ltr'>agens,</span> <span class='ocrx_word' id='word_1_118' title='bbox 341 1785 529 1848; x_wconf 87' lang='lat' dir='ltr'>doctrinam</span> <span class='ocrx_word' id='word_1_119' title='bbox 545 1805 641 1848; x_wconf 90' lang='lat' dir='ltr'>suam</span> <span class='ocrx_word' id='word_1_120' title='bbox 668 1803 873 1867; x_wconf 89' lang='lat' dir='ltr'>suarumque</span> <span class='ocrx_word' id='word_1_121' title='bbox 897 1796 1080 1866; x_wconf 90' lang='lat' dir='ltr'>praecepta</span> <span class='ocrx_word' id='word_1_122' title='bbox 1095 1784 1210 1869; x_wconf 84' lang='lat' dir='ltr'>legum</span> <span class='ocrx_word' id='word_1_123' title='bbox 1238 1750 1387 1792; x_wconf 60' lang='lat' dir='ltr'><em>&#39;mam‘</em></span> 
     </span>
     <span class='ocr_line' id='line_1_16' title="bbox 101 1888 718 1973; baseline 0.003 -21"><span class='ocrx_word' id='word_1_124' title='bbox 101 1889 305 1967; x_wconf 89' lang='lat' dir='ltr'>hominibus,</span> <span class='ocrx_word' id='word_1_125' title='bbox 316 1888 552 1973; x_wconf 90' lang='lat' dir='ltr'>colloquendo,</span> <span class='ocrx_word' id='word_1_126' title='bbox 568 1888 718 1954; x_wconf 89' lang='lat' dir='ltr'>tradidit.</span> 
     </span>
    </p>

    <p class='ocr_par' dir='ltr' id='par_1_12' title="bbox 146 1992 1391 2078">
     <span class='ocr_line' id='line_1_17' title="bbox 146 1992 1391 2078; baseline 0.003 -20"><span class='ocrx_word' id='word_1_127' title='bbox 146 1992 234 2058; x_wconf 89' lang='lat' dir='ltr'>Cum</span> <span class='ocrx_word' id='word_1_128' title='bbox 249 1994 401 2058; x_wconf 91' lang='lat' dir='ltr'>divinum</span> <span class='ocrx_word' id='word_1_129' title='bbox 429 2013 552 2058; x_wconf 91' lang='lat' dir='ltr'>munus</span> <span class='ocrx_word' id='word_1_130' title='bbox 577 1993 648 2057; x_wconf 91' lang='lat' dir='ltr'>eius</span> <span class='ocrx_word' id='word_1_131' title='bbox 675 2012 824 2075; x_wconf 88' lang='lat' dir='ltr'>perenne</span> <span class='ocrx_word' id='word_1_132' title='bbox 848 2014 887 2057; x_wconf 92' lang='lat' dir='ltr'>ac</span> <span class='ocrx_word' id='word_1_133' title='bbox 912 2001 1112 2078; x_wconf 88' lang='lat' dir='ltr'>perpetuum</span> <span class='ocrx_word' id='word_1_134' title='bbox 1139 2015 1213 2061; x_wconf 84' lang='lat' dir='ltr'>esse</span> <span class='ocrx_word' id='word_1_135' title='bbox 1311 2018 1391 2064; x_wconf 72' lang='lat' dir='ltr'>snum</span> 
     </span>
    </p>
   </div>
   <div class='ocr_carea' id='block_1_10' title="bbox 102 2076 1391 2183">
    <p class='ocr_par' dir='ltr' id='par_1_13' title="bbox 102 2076 1391 2183">
     <span class='ocr_line' id='line_1_18' title="bbox 102 2076 1391 2183; baseline 0.003 -23"><span class='ocrx_word' id='word_1_136' title='bbox 102 2104 283 2180; x_wconf 88' lang='lat' dir='ltr'>oporteret,</span> <span class='ocrx_word' id='word_1_137' title='bbox 298 2096 423 2160; x_wconf 92' lang='lat' dir='ltr'>idcirco</span> <span class='ocrx_word' id='word_1_138' title='bbox 439 2096 620 2160; x_wconf 92' lang='lat' dir='ltr'>nonnullos</span> <span class='ocrx_word' id='word_1_139' title='bbox 637 2095 693 2159; x_wconf 90' lang='lat' dir='ltr'>ille</span> <span class='ocrx_word' id='word_1_140' title='bbox 710 2095 773 2159; x_wconf 92' lang='lat' dir='ltr'>sibi</span> <span class='ocrx_word' id='word_1_141' title='bbox 790 2096 948 2160; x_wconf 89' lang='lat' dir='ltr'>adiunxit</span> <span class='ocrx_word' id='word_1_142' title='bbox 964 2097 1120 2162; x_wconf 88' lang='lat' dir='ltr'>alumnos</span> <span class='ocrx_word' id='word_1_143' title='bbox 1147 2099 1214 2161; x_wconf 93' lang='lat' dir='ltr'>dis·</span> <span class='ocrx_word' id='word_1_144' title='bbox 1240 2076 1391 2183; x_wconf 48' lang='lat' dir='ltr'>fflssssss</span> 
     </span>
    </p>
   </div>
   <div class='ocr_carea' id='block_1_11' title="bbox 100 2197 1392 2302">
    <p class='ocr_par' dir='ltr' id='par_1_14' title="bbox 100 2197 1392 2302">
     <span class='ocr_line' id='line_1_19' title="bbox 100 2197 1392 2302; baseline 0.001 -38"><span class='ocrx_word' id='word_1_145' title='bbox 100 2201 247 2282; x_wconf 89' lang='lat' dir='ltr'>ciplinae</span> <span class='ocrx_word' id='word_1_146' title='bbox 263 2219 353 2278; x_wconf 89' lang='lat' dir='ltr'>suae,</span> <span class='ocrx_word' id='word_1_147' title='bbox 369 2198 514 2282; x_wconf 87' lang='lat' dir='ltr'>fecitque</span> <span class='ocrx_word' id='word_1_148' title='bbox 539 2201 719 2284; x_wconf 88' lang='lat' dir='ltr'>potestatis</span> <span class='ocrx_word' id='word_1_149' title='bbox 748 2220 829 2264; x_wconf 90' lang='lat' dir='ltr'>suae</span> <span class='ocrx_word' id='word_1_150' title='bbox 844 2201 1046 2284; x_wconf 90' lang='lat' dir='ltr'>participes:</span> <span class='ocrx_word' id='word_1_151' title='bbox 1068 2222 1214 2285; x_wconf 91' lang='lat' dir='ltr'>cumque</span> <span class='ocrx_word' id='word_1_152' title='bbox 1241 2197 1392 2302; x_wconf 54' lang='lat' dir='ltr'>mm</span> 
     </span>
    </p>
   </div>
   <div class='ocr_carea' id='block_1_12' title="bbox 103 2303 1370 2390">
    <p class='ocr_par' dir='ltr' id='par_1_15' title="bbox 103 2303 1370 2390">
     <span class='ocr_line' id='line_1_20' title="bbox 103 2303 1370 2390; baseline -0.004 -22"><span class='ocrx_word' id='word_1_153' title='bbox 103 2303 270 2388; x_wconf 83' lang='lat' dir='ltr'>Spiritum</span> <span class='ocrx_word' id='word_1_154' title='bbox 287 2304 438 2368; x_wconf 80' lang='lat' dir='ltr'>veritatis</span> <span class='ocrx_word' id='word_1_155' title='bbox 454 2305 487 2368; x_wconf 94' lang='lat' dir='ltr'>in</span> <span class='ocrx_word' id='word_1_156' title='bbox 505 2325 563 2369; x_wconf 89' lang='lat' dir='ltr'>eos</span> <span class='ocrx_word' id='word_1_157' title='bbox 579 2306 777 2369; x_wconf 88' lang='lat' dir='ltr'>devocasset</span> <span class='ocrx_word' id='word_1_158' title='bbox 789 2325 808 2368; x_wconf 91' lang='lat' dir='ltr'>e</span> <span class='ocrx_word' id='word_1_159' title='bbox 820 2304 924 2382; x_wconf 90' lang='lat' dir='ltr'>caelo,</span> <span class='ocrx_word' id='word_1_160' title='bbox 936 2307 1214 2390; x_wconf 71' lang='lat' dir='ltr'>praecepitpera·</span> <span class='ocrx_word' id='word_1_161' title='bbox 1241 2316 1370 2376; x_wconf 70' lang='lat' dir='ltr'>Apostolus.</span> 
     </span>
    </p>
   </div>
   <div class='ocr_carea' id='block_1_13' title="bbox 98 2408 1398 3015">
    <p class='ocr_par' dir='ltr' id='par_1_16' title="bbox 98 2408 1398 3015">
     <span class='ocr_line' id='line_1_21' title="bbox 98 2408 1215 2494; baseline 0.004 -24"><span class='ocrx_word' id='word_1_162' title='bbox 98 2418 238 2491; x_wconf 84' lang='lat' dir='ltr'>grarent</span> <span class='ocrx_word' id='word_1_163' title='bbox 259 2408 376 2472; x_wconf 89' lang='lat' dir='ltr'>orbem</span> <span class='ocrx_word' id='word_1_164' title='bbox 401 2417 574 2485; x_wconf 89' lang='lat' dir='ltr'>terrarum,</span> <span class='ocrx_word' id='word_1_165' title='bbox 588 2410 749 2492; x_wconf 90' lang='lat' dir='ltr'>quodque</span> <span class='ocrx_word' id='word_1_166' title='bbox 766 2410 840 2492; x_wconf 90' lang='lat' dir='ltr'>ipse</span> <span class='ocrx_word' id='word_1_167' title='bbox 865 2409 1026 2474; x_wconf 92' lang='lat' dir='ltr'>docuerat</span> <span class='ocrx_word' id='word_1_168' title='bbox 1056 2412 1215 2494; x_wconf 90' lang='lat' dir='ltr'>quodque</span> 
     </span>
     <span class='ocr_line' id='line_1_22' title="bbox 102 2511 1215 2598; baseline 0.004 -22"><span class='ocrx_word' id='word_1_169' title='bbox 102 2514 253 2591; x_wconf 90' lang='lat' dir='ltr'>iusserat,</span> <span class='ocrx_word' id='word_1_170' title='bbox 269 2513 302 2577; x_wconf 93' lang='lat' dir='ltr'>id</span> <span class='ocrx_word' id='word_1_171' title='bbox 327 2532 428 2578; x_wconf 91' lang='lat' dir='ltr'>omne</span> <span class='ocrx_word' id='word_1_172' title='bbox 456 2511 598 2577; x_wconf 89' lang='lat' dir='ltr'>fideliter</span> <span class='ocrx_word' id='word_1_173' title='bbox 626 2512 835 2579; x_wconf 87' lang='lat' dir='ltr'>universitati</span> <span class='ocrx_word' id='word_1_174' title='bbox 861 2515 1012 2597; x_wconf 85' lang='lat' dir='ltr'>gentium</span> <span class='ocrx_word' id='word_1_175' title='bbox 1040 2515 1215 2598; x_wconf 87' lang='lat' dir='ltr'>praedica·</span> 
     </span>
     <span class='ocr_line' id='line_1_23' title="bbox 104 2617 1217 2701; baseline 0.004 -19"><span class='ocrx_word' id='word_1_176' title='bbox 104 2629 179 2682; x_wconf 90' lang='lat' dir='ltr'>rent</span> <span class='ocrx_word' id='word_1_177' title='bbox 195 2642 203 2682; x_wconf 90' lang='lat'><strong>:</strong></span> <span class='ocrx_word' id='word_1_178' title='bbox 217 2617 282 2682; x_wconf 92' lang='lat' dir='ltr'>hoc</span> <span class='ocrx_word' id='word_1_179' title='bbox 295 2617 432 2700; x_wconf 90' lang='lat' dir='ltr'>quidem</span> <span class='ocrx_word' id='word_1_180' title='bbox 443 2619 628 2701; x_wconf 92' lang='lat' dir='ltr'>proposito,</span> <span class='ocrx_word' id='word_1_181' title='bbox 641 2627 677 2682; x_wconf 92' lang='lat' dir='ltr'>ut</span> <span class='ocrx_word' id='word_1_182' title='bbox 689 2618 761 2681; x_wconf 92' lang='lat' dir='ltr'>eius</span> <span class='ocrx_word' id='word_1_183' title='bbox 773 2628 807 2683; x_wconf 92' lang='lat' dir='ltr'>et</span> <span class='ocrx_word' id='word_1_184' title='bbox 819 2618 1027 2701; x_wconf 82' lang='lat' dir='ltr'>professione</span> <span class='ocrx_word' id='word_1_185' title='bbox 1038 2618 1217 2686; x_wconf 89' lang='lat' dir='ltr'>doctrinae</span> 
     </span>
     <span class='ocr_line' id='line_1_24' title="bbox 104 2719 1217 2805; baseline 0.004 -21"><span class='ocrx_word' id='word_1_186' title='bbox 104 2729 139 2784; x_wconf 87' lang='lat' dir='ltr'>et</span> <span class='ocrx_word' id='word_1_187' title='bbox 155 2719 446 2803; x_wconf 87' lang='lat' dir='ltr'>obtemperatione</span> <span class='ocrx_word' id='word_1_188' title='bbox 468 2720 599 2804; x_wconf 87' lang='lat' dir='ltr'>legibus</span> <span class='ocrx_word' id='word_1_189' title='bbox 626 2732 741 2804; x_wconf 87' lang='lat' dir='ltr'>posset</span> <span class='ocrx_word' id='word_1_190' title='bbox 766 2722 943 2787; x_wconf 92' lang='lat' dir='ltr'>hominurn</span> <span class='ocrx_word' id='word_1_191' title='bbox 970 2743 1077 2805; x_wconf 84' lang='lat' dir='ltr'>genus</span> <span class='ocrx_word' id='word_1_192' title='bbox 1093 2727 1217 2790; x_wconf 91' lang='lat' dir='ltr'>sancti·</span> 
     </span>
     <span class='ocr_line' id='line_1_25' title="bbox 104 2824 1218 2910; baseline 0.004 -22"><span class='ocrx_word' id='word_1_193' title='bbox 104 2832 210 2890; x_wconf 90' lang='lat' dir='ltr'>tatem</span> <span class='ocrx_word' id='word_1_194' title='bbox 227 2825 261 2888; x_wconf 95' lang='lat' dir='ltr'>in</span> <span class='ocrx_word' id='word_1_195' title='bbox 278 2825 383 2903; x_wconf 91' lang='lat' dir='ltr'>terris,</span> <span class='ocrx_word' id='word_1_196' title='bbox 398 2824 592 2890; x_wconf 84' lang='lat' dir='ltr'>felicitatem</span> <span class='ocrx_word' id='word_1_197' title='bbox 610 2825 751 2908; x_wconf 88' lang='lat' dir='ltr'>adipisci</span> <span class='ocrx_word' id='word_1_198' title='bbox 779 2826 811 2889; x_wconf 94' lang='lat' dir='ltr'>in</span> <span class='ocrx_word' id='word_1_199' title='bbox 844 2829 939 2891; x_wconf 84' lang='lat' dir='ltr'>caelo</span> <span class='ocrx_word' id='word_1_200' title='bbox 964 2827 1218 2910; x_wconf 88' lang='lat' dir='ltr'>sempiternam.</span> 
     </span>
     <span class='ocr_line' id='line_1_26' title="bbox 105 2927 1398 3015; baseline -0.001 -24"><span class='ocrx_word' id='word_1_201' title='bbox 105 2964 150 2980; x_wconf 86' lang='lat'>·-</span> <span class='ocrx_word' id='word_1_202' title='bbox 168 2927 243 2991; x_wconf 88' lang='lat' dir='ltr'>Hac</span> <span class='ocrx_word' id='word_1_203' title='bbox 259 2929 388 2993; x_wconf 89' lang='lat' dir='ltr'>ratione</span> <span class='ocrx_word' id='word_1_204' title='bbox 413 2939 515 3012; x_wconf 91' lang='lat' dir='ltr'>atque</span> <span class='ocrx_word' id='word_1_205' title='bbox 545 2928 610 2993; x_wconf 93' lang='lat' dir='ltr'>hoc</span> <span class='ocrx_word' id='word_1_206' title='bbox 625 2930 791 3013; x_wconf 90' lang='lat' dir='ltr'>principio</span> <span class='ocrx_word' id='word_1_207' title='bbox 809 2930 961 2995; x_wconf 90' lang='lat' dir='ltr'>Ecclesia</span> <span class='ocrx_word' id='word_1_208' title='bbox 976 2931 1092 3012; x_wconf 83' lang='lat' dir='ltr'>genita</span> <span class='ocrx_word' id='word_1_209' title='bbox 1107 2955 1116 2995; x_wconf 75' lang='grc' dir='ltr'><strong><em>ι</em></strong></span> <span class='ocrx_word' id='word_1_210' title='bbox 1132 2949 1220 3015; x_wconf 90' lang='lat' dir='ltr'>quae</span> <span class='ocrx_word' id='word_1_211' title='bbox 1286 2931 1341 2990; x_wconf 68' lang='lat' dir='ltr'>Qua</span> <span class='ocrx_word' id='word_1_212' title='bbox 1357 2941 1398 2972; x_wconf 66' lang='lat'>&#39;⁶-</span> 
     </span>
    </p>
   </div>
   <div class='ocr_carea' id='block_1_14' title="bbox 103 2989 1397 3334">
    <p class='ocr_par' dir='ltr' id='par_1_17' title="bbox 103 2989 1397 3334">
     <span class='ocr_line' id='line_1_27' title="bbox 104 2989 1397 3118; baseline -0.005 -21"><span class='ocrx_word' id='word_1_213' title='bbox 104 3031 254 3114; x_wconf 90' lang='lat' dir='ltr'>quidem,</span> <span class='ocrx_word' id='word_1_214' title='bbox 265 3032 293 3095; x_wconf 94' lang='lat' dir='ltr'>si</span> <span class='ocrx_word' id='word_1_215' title='bbox 309 3042 500 3097; x_wconf 88' lang='lat' dir='ltr'>extremum</span> <span class='ocrx_word' id='word_1_216' title='bbox 518 3033 600 3098; x_wconf 91' lang='lat' dir='ltr'>illud</span> <span class='ocrx_word' id='word_1_217' title='bbox 616 3033 801 3115; x_wconf 89' lang='lat' dir='ltr'>quodvult,</span> <span class='ocrx_word' id='word_1_218' title='bbox 816 3054 1022 3118; x_wconf 84' lang='lat' dir='ltr'>caussaeque</span> <span class='ocrx_word' id='word_1_219' title='bbox 1037 3037 1220 3117; x_wconf 87' lang='lat' dir='ltr'>proximae</span> <span class='ocrx_word' id='word_1_220' title='bbox 1246 2989 1397 3107; x_wconf 38' lang='lat'>3223?</span> 
     </span>
     <span class='ocr_line' id='line_1_28' title="bbox 103 3112 1379 3225; baseline -0.003 -25"><span class='ocrx_word' id='word_1_221' title='bbox 103 3137 320 3201; x_wconf 87' lang='lat' dir='ltr'>sanctitatem</span> <span class='ocrx_word' id='word_1_222' title='bbox 337 3135 518 3203; x_wconf 87' lang='lat' dir='ltr'>efficientes</span> <span class='ocrx_word' id='word_1_223' title='bbox 544 3147 748 3222; x_wconf 90' lang='lat' dir='ltr'>spectentur,</span> <span class='ocrx_word' id='word_1_224' title='bbox 764 3138 916 3222; x_wconf 89' lang='lat' dir='ltr'>profecto</span> <span class='ocrx_word' id='word_1_225' title='bbox 931 3150 984 3204; x_wconf 93' lang='lat' dir='ltr'>est</span> <span class='ocrx_word' id='word_1_226' title='bbox 1005 3139 1221 3222; x_wconf 77' lang='lat' dir='ltr'>spiritualis:</span> <span class='ocrx_word' id='word_1_227' title='bbox 1246 3112 1379 3225; x_wconf 54' lang='lat' dir='ltr'>{ffirffi</span> 
     </span>
     <span class='ocr_line' id='line_1_29' title="bbox 105 3224 1386 3334; baseline -0.003 -28"><span class='ocrx_word' id='word_1_228' title='bbox 105 3243 133 3306; x_wconf 89' lang='lat' dir='ltr'>si</span> <span class='ocrx_word' id='word_1_229' title='bbox 149 3260 229 3306; x_wconf 89' lang='lat' dir='ltr'>vero</span> <span class='ocrx_word' id='word_1_230' title='bbox 245 3260 303 3305; x_wconf 88' lang='lat' dir='ltr'>eos</span> <span class='ocrx_word' id='word_1_231' title='bbox 330 3243 531 3321; x_wconf 89' lang='lat' dir='ltr'>consideres,</span> <span class='ocrx_word' id='word_1_232' title='bbox 551 3241 674 3325; x_wconf 89' lang='lat' dir='ltr'>quibus</span> <span class='ocrx_word' id='word_1_233' title='bbox 709 3243 875 3321; x_wconf 88' lang='lat' dir='ltr'>cohaeret,</span> <span class='ocrx_word' id='word_1_234' title='bbox 891 3263 1009 3326; x_wconf 90' lang='lat' dir='ltr'>resque</span> <span class='ocrx_word' id='word_1_235' title='bbox 1025 3244 1115 3326; x_wconf 93' lang='lat' dir='ltr'>ipsas</span> <span class='ocrx_word' id='word_1_236' title='bbox 1130 3262 1221 3326; x_wconf 87' lang='lat' dir='ltr'>quae</span> <span class='ocrx_word' id='word_1_237' title='bbox 1247 3224 1386 3334; x_wconf 45' lang='grc' dir='ltr'>ζῗζζξπζζ,</span> 
     </span>
    </p>
   </div>
   <div class='ocr_carea' id='block_1_15' title="bbox 105 3344 1400 4263">
    <p class='ocr_par' dir='ltr' id='par_1_18' title="bbox 107 3344 1398 3744">
     <span class='ocr_line' id='line_1_30' title="bbox 107 3344 1389 3450; baseline 0.002 -41"><span class='ocrx_word' id='word_1_238' title='bbox 107 3344 150 3410; x_wconf 91' lang='lat' dir='ltr'>ad</span> <span class='ocrx_word' id='word_1_239' title='bbox 177 3348 365 3431; x_wconf 87' lang='lat' dir='ltr'>spiritualia</span> <span class='ocrx_word' id='word_1_240' title='bbox 390 3349 481 3411; x_wconf 90' lang='lat' dir='ltr'>dona</span> <span class='ocrx_word' id='word_1_241' title='bbox 505 3349 703 3431; x_wconf 89' lang='lat' dir='ltr'>perducunt,</span> <span class='ocrx_word' id='word_1_242' title='bbox 723 3357 858 3411; x_wconf 80' lang='lat' dir='ltr'>externa</span> <span class='ocrx_word' id='word_1_243' title='bbox 885 3356 936 3411; x_wconf 90' lang='lat' dir='ltr'>est</span> <span class='ocrx_word' id='word_1_244' title='bbox 961 3347 1221 3431; x_wconf 87' lang='lat' dir='ltr'>necessarioque</span> <span class='ocrx_word' id='word_1_245' title='bbox 1246 3347 1389 3450; x_wconf 52' lang='lat'>2‘905‘1‘051</span> 
     </span>
     <span class='ocr_line' id='line_1_31' title="bbox 108 3409 1398 3536; baseline 0.001 -22"><span class='ocrx_word' id='word_1_246' title='bbox 108 3452 297 3536; x_wconf 87' lang='lat' dir='ltr'>conspicua.</span> <span class='ocrx_word' id='word_1_247' title='bbox 316 3453 469 3516; x_wconf 90' lang='lat' dir='ltr'>Doccndi</span> <span class='ocrx_word' id='word_1_248' title='bbox 487 3471 609 3516; x_wconf 90' lang='lat' dir='ltr'>munus</span> <span class='ocrx_word' id='word_1_249' title='bbox 625 3471 784 3535; x_wconf 86' lang='lat' dir='ltr'>accepere</span> <span class='ocrx_word' id='word_1_250' title='bbox 805 3451 964 3534; x_wconf 89' lang='lat' dir='ltr'>Apostoli</span> <span class='ocrx_word' id='word_1_251' title='bbox 989 3472 1049 3534; x_wconf 90' lang='lat' dir='ltr'>per</span> <span class='ocrx_word' id='word_1_252' title='bbox 1078 3470 1220 3534; x_wconf 85' lang='lat' dir='ltr'>cognos·</span> <span class='ocrx_word' id='word_1_253' title='bbox 1248 3409 1398 3535; x_wconf 52' lang='lat' dir='ltr'>rfnor&#39;foeen·</span> 
     </span>
     <span class='ocr_line' id='line_1_32' title="bbox 108 3524 1395 3640; baseline -0.002 -20"><span class='ocrx_word' id='word_1_254' title='bbox 108 3557 217 3622; x_wconf 91' lang='lat' dir='ltr'>cenda</span> <span class='ocrx_word' id='word_1_255' title='bbox 243 3557 316 3621; x_wconf 91' lang='lat' dir='ltr'>visu</span> <span class='ocrx_word' id='word_1_256' title='bbox 343 3553 528 3640; x_wconf 90' lang='lat' dir='ltr'>audituque</span> <span class='ocrx_word' id='word_1_257' title='bbox 551 3556 670 3639; x_wconf 87' lang='lat' dir='ltr'>signa:</span> <span class='ocrx_word' id='word_1_258' title='bbox 686 3554 789 3637; x_wconf 88' lang='lat' dir='ltr'>idque</span> <span class='ocrx_word' id='word_1_259' title='bbox 815 3553 864 3618; x_wconf 91' lang='lat' dir='ltr'>illi</span> <span class='ocrx_word' id='word_1_260' title='bbox 880 3573 1002 3620; x_wconf 90' lang='lat' dir='ltr'>munus</span> <span class='ocrx_word' id='word_1_261' title='bbox 1030 3573 1097 3619; x_wconf 93' lang='lat' dir='ltr'>non</span> <span class='ocrx_word' id='word_1_262' title='bbox 1124 3555 1222 3619; x_wconf 89' lang='lat' dir='ltr'>aliter</span> <span class='ocrx_word' id='word_1_263' title='bbox 1246 3524 1273 3569; x_wconf 70' lang='lat'>‘¹⁸</span> <span class='ocrx_word' id='word_1_264' title='bbox 1288 3535 1395 3574; x_wconf 60' lang='lat' dir='ltr'>nuum.</span> 
     </span>
     <span class='ocr_line' id='line_1_33' title="bbox 108 3657 1220 3744; baseline 0.001 -21"><span class='ocrx_word' id='word_1_265' title='bbox 108 3659 244 3724; x_wconf 86' lang='lat' dir='ltr'>executi</span> <span class='ocrx_word' id='word_1_266' title='bbox 256 3678 359 3742; x_wconf 90' lang='lat' dir='ltr'>quam</span> <span class='ocrx_word' id='word_1_267' title='bbox 376 3659 475 3724; x_wconf 89' lang='lat' dir='ltr'>dictis</span> <span class='ocrx_word' id='word_1_268' title='bbox 488 3657 664 3743; x_wconf 89' lang='lat' dir='ltr'>factisque,</span> <span class='ocrx_word' id='word_1_269' title='bbox 679 3677 766 3744; x_wconf 89' lang='lat' dir='ltr'>quae</span> <span class='ocrx_word' id='word_1_270' title='bbox 783 3658 900 3741; x_wconf 89' lang='lat' dir='ltr'>utique</span> <span class='ocrx_word' id='word_1_271' title='bbox 916 3676 1033 3723; x_wconf 88' lang='lat' dir='ltr'>sensus</span> <span class='ocrx_word' id='word_1_272' title='bbox 1044 3677 1220 3744; x_wconf 88' lang='lat' dir='ltr'>permove-</span> 
     </span>
    </p>

    <p class='ocr_par' dir='ltr' id='par_1_19' title="bbox 107 3760 1220 3846">
     <span class='ocr_line' id='line_1_34' title="bbox 107 3760 1220 3846; baseline 0.002 -22"><span class='ocrx_word' id='word_1_273' title='bbox 107 3770 191 3828; x_wconf 88' lang='lat' dir='ltr'>rent.</span> <span class='ocrx_word' id='word_1_274' title='bbox 210 3762 264 3826; x_wconf 90' lang='lat' dir='ltr'>lta</span> <span class='ocrx_word' id='word_1_275' title='bbox 280 3763 418 3846; x_wconf 91' lang='lat' dir='ltr'>quidem</span> <span class='ocrx_word' id='word_1_276' title='bbox 435 3761 568 3828; x_wconf 92' lang='lat' dir='ltr'>illorum</span> <span class='ocrx_word' id='word_1_277' title='bbox 585 3783 654 3828; x_wconf 84' lang='lat' dir='ltr'>vox</span> <span class='ocrx_word' id='word_1_278' title='bbox 670 3762 885 3826; x_wconf 87' lang='lat' dir='ltr'>extrinsecus</span> <span class='ocrx_word' id='word_1_279' title='bbox 901 3760 1022 3844; x_wconf 91' lang='lat' dir='ltr'>illapsa</span> <span class='ocrx_word' id='word_1_280' title='bbox 1039 3782 1099 3844; x_wconf 89' lang='lat' dir='ltr'>per</span> <span class='ocrx_word' id='word_1_281' title='bbox 1112 3781 1220 3839; x_wconf 88' lang='lat' dir='ltr'>aures,</span> 
     </span>
    </p>

    <p class='ocr_par' dir='ltr' id='par_1_20' title="bbox 105 3863 1400 4263">
     <span class='ocr_line' id='line_1_35' title="bbox 109 3863 1222 3949; baseline 0.003 -21"><span class='ocrx_word' id='word_1_282' title='bbox 109 3863 212 3930; x_wconf 88' lang='lat' dir='ltr'>fidem</span> <span class='ocrx_word' id='word_1_283' title='bbox 228 3865 436 3949; x_wconf 86' lang='lat' dir='ltr'>ingeneravit</span> <span class='ocrx_word' id='word_1_284' title='bbox 451 3867 485 3929; x_wconf 93' lang='lat' dir='ltr'>in</span> <span class='ocrx_word' id='word_1_285' title='bbox 502 3865 643 3931; x_wconf 90' lang='lat' dir='ltr'>animis:</span> <span class='ocrx_word' id='word_1_286' title='bbox 659 3865 758 3931; x_wconf 79' lang='lat' dir='ltr'>Fides</span> <span class='ocrx_word' id='word_1_287' title='bbox 767 3887 807 3929; x_wconf 80' lang='lat' dir='ltr'>ex</span> <span class='ocrx_word' id='word_1_288' title='bbox 819 3863 947 3941; x_wconf 86' lang='lat' dir='ltr'>auditu,</span> <span class='ocrx_word' id='word_1_289' title='bbox 962 3864 1101 3930; x_wconf 84' lang='lat' dir='ltr'>auditus</span> <span class='ocrx_word' id='word_1_290' title='bbox 1109 3875 1222 3931; x_wconf 79' lang='lat' dir='ltr'>autem</span> 
     </span>
     <span class='ocr_line' id='line_1_36' title="bbox 105 3967 1400 4054; baseline 0.001 -20"><span class='ocrx_word' id='word_1_291' title='bbox 105 3968 312 4053; x_wconf 76' lang='lat' dir='ltr'>perverbum</span> <span class='ocrx_word' id='word_1_292' title='bbox 331 3967 461 4036; x_wconf 67' lang='lat' dir='ltr'>cte-uti</span> <span class='ocrx_word' id='word_1_293' title='bbox 472 3969 523 4054; x_wconf 81' lang='lat'>(2).</span> <span class='ocrx_word' id='word_1_294' title='bbox 541 3969 593 4035; x_wconf 91' lang='lat' dir='ltr'>Ac</span> <span class='ocrx_word' id='word_1_295' title='bbox 607 3968 690 4036; x_wconf 90' lang='lat' dir='ltr'>fides</span> <span class='ocrx_word' id='word_1_296' title='bbox 702 3972 786 4054; x_wconf 90' lang='lat' dir='ltr'>ipsa,</span> <span class='ocrx_word' id='word_1_297' title='bbox 795 3971 922 4036; x_wconf 87' lang='lat' dir='ltr'>scilicet</span> <span class='ocrx_word' id='word_1_298' title='bbox 932 3973 1083 4036; x_wconf 86' lang='lat' dir='ltr'>assensio</span> <span class='ocrx_word' id='word_1_299' title='bbox 1092 3972 1222 4054; x_wconf 88' lang='lat' dir='ltr'>primae</span> <span class='ocrx_word' id='word_1_300' title='bbox 1247 4015 1278 4048; x_wconf 69' lang='lat' dir='ltr'>ex</span> <span class='ocrx_word' id='word_1_301' title='bbox 1286 4000 1348 4048; x_wconf 62' lang='lat' dir='ltr'>m,</span> <span class='ocrx_word' id='word_1_302' title='bbox 1360 4000 1400 4048; x_wconf 73' lang='grc'><strong><em>,·,,.</em></strong></span> 
     </span>
     <span class='ocr_line' id='line_1_37' title="bbox 111 4065 1400 4180; baseline 0.002 -42"><span class='ocrx_word' id='word_1_303' title='bbox 111 4093 355 4163; x_wconf 84' lang='lat' dir='ltr'>suprcmaeque</span> <span class='ocrx_word' id='word_1_304' title='bbox 366 4076 510 4155; x_wconf 88' lang='lat' dir='ltr'>veritati,</span> <span class='ocrx_word' id='word_1_305' title='bbox 521 4083 634 4140; x_wconf 90' lang='lat' dir='ltr'>mente</span> <span class='ocrx_word' id='word_1_306' title='bbox 644 4076 782 4160; x_wconf 88' lang='lat' dir='ltr'>quidem</span> <span class='ocrx_word' id='word_1_307' title='bbox 793 4096 853 4158; x_wconf 89' lang='lat' dir='ltr'>per</span> <span class='ocrx_word' id='word_1_308' title='bbox 868 4095 904 4139; x_wconf 91' lang='lat' dir='ltr'>se</span> <span class='ocrx_word' id='word_1_309' title='bbox 915 4075 1223 4160; x_wconf 87' lang='lat' dir='ltr'>comprehenditur,</span> <span class='ocrx_word' id='word_1_310' title='bbox 1248 4065 1400 4180; x_wconf 43' lang='lat'>2222?</span> 
     </span>
     <span class='ocr_line' id='line_1_38' title="bbox 111 4179 1329 4263; baseline 0.003 -19"><span class='ocrx_word' id='word_1_311' title='bbox 111 4179 170 4244; x_wconf 85' lang='lat' dir='ltr'>sed</span> <span class='ocrx_word' id='word_1_312' title='bbox 186 4187 301 4244; x_wconf 87' lang='lat' dir='ltr'>tamen</span> <span class='ocrx_word' id='word_1_313' title='bbox 319 4181 465 4246; x_wconf 89' lang='lat' dir='ltr'>eminere</span> <span class='ocrx_word' id='word_1_314' title='bbox 481 4179 571 4247; x_wconf 90' lang='lat' dir='ltr'>foras</span> <span class='ocrx_word' id='word_1_315' title='bbox 587 4179 737 4244; x_wconf 87' lang='lat' dir='ltr'>evidenti</span> <span class='ocrx_word' id='word_1_316' title='bbox 753 4179 963 4263; x_wconf 89' lang='lat' dir='ltr'>professione</span> <span class='ocrx_word' id='word_1_317' title='bbox 979 4180 1102 4246; x_wconf 86' lang='lat' dir='ltr'>debet:</span> <span class='ocrx_word' id='word_1_318' title='bbox 1121 4181 1223 4248; x_wconf 79' lang='lat' dir='ltr'>Corde</span> <span class='ocrx_word' id='word_1_319' title='bbox 1250 4179 1329 4226; x_wconf 59' lang='lat' dir='ltr'>W·</span> 
     </span>
    </p>
   </div>
   <div class='ocr_carea' id='block_1_16' title="bbox 108 4283 1221 4368">
    <p class='ocr_par' dir='ltr' id='par_1_21' title="bbox 108 4283 1221 4368">
     <span class='ocr_line' id='line_1_39' title="bbox 108 4283 1221 4368; baseline 0.004 -22"><span class='ocrx_word' id='word_1_320' title='bbox 108 4283 196 4348; x_wconf 85' lang='lat' dir='ltr'>enim</span> <span class='ocrx_word' id='word_1_321' title='bbox 210 4283 358 4349; x_wconf 82' lang='lat' dir='ltr'>creditur</span> <span class='ocrx_word' id='word_1_322' title='bbox 370 4283 420 4349; x_wconf 78' lang='lat' dir='ltr'>ad</span> <span class='ocrx_word' id='word_1_323' title='bbox 432 4283 598 4350; x_wconf 81' lang='lat' dir='ltr'>iustitiam</span> <span class='ocrx_word' id='word_1_324' title='bbox 610 4308 623 4350; x_wconf 92' lang='grc'>.·</span> <span class='ocrx_word' id='word_1_325' title='bbox 638 4291 815 4349; x_wconf 78' lang='lat' dir='ltr'>creantem</span> <span class='ocrx_word' id='word_1_326' title='bbox 841 4283 995 4367; x_wconf 78' lang='lat' dir='ltr'>confessio</span> <span class='ocrx_word' id='word_1_327' title='bbox 1008 4284 1057 4368; x_wconf 82' lang='lat' dir='ltr'>fit</span> <span class='ocrx_word' id='word_1_328' title='bbox 1070 4283 1120 4348; x_wconf 80' lang='lat' dir='ltr'>ad</span> <span class='ocrx_word' id='word_1_329' title='bbox 1131 4285 1221 4350; x_wconf 81' lang='lat' dir='ltr'>salu-</span> 
     </span>
    </p>
   </div>
   <div class='ocr_carea' id='block_1_17' title="bbox 0 0 1577 4859">
    <p class='ocr_par' dir='ltr' id='par_1_22' title="bbox 0 0 1577 4859">
     <span class='ocr_line' id='line_1_40' title="bbox 0 0 1577 4859; baseline 0 0"><span class='ocrx_word' id='word_1_330' title='bbox 0 0 1577 4859; x_wconf 95' lang='lat' dir='ltr'> </span> 
     </span>
    </p>
   </div>
  </div>
 </body>
</html>
