3117 4859
352 314 421 387 186
475 334 656 388 sermons
684 335 899 388 sncucnrcn
928 324 1074 390 “sarrs
1100 317 1351 392 coou1ruu.'’

346 493 518 565 pastorem
536 505 633 550 suum
657 486 858 549 universitas
871 486 1012 550 ovium?
1029 486 1120 549 Num
1137 506 1346 551 successores
1357 488 1453 570 Apo-

345 586 518 666 stolorum,
544 589 643 652 simul
668 589 849 666 coniuncti,
875 589 1134 655 fundamentum
1164 591 1241 666 sint,
1264 611 1334 674 quo
1361 592 1451 656 Petri

344 692 737 774 successor,adipiscendi
749 692 953 756 firmamenti
965 697 1093 770 caussa,
1106 695 1286 759 innitatur?
1297 696 1455 759 Profecto

195 819 320 874 nmque
344 795 437 860 cuius
457 797 489 860 in
503 807 672 879 potestate
686 807 763 861 sunt
783 797 897 862 claves
918 799 1023 880 regni,
1037 797 1132 862 eiius
1153 808 1255 881 atque
1270 800 1455 864 auctoritas

174 875 319 994 mm
346 911 397 966 est
421 921 487 966 non
513 911 645 966 tantum
663 903 695 965 in
719 903 909 984 provincias
933 903 1128 984 singulares,
1148 903 1208 967 sed
1224 904 1256 966 in
1280 904 1454 968 universas

166 993 319 1100 fflfml‘*
335 1003 465 1071 simul:
480 1017 514 1071 et
541 1027 609 1090 quo
633 1006 735 1071 modo
754 1006 904 1089 episcopi
921 1008 955 1069 in
976 1007 1111 1089 regione
1134 1008 1279 1090 quisque
1300 1027 1362 1071 sua
1379 1003 1452 1072 ‘non

199 1112 321 1230 (mox
346 1109 454 1175 solum
482 1112 615 1194 privato
638 1111 770 1194 cuique,
793 1111 853 1174 sed
883 1111 986 1174 etiarn
1008 1113 1246 1176 communitati
1272 1132 1352 1176 vera
1375 1130 1454 1174 cum

210 1231 322 1300 uniuerso
349 1225 516 1296 potestate
531 1225 701 1297 praesunt,
722 1217 769 1281 ita
787 1212 966 1280 Pontifices
983 1216 1122 1292 romani,
1137 1235 1280 1293 quorum
1303 1223 1455 1299 potestas

192 1301 262 1360 Μ’
272 1305 321 1342 ‘⁸⁰'
349 1318 566 1384 christianam
585 1320 827 1404 rempublicam
853 1329 961 1383 totam
983 1319 1229 1402 complectitur.
1248 1339 1369 1384 ornnes
1385 1320 1456 1383 eius

178 1408 323 1528 ‘'5222'‘ssss
348 1434 469 1506 partes,
496 1426 598 1490 etiam
626 1429 693 1490 una
724 1425 893 1500 collectas,
922 1423 1091 1488 subiectas
1121 1433 1225 1506 arque
1254 1424 1455 1488 obedientes

176 1532 322 1645 mimz
346 1527 474 1594 habent
490 1531 649 1613 potestati
666 1549 754 1594 suae.
765 1527 921 1594 Christus
935 1528 1114 1602 Dominus,
1129 1528 1220 1610 quod
1238 1529 1305 1592 iam
1325 1529 1456 1593 dictum

205 1646 321 1718 christia-
347 1634 438 1712 satis,
454 1635 554 1698 Petro
574 1633 712 1715 eiusque
736 1633 983 1697 successoribus
1004 1632 1122 1697 tribuit
1146 1638 1184 1696 ut
1199 1644 1312 1696 essent
1338 1630 1459 1695 vicarii

177 1713 321 1811 “iiiiii
347 1741 407 1815 sui,
422 1749 524 1822 atque
540 1740 694 1804 eamdem
713 1738 746 1801 in
764 1737 917 1802 Ecclesia
940 1746 1105 1819 perpetuo
1128 1746 1282 1818 gererent
1305 1744 1456 1818 potcsta-

161 1829 320 1943 gfff*
348 1853 428 1922 tem,
442 1864 543 1927 quarn
562 1843 704 1926 ipsemet
720 1852 872 1926 gesserat
889 1842 1004 1904 invita
1021 1840 1166 1904 mortali.
1193 1840 1285 1903 Num
1304 1837 1455 1921 Aposto-

347 1948 454 2012 lorum
486 1946 664 2031 collegium
704 1948 869 2030 magistro
909 1965 971 2009 suo
1008 1944 1215 2028 praestitisse
1252 1943 1455 2007 auctoritate

347 2053 501 2119 dicatur?

249 2175 323 2222 Hanc
393 2157 493 2222 Hanc
509 2177 596 2236 vero,
611 2158 654 2222 de
666 2177 732 2240 qua
747 2155 902 2232 dicimus,
919 2155 952 2217 in
975 2155 1085 2235 ipsum
1102 2153 1339 2236 episcoporum
1354 2149 1454 2214 colle·

167 2249 322 2364 'mm
347 2265 439 2347 glum
453 2271 773 2346 potestatem,quam
784 2280 898 2324 sacrae
909 2258 1040 2325 litterae
1051 2266 1122 2322 tam
1139 2266 1254 2338 aperte
1267 2255 1454 2324 enuntiant,

167 2355 322 2460 ''22¹⁸“ssss
348 2387 529 2452 agnoscere
556 2386 596 2431 ac
616 2365 733 2430 testari
759 2364 851 2428 nullo
876 2373 1029 2445 tempore
1054 2359 1207 2424 Ecclesia
1232 2359 1373 2424 destitit.
1394 2358 1454 2420 llla

178 2473 267 2577 mm
278 2477 322 2577 ,ἐξ
348 2471 471 2536 suntin
485 2471 549 2536 hoc
564 2490 687 2554 genere
702 2467 806 2532 effata
821 2466 1050 2534 Conciliorum
1066 2489 1073 2528 :
1099 2464 1326 2532 (Romanum
1344 2461 1454 2546 ponti-

167 2594 220 2636 rara
231 2595 264 2636 nt
275 2591 321 2636 sc·
349 2591 368 2645 e
385 2575 480 2641 ricem
496 2576 540 2640 de
555 2575 706 2639 omnium
723 2573 948 2637 Ecclesiarum
966 2569 1175 2652 praesulibus
1191 2567 1359 2631 iudicasse
1374 2565 1454 2647 legi·

166 2652 323 2770 ssffssfflss
351 2698 368 2750 t
384 2701 477 2745 mus:
492 2684 535 2745 de
551 2700 592 2744 eo
607 2700 686 2744 vero
702 2695 907 2762 quemquam
920 2675 1096 2750 iudicasse,
1118 2691 1185 2736 non
1203 2670 1380 2753 legimus)
1399 2670 1413 2751 (
1430 2671 1453 2750 ).

163 2768 322 2886 filim?
349 2784 454 2868 Cujus
470 2785 517 2850 rei
538 2804 579 2850 ea
595 2785 680 2849 ratio
704 2781 864 2856 redditur,
876 2779 967 2862 quod
991 2778 1227 2846 (auctoritate
1243 2774 1344 2840 Sedis
1361 2774 1451 2857 Apo·

167 2889 276 2940 uorem
347 2889 486 2954 stolicae
500 2891 605 2955 maior
622 2909 687 2953 non
704 2897 757 2952 est
771 2885 824 2969 (²).
837 2900 856 2953 t
870 2884 984 2968 Quare
998 2885 1043 2947 dc
1059 2880 1287 2948 Conciliorum
1311 2878 1453 2944 decretis

346 2994 520 3061 Gelasius:
552 2993 684 3062 <Sicut
709 2992 741 3055 id
768 2989 861 3074 quod
888 2989 996 3071 prima
1023 2985 1130 3052 Sedes
1146 3005 1213 3048 non
1244 2985 1451 3067 probaverat,

347 3111 536 3170 (constare
564 3117 631 3162 non
656 3095 776 3180 potuit,
801 3094 849 3157 sic
874 3093 964 3176 quod
991 3090 1047 3154 illa
1075 3089 1207 3153 censuit
1223 3087 1450 3162 iudicandum,

347 3220 366 3275 ι
383 3205 535 3270 Ecclesia
548 3212 621 3268 tota
636 3200 785 3282 suscepit
800 3197 888 3281 (3).)
905 3196 997 3261 Sane
1012 3193 1238 3259 Conciliorum
1255 3191 1409 3256 consulta
1417 3199 1452 3254 et

346 3313 491 3386 decreta,
529 3316 601 3372 rata
636 3305 761 3369 habere
788 3302 840 3367 vel
874 3299 1043 3364 infirmare
1070 3315 1203 3378 semper
1238 3313 1451 3359 romanorum

348 3413 548 3478 Pontificum
577 3411 648 3475 fuit.
674 3405 899 3474 Conciliabuli
930 3400 1093 3486 Ephesini
1120 3409 1196 3464 acta
1222 3399 1359 3465 rescidit
1384 3399 1452 3462 Leo

348 3537 511 3602 magnus:
534 3513 771 3589 Ariminensis,
787 3511 901 3574 reiecit
927 3508 1117 3571 Damasus:
1142 3501 1452 3586 Constantinopoli·

348 3624 428 3701 tani,
447 3621 641 3686 Hadrianus
657 3619 713 3693 ll;
735 3635 898 3680 canonem
917 3631 997 3676 vero
1012 3622 1137 3674 xxvm
1153 3607 1298 3675 Concilii
1315 3606 1453 3674 Chalce-

347 3727 517 3804 donensis,
544 3726 634 3808 quod
652 3740 789 3786 assensu
820 3729 854 3782 et
875 3716 1077 3780 auctoritate
1100 3712 1209 3778 caruit
1235 3710 1336 3776 Sedis
1362 3711 1453 3792 Apo·

347 3832 497 3909 stolicae,
521 3829 612 3894 velut
642 3829 810 3890 incassum
842 3820 1004 3905 quiddam
1021 3826 1156 3882 constat
1183 3816 1334 3880 iacuisse.
1350 3814 1454 3877 Recte

348 3937 450 4022 igitur
474 3937 506 3999 in
533 3932 685 4000 Concilio
703 3926 923 3995 Lateranensi
939 3923 974 3987 V
991 3923 1062 3986 Leo
1079 3921 1112 3984 X
1129 3919 1271 3984 statuit:
1295 3934 1314 3984 ι
1336 3917 1453 3984 Solum

350 4043 576 4054 ...----...---
1336 4025 1351 4031 “

378 4091 397 4122 r.
413 4075 554 4122 Hadrianus
564 4072 597 4124 11.
611 4071 638 4117 in
650 4067 805 4115 Alloeutione
815 4076 844 4111 ιιι
856 4065 888 4109 nd
907 4061 1032 4121 synodum
1049 4059 1186 4104 Romanam
1199 4069 1239 4101 an
1255 4057 1309 4114 869.
1324 4054 1362 4101 ct
1374 4053 1456 4100 Actio-

348 4159 403 4192 nem
414 4154 452 4190 vn
467 4141 567 4188 Concilii
586 4134 850 4194 constantinopolitani
870 4132 912 4178 lv.
929 4155 958 4164 -
973 4143 996 4175 a.
1020 4125 1144 4177 Nicotaus.
1162 4125 1191 4170 in
1205 4124 1273 4183 epist.
1292 4132 1400 4173 cxxxvi,
1420 4123 1455 4167 ad

349 4211 461 4259 Michael.
483 4209 595 4267 imperat.
609 4231 638 4240 —
660 4207 728 4250 Patet
746 4202 854 4261 proiecto
869 4199 939 4246 Sedis
956 4194 1119 4255 Apostolicae.
1140 4193 1210 4238 cuius
1226 4193 1369 4238 auctoritare
1378 4189 1456 4235 maior

349 4294 398 4326 non
408 4288 451 4331 est,
464 4277 579 4322 iudicium
590 4289 605 4320 a
621 4273 717 4320 nemine
732 4271 783 4317 iore
792 4267 979 4317 retractandum,
998 4276 1078 4322 neque
1088 4262 1202 4319 cuiquam
1212 4261 1245 4305 de
1254 4260 1307 4306 eiras
1316 4260 1383 4305 liceat
1392 4257 1456 4303 iudi·

350 4359 404 4392 care
411 4345 507 4391 iudicio.
521 4367 550 4376 -
566 4357 586 4400 3.
601 4341 690 4400 Epist..
702 4348 777 4390 xxvi,
791 4337 824 4382 ad
836 4335 971 4393 Episcopos
983 4329 1129 4381 Dardaniae,
1142 4341 1165 4373 n.
1178 4339 1199 4386 5
