3117 4859
521 904 586 963 DE
614 904 770 963 HUIUS
800 904 1212 969 INSTAURATIONE.

161 1217 252 1305 wqu
306 1190 581 1268 ammisit
610 1210 669 1255 vos
692 1190 783 1253 haud
809 1190 856 1253 ita
882 1192 1011 1272 pridem
1040 1192 1235 1258 declarastis
1259 1196 1423 1275 animum,

200 1293 208 1303 ⁴
307 1275 332 1349 id
470 1274 622 1426 §quum
653 1314 733 1376 erga
760 1294 833 1357 Nos
861 1295 1100 1377 obsequentem
1125 1306 1159 1357 et
1186 1308 1327 1377 gratum,
1345 1312 1419 1362 tum

171 1317 242 1376 1894.

186 1431 283 1480 Gaudet
308 1251 494 1577 &Q
520 1398 690 1480 religionis
713 1400 860 1483 artisque
883 1418 997 1461 sacrae
1022 1400 1223 1477 studiosum,
1252 1401 1338 1464 bene
1363 1423 1420 1465 ac·

158 1494 282 1574 'Pontifex
306 1500 459 1573 ,tif—
516 1512 650 1583 ceptum
668 1502 857 1565 habuimus.
874 1502 929 1565 Ex
943 1502 1061 1565 litteris
1074 1504 1163 1565 enim
1177 1506 1294 1565 vestris
1306 1506 1420 1569 subie-

128 1570 281 1687 ciff‘li‘r'sie
306 1603 437 1685 ctisque
453 1606 552 1685 pictis
564 1605 731 1687 exemplis
747 1606 859 1667 videre
875 1604 978 1678 licuit,
990 1605 1179 1667 Alexandri
1194 1605 1227 1668 V
1244 1606 1420 1670 Pontificis

130 1696 279 1808 mm
305 1707 505 1789 sepulcrum,
520 1710 600 1772 artis
630 1710 794 1771 eximium
819 1728 914 1791 opuS,
937 1729 1039 1791 quam
1067 1708 1245 1791 diligenter
1276 1729 1335 1790 per
1356 1732 1419 1773 vos

143 1826 171 1873 S.
184 1825 275 1900 asana
305 1821 450 1893 apteque
461 1834 481 1875 a
493 1814 628 1877 iacturis
640 1815 904 1895 redintegratum
916 1814 968 1888 sit,
979 1833 1105 1895 suoque
1116 1814 1234 1876 honori
1248 1814 1418 1879 redditum

128 1892 278 2018 3ζῖἴῖ
306 1918 338 1979 in
365 1918 493 1999 templo
518 1917 625 1981 sancti
643 1917 811 1980 Francisci
840 1918 1058 1981 Assisiensis:
1084 1918 1178 1980 cuius
1205 1917 1340 1999 quidem
1369 1920 1417 1981 rei

128 2037 176 2084 im
187 2020 229 2069 ²¹0⁶
242 2021 281 2096 ’Ῥς
304 2022 413 2103 gratia
430 2022 572 2085 libenter
589 2023 659 2103 ipsi
674 2032 801 2084 certam
819 2022 885 2083 vim
914 2021 1163 2084 contuleramus
1191 2022 1360 2103 pecuniae.
1372 2058 1417 2070 -

128 2088 279 2199 {Z'Ztsssslflf
309 2126 346 2188 ld
364 2126 516 2189 similiter
533 2127 606 2191 Nos
632 2126 788 2202 delectat,
809 2136 954 2188 vestram
973 2126 1005 2186 in
1022 2144 1062 2187 eo
1079 2134 1205 2187 certare
1230 2125 1414 2189 sollertiam

176 2218 281 2346 mg
306 2241 342 2292 ut
359 2230 447 2293 idem
486 2231 662 2313 templum,
688 2232 778 2313 quod
807 2229 940 2293 saeculo
971 2228 1205 2291 tertiodecimo
1235 2228 1415 2309 splendida

124 2347 260 2411 pristinae.
306 2334 470 2396 maiorum
489 2334 595 2414 pietas
607 2335 769 2409 condidit,
785 2334 933 2411 omnin0,
955 2344 1032 2413 post
1056 2332 1165 2394 varios
1182 2351 1290 2394 rerum
1308 2352 1415 2409 casus,

304 2436 408 2498 cultui
446 2438 561 2502 divino
599 2439 801 2515 restituatur,
821 2456 867 2499 ex
896 2436 1062 2518 dignitate
1094 2434 1220 2497 formae
1254 2434 1413 2516 pristinae

304 2545 487 2623 augustius.
507 2546 591 2608 lude
608 2546 758 2627 profecto
774 2546 944 2627 specimen
958 2544 1089 2605 extabit
1111 2540 1301 2625 praeclarae
1324 2541 1415 2615 artis,

164 2678 278 2727 laudm
305 2667 391 2729 quae
406 2648 518 2711 floruit
534 2669 593 2732 per
607 2670 647 2712 ea
664 2650 738 2731 ipsa
749 2660 912 2731 tempora,
927 2649 970 2711 ab
986 2647 1105 2710 ardore
1121 2644 1198 2708 fidei
1222 2654 1256 2709 et
1281 2647 1413 2726 sapien·

126 2745 280 2857 arfffflf
304 2750 371 2811 tiae
397 2751 523 2815 lumine
552 2752 582 2815 in
606 2753 722 2835 primis
753 2753 912 2829 laudata;
928 2772 1031 2835 quum
1063 2749 1190 2813 scilicet
1216 2748 1413 2831 disciplinae

125 2876 231 2924 suanae.
303 2872 421 2915 omnes
437 2874 509 2918 sese
525 2866 699 2939 tamquam
716 2856 855 2920 ancillas
883 2855 1056 2918 doctrinae
1081 2873 1195 2917 sacrae
1220 2852 1347 2915 dabant
1378 2853 1412 2915 in

302 2956 539 3038 amplificanda
549 2960 652 3023 divini
667 2960 811 3024 nominis
824 2958 937 3041 gloria.
952 2958 1024 3021 Nos
1035 2967 1158 3033 autem,
1170 2956 1256 3019 sicut
1268 2954 1411 3017 solidam

303 3069 452 3125 veterum
484 3064 684 3144 sapientiam
724 3083 887 3139 revocare,
926 3062 1094 3144 magistris
1134 3060 1166 3121 in
1198 3058 1412 3140 philosophia

302 3163 484 3249 Aquinate,
511 3169 544 3229 in
572 3167 691 3231 litteris
707 3166 893 3247 Aligherio,
923 3167 1122 3241 studuimus,
1153 3164 1337 3237 studemus,
1364 3163 1412 3223 ita

301 3274 420 3334 ceteris
436 3271 656 3335 humanitatis
673 3272 800 3333 artibus
818 3272 943 3333 fructus
958 3270 1105 3353 optimos
1127 3288 1194 3331 non
1225 3266 1327 3330 dubie
1353 3284 1410 3327 au-

301 3395 468 3455 guramur,
505 3376 608 3440 modo
638 3376 788 3438 eiusdem
826 3376 947 3439 aetatis
985 3374 1155 3457 requirant
1193 3380 1228 3435 et
1264 3371 1411 3450 diligant

301 3481 518 3563 exemplaria.
545 3482 613 3545 Ars
630 3482 755 3545 etenim
788 3491 910 3557 nostra,
937 3501 1004 3563 quo
1028 3481 1164 3563 propius
1192 3477 1235 3538 ad
1267 3474 1409 3537 formam

302 3586 488 3666 sapientiae
503 3586 648 3677 divinae,
660 3587 691 3650 id
710 3588 799 3667 quod
818 3607 942 3669 magna
958 3596 1039 3649 tunc
1057 3584 1216 3665 religione
1228 3583 1410 3643 contende-

302 3686 409 3763 batur,
424 3692 610 3767 accesserit,
626 3711 666 3753 eo
690 3691 763 3772 plus
789 3692 917 3755 decoris
935 3690 1088 3753 habitura
1120 3699 1170 3751 est
1196 3697 1230 3750 et
1257 3688 1411 3765 virtutis;

301 3792 336 3853 in
359 3790 500 3855 artificio
518 3795 712 3873 praesertim
745 3796 879 3858 aedium
907 3814 1085 3872 sacrarum,
1116 3812 1201 3874 quae
1233 3790 1413 3871 exemplari

171 3947 275 3996 Curato-
301 3895 490 3960 dcscroiunt
502 3896 708 3980 caelestium(
725 3898 746 3980 ).
762 3938 805 3948 —
822 3899 980 3963 Vestrum
999 3898 1098 3980 igitur
1121 3898 1173 3973 sit,
1189 3906 1257 3959 tam
1285 3894 1411 3977 insigni

137 4011 275 4087 rcshorrq·
302 4003 335 4064 in
375 4011 598 4065 monumento
637 4003 748 4065 nobile
780 4024 897 4084 urgere
937 4014 1157 4084 sanctumque
1189 4002 1412 4083 propositum,

144 4084 276 4205 &¹22⁸
302 4104 426 4167 iudicio
449 4104 602 4187 sapienti.
621 4106 660 4168 ln
678 4125 743 4185 quo
768 4106 843 4187 ipso
865 4106 964 4187 agite,
982 4117 1018 4168 ut
1033 4126 1169 4187 operam
1187 4116 1330 4168 vestram
1358 4124 1412 4165 ar·

154 4206 277 4321 ficiam
302 4205 516 4289 chiepiscopo
532 4228 620 4271 novo
637 4228 703 4270 non
718 4220 806 4272 recte
820 4212 929 4273 minus
946 4209 1094 4292 probetis
1112 4228 1213 4290 quam
1232 4209 1412 4270 Decessori

1142 4330 1413 4341 -m———u-

335 4394 353 4423 1.
374 4378 444 4422 Hebr.
458 4389 515 4430 vrri,
534 4389 555 4435 5.
