3117 4859
306 392 428 442 INDEX
454 394 744 447 ALPHABETICUS
772 398 1032 452 MATERIARUM

145 575 177 584 -
188 546 230 595 De
245 544 343 594 clericis
355 543 503 608 Anglicanis
512 544 544 593 ad
554 544 643 594 Fidem

145 620 272 670 conversis
298 617 414 667 Pontifex
434 616 565 678 sollicitus,
587 631 643 681 194-

148 704 203 757 ¹95·

111 765 260 819 Anselmus
271 765 331 825 (S).
358 762 467 827 Collegii
480 763 508 814 S.
526 764 643 815 Anselmi

145 842 171 891 111
185 841 256 891 Urbe
276 838 371 902 primus
390 837 455 901 lapis
476 837 587 901 ponitur,
609 839 641 897 V,

146 926 202 976 170.
219 941 248 949 —
272 912 311 961 De
324 911 424 975 collegii
437 910 569 975 regimine,
586 922 641 972 171-

119 1020 120 1024 =
148 998 202 1050 173.

111 1057 281 1125 Antiquitas.
296 1058 486 1121 Antiquitatum
497 1056 583 1107 studia
594 1057 643 1105 1111-

144 1135 247 1192 lissima,
263 1132 311 1191 Vl,
328 1144 376 1180 1-2.

111 1212 250 1267 Antonius
267 1214 305 1273 (S.
317 1212 415 1271 Cani).
448 1212 529 1275 Epist.
542 1212 574 1261 de
590 1212 644 1276 ejus

143 1286 295 1339 centenariis
310 1285 473 1345 solemnibus,
488 1284 535 1341 Vl.
551 1294 590 1347 51.

111 1357 331 1425 Antverplensis
348 1359 493 1423 Polyglottn
504 1384 535 1394 -
557 1359 642 1408 lauda·

145 1444 195 1493 tar,
212 1436 242 1494 V,
257 1432 313 1483 208.

111 1506 274 1575 Apostolus.
282 1506 462 1570 Apostolorum
472 1504 643 1568 magisterium

146 1590 174 1633 ut
181 1580 287 1632 unitatis
298 1580 370 1629 Fidei
383 1578 534 1642 principium
546 1596 561 1627 a
570 1578 643 1628 Chri·

145 1663 185 1707 sto
203 1650 567 1713 constitutum,Vl,164·168.
593 1651 644 1715 Qui

146 1729 215 1792 ipsos
237 1726 316 1785 audit,
337 1724 468 1775 Christum
487 1725 567 1786 audit,
583 1725 640 1787 165-

148 1800 204 1851 166.
215 1828 247 1837 -
258 1800 300 1849 Ab
315 1799 377 1863 ipsis
399 1808 530 1859 acceptam
549 1799 643 1848 doctri·

145 1890 205 1925 nam
215 1888 268 1923 esse
275 1873 411 1922 tenendam
422 1872 510 1921 Patres
517 1879 640 1931 asserunt,

148 1947 264 2010 169·170.
279 1974 311 1983 -
323 1946 378 1996 Soli
400 1945 520 2009 Apostoli
542 1944 643 1994 horum·

145 2036 195 2085 que
215 2036 371 2069 successores
382 2028 440 2068 sunt
460 2017 540 2068 divini
560 2019 643 2067 cultus

146 2093 264 2153 ministri,
290 2104 414 2155 172-173;
444 2120 475 2129 —
504 2091 641 2155 populique

144 2166 275 2219 christiani
285 2176 403 2226 rectores,
415 2165 475 2215 ibid.

111 2246 275 2315 Aquitanos.
299 2248 381 2311 Epist.
395 2248 427 2297 ad
451 2246 537 2311 Episc.
552 2246 639 2311 Aquil.

144 2324 177 2374 de
204 2322 344 2373 reverentia
365 2322 559 2387 Episcopomm,
591 2321 641 2382 Vl,

147 2410 203 2456 114.

110 2467 244 2521 Aretium.
266 2469 414 2521 Conventus
432 2468 466 2518 ibi
488 2468 590 2518 habitus
610 2469 641 2517 de

143 2544 305 2603 conlucent..
324 2544 371 2603 VI,
386 2542 444 2603 284.

110 2614 268 2680 mentina
286 2618 398 2681 (Respa).
419 2616 509 2665 Novae
526 2616 551 2664 in
575 2616 639 2679 Rep.

142 2691 248 2752 Argent.
269 2690 399 2739 dioeceses
428 2688 566 2755 eriguntur,
591 2689 638 2749 Vl,

143 2762 263 2826 257-263.

110 2844 289 2896 Aristoteles.
322 2846 387 2893 Eum
407 2843 503 2909 optime
523 2844 635 2894 omnium
664 2890 666 2895 .

142 2918 169 2969 S.
180 2918 293 2968 Thomas
311 2918 497 2981 interpretatur,
517 2918 549 2978 V,
566 2928 621 2981 137.

108 2989 251 3042 Armenia.
274 2992 358 3043 Alloc.
381 2990 413 3040 de
425 2992 562 3041 Armeniae
574 2993 639 3041 cala·

141 3062 342 3126 mitatibus,VI,
360 3063 415 3115 108.
486 3076 488 3080 ’

108 3136 171 3188 Ars.
196 3139 266 3189 Artis
283 3138 435 3188 christianae
457 3137 592 3203 principia,
605 3143 637 3197 V,

141 3224 200 3273 241,
214 3224 271 3275 270.
297 3238 329 3249 -
353 3212 442 3261 Hodie
459 3228 536 3276 saepe
554 3212 587 3261 ad
604 3211 639 3260 vi·

142 3286 234 3335 11011111
246 3302 325 3350 genas
337 3286 435 3345 defluit,
450 3298 506 3347 241.
530 3313 559 3322 -
572 3285 639 3335 Reli-

140 3361 185 3423 gio
196 3360 227 3409 de
239 3368 292 3408 arte
304 3360 368 3407 bene
380 3368 418 3410 est
429 3357 636 3419 meritn,Vl.266.

108 3430 284 3483 Amemmos
306 3433 467 3493 (hieronita).
493 3432 535 3483 Ob
559 3434 637 3482 scien-

142 3505 203 3559 tiam
216 3506 339 3565 laudatur,
353 3505 386 3566 V,
401 3518 440 3569 23.

107 3576 278 3629 Atheismus.
295 3578 391 3627 Nititur
403 3579 493 3628 frustra
504 3580 561 3628 Deo
580 3580 638 3628 sub·

141 3652 245 3701 stituere
257 3651 356 3700 ciuilem
370 3662 530 3715 potestatem,
548 3652 579 3713 V,
594 3652 634 3712 48.

1151 389 1217 473 361
1261 339 1265 347 -

726 556 794 619 giam
813 568 879 609 mter
900 570 925 609 et
942 562 1083 621 scientiam,
1110 571 1166 620 219.
1191 585 1224 595 -

727 630 825 683 Asserit
849 634 971 697 Spiritum
992 637 1019 686 8.
1043 642 1172 684 auctorem
1193 632 1219 681 S.

727 702 832 769 Script.,
844 718 900 756 222.
915 736 947 744 -
958 708 1019 771 Ejus
1027 708 1060 757 ad
1072 706 1099 757 8.
1112 706 1220 756 Hieron.

726 778 804 826 verba
831 781 966 831 merentis
1001 782 1099 831 nullum
1137 778 1164 827 in
1192 778 1219 829 S.

704 898 707 904 ,
726 848 819 915 Script.
840 853 950 903 inveniri
968 870 1087 914 errorem,
1112 852 1173 903 ibid.
1190 878 1223 889 -

727 922 803 974 Plura
813 942 840 976 se
852 927 945 978 latetur
955 928 1051 978 nescire
1072 943 1149 992 quam
1160 926 1224 976 scire

726 995 759 1045 de
771 996 876 1063 Script.,
890 1013 946 1062 224.
961 1029 994 1039 -
1006 1000 1127 1051 Ecclesiae
1145 999 1224 1063 magi·

725 1069 831 1121 sterium
854 1074 976 1132 vindicat,
995 1075 1042 1133 Vl,
1063 1083 1224 1135 171·172.-

727 1142 810 1194 Docet
832 1146 934 1197 Christo
956 1147 1032 1196 simul
1054 1156 1080 1197 et
1093 1146 1222 1197 Ecclesiae

727 1217 915 1279 adhaerendum,
940 1220 1006 1279 1883
1023 1220 1159 1284 -illique
1176 1217 1225 1270 soli

728 1290 811 1341 Deum
836 1293 935 1342 Patrem
956 1309 1010 1343 esse
1039 1293 1080 1343 cui
1109 1292 1224 1343 Ecclesia

729 1364 812 1413 Mater
830 1367 873 1425 sit,
900 1366 954 1429 189.
979 1394 1013 1403 -
1031 1367 1141 1417 Cautum
1159 1366 1222 1416 eccl.

727 1438 823 1497 laudat,
837 1440 894 1489 282.

691 1504 870 1573 Augustinus
891 1513 929 1573 (S.
941 1512 1061 1563 Cantuar.
1074 1512 1144 1576 Ep).
1160 1512 1222 1574 Ejus

726 1584 794 1645 apud
814 1586 913 1650 Anglos
925 1586 1032 1645 labores,
1054 1586 1100 1645 Vl,
1114 1596 1155 1648 37.
1179 1586 1220 1636 Cf.

730 1656 801 1720 Greg.
817 1660 857 1709 M.

691 1725 909 1783 Aurelianensis.
922 1734 1003 1797 Epist.
1017 1732 1050 1781 ad
1061 1732 1182 1797 Episc.-
1191 1735 1223 1784 de

726 1805 800 1853 rebus
812 1806 921 1866 Galliae,
937 1808 968 1867 V,
985 1821 1039 1870 117.

692 1874 815 1929 Austris.
831 1880 977 1931 DeScholis
985 1882 1094 1946 publicis
1105 1882 1131 1930 in
1139 1909 1180 1941 -‚
1186 1882 1221 1941 V,

727 1951 783 2012 267.

693 2096 917 2151 Balthnorensis.
929 2102 973 2152 Cc.
986 2103 1028 2151 Ill
1041 2102 1111 2151 —de
1121 2100 1221 2152 Scholia

724 2173 820 2237 optime
833 2174 958 2235 meritum,
981 2177 1013 2236 V,
1027 2187 1067 2239 73.
1081 2203 1114 2213 -
1131 2174 1222 2225 Concl-

723 2246 815 2297 liorum
835 2248 936 2297 Baltim.
961 2250 1070 2300 decreta
1080 2249 1153 2299 firma
1169 2264 1221 2298 rna·

724 2330 795 2380 nent,
806 2332 846 2382 74.
860 2333 902 2385 79,
918 2324 1042 2386 1501603
1066 2350 1097 2360 -
1125 2331 1151 2373 et
1168 2323 1220 2372 lau·

720 2394 905 2454 dantur,1603
929 2396 975 2456 VI,
993 2396 1076 2459 17-18,
1090 2408 1131 2445 21.

685 2465 830 2519 ,Batonius
841 2470 952 2530 (Gardt.
968 2470 1105 2528 Laudatur,
1113 2469 1161 2529 Vl,
1174 2469 1215 2519 60.

692 2538 859 2592 Basilianis.
879 2543 951 2592 Ordo
963 2572 995 2581 -
1007 2544 1183 2594 instaurandus
1194 2542 1220 2593 in

724 2614 839 2665 Ecclesia
853 2617 980 2678 Ruthena,
994 2620 1026 2679 V,
1040 2629 1097 2681 252.

692 2684 814 2739 Basilius
842 2690 903 2751 (8.).
930 2691 954 2739 Α
983 2691 1077 2741 Rufino
1101 2692 1218 2742 laudatur

724 2764 749 2812 S.
762 2763 855 2828 Script.
877 2782 907 2813 ex
927 2765 1063 2815 traditione
1083 2764 1216 2830 interpres,

723 2835 769 2894 Vl,
787 2847 841 2897 170.

692 2906 788 2959 Bausta
821 2909 908 2969 (Card.
931 2911 1065 2975 Augustin.
1096 2912 1217 2976 Archiep.

723 2981 857 3043 Florent.).
895 2984 1052 3034 Memoratur
1074 2986 1155 3051 Epist.
1187 2984 1219 3033 ad

722 3055 805 3118 ipsum
816 3056 849 3105 de
867 3057 893 3107 S.
906 3056 1020 3106 Familiae
1034 3057 1221 3107 consociatione

722 3128 886 3189 Bononiensi,
907 3129 940 3189 V,
954 3129 995 3191 84.
1008 3158 1041 3167 -
1059 3130 1149 3193 Arguit
1161 3144 1219 3193 pro·

722 3201 792 3251 fanos
805 3201 1002 3265 praedicatores,
1017 3203 1063 3263 Vl,
1075 3213 1133 3267 295.

690 3272 827 3338 Belgium.
852 3276 932 3341 Epist.
947 3277 979 3327 de
996 3292 1071 3327 causa
1089 3275 1178 3327 sociali
1189 3276 1215 3325 in

723 3346 821 3412 Belgio,
835 3349 882 3408 Vl,
896 3360 935 3411 77.
948 3378 979 3387 -
991 3351 1096 3415 Optime
1105 3351 1137 3399 de
1147 3349 1218 3399 scho-

721 3421 751 3471 lis
762 3422 895 3475 catholicis
907 3424 1033 3484 meritum,
1047 3424 1132 3486 7778.

690 3493 804 3546 Bellum.
835 3498 981 3561 Apparatus
1009 3497 1069 3547 belli
1096 3495 1214 3562 gentibus

720 3570 803 3633 gravis
814 3579 861 3631 est,
875 3571 908 3631 V,
922 3570 978 3621 282.
993 3572 1136 3620 -Bellum
1148 3564 1219 3621 cohi·

720 3645 763 3693 bet
792 3642 886 3694 Christi
912 3644 1023 3709 Religio,
1066 3644 1126 3694 ibid.
1173 3642 1216 3693 Cl.

108 3722 341 3789 Angustintauus.
393 3725 636 3789 Augustinianorum
721 3717 859 3767 Militaris.

139 3797 402 3856 laboresinOriente,
427 3798 475 3857 Vl,
501 3798 585 3861 7576.
606 3826 637 3835 -
688 3786 1216 3855 Benedictusls.l.EjusOrdolaudatur,

140 3870 236 3921 Curant
248 3870 296 3935 ipsi
314 3871 531 3936 peregrinationes
548 3872 575 3920 in
588 3872 634 3920 Pa·

139 3944 267 4003 latinam,
285 3944 338 4007 136.

106 4012 282 4079 Augustinus
292 4018 329 4075 (S.
342 4017 438 4077 Docti.
453 4016 513 4079 Ejus
521 4016 635 4066 doctrina

136 4090 168 4139 de
198 4089 322 4154 obsequio
352 4089 508 4154 principibus
538 4089 634 4147 debito,

139 4162 171 4221 V,
184 4174 224 4225 47.
239 4190 271 4200 -
286 4164 325 4212 De
335 4178 361 4211 re
372 4162 553 4227 scripturistica
570 4164 634 4227 opti·

720 3864 752 3923 V,
780 3875 835 3924 170.
859 3893 893 3901 —
914 3866 955 3914 De
983 3863 1124 3928 disciplinis
1146 3863 1218 3913 Ordo

718 3938 784 3987 bene
796 3938 908 3999 meritus,
918 3940 966 4000 Vl,
980 3952 1036 3999 224.
1047 3965 1080 3975 -
1091 3938 1131 3986 De
1140 3936 1215 3988 Ordi-

719 4010 757 4060 nis
769 4010 797 4061 S.
809 4011 837 4059 B.
852 4013 948 4061 unitate
967 4020 1077 4061 tractant
1089 4011 1212 4069 Abbates‚

717 4092 747 4145 V,
762 4098 912 4148 170171.-
920 4087 960 4135 De
975 4085 1084 4135 Primate
1096 4084 1209 4145 Ordinis,

720 4172 835 4223 171=173.

140 4252 179 4285 me
191 4238 305 4296 meritus,
318 4238 493 4300 zon-Ejus
505 4236 591 4301 regula
602 4237 634 4286 de
684 4232 857 4285 Benedictus
868 4232 962 4296 (xlv).
988 4234 1146 4283 Memoratur
1157 4231 1217 4295 ejus

140 4310 169 4361 S.
181 4310 273 4375 Script.
285 4310 483 4375 interpretanda,
493 4322 541 4371 214
553 4326 559 4367 7
570 4318 635 4359 -et

138 4384 170 4435 de
182 4387 359 4450 componenda
370 4384 526 4435 dissensione
538 4382 634 4433 theolo-

716 4307 917 4370 Constitutione
933 4306 1058 4357 servando
1069 4303 1118 4355 ritu
1131 4304 1211 4355 Grae·

717 4396 805 4431 corum
824 4379 1012 4442 Melchitarum,
1041 4380 1075 4440 V,
1096 4378 1213 4444 305·306.
