3117 4859
345 350 415 417 104
475 348 655 401 mussona
685 337 707 364 ‘¹
725 348 880 413 Quaero
897 348 1078 401 areunae
1096 348 1277 401 sancum.
1298 324 1315 349 '⁹

214 512 312 562 cuum-
338 501 495 581 perrexit,
510 500 659 585 itemque
669 503 787 583 pergit,
803 502 844 567 ad
856 502 1010 567 ultimam
1024 502 1245 585 Patagoniam
1261 499 1452 565 novissimo

160 578 314 705 &52³pr
337 610 488 683 tempore
503 620 686 683 progressa.
698 638 743 651 -·-
757 600 943 667 Columbus
958 612 1072 666 tamen
1096 611 1206 666 certus
1232 616 1448 683 praecurrere

171 708 229 767 nir,
253 710 310 786 vigs
336 719 375 765 ac
400 703 529 765 munire
555 701 626 764 vias
653 700 850 783 Evangelio,
866 702 1067 785 penitusque
1093 701 1157 765 hac
1181 701 1215 765 in
1237 698 1450 784 cogitatione

159 774 306 888 Emlff
335 801 476 879 defixus,
491 820 627 866 ornnem
643 819 780 883 operam
806 820 901 865 suam
929 802 973 865 ad
990 802 1024 866 id
1041 802 1164 879 retulit,
1190 800 1271 864 nihil
1301 800 1367 863 lere
1380 816 1449 879 ag·

158 920 211 954 ms.
334 920 468 984 gressus
480 901 542 964 nisi
558 900 718 985 religione
733 899 827 977 duce,
844 902 971 983 pietate
986 902 1120 967 comite.
1137 900 1207 965 Res
1234 915 1448 965 commemo-

304 1071 310 1083 ,
335 1021 446 1066 ramus
461 1002 563 1084 vulgo
585 1009 786 1083 compertas,
803 1001 863 1065 sed
887 1000 930 1065 ad
959 1011 1106 1067 mentem
1133 1002 1354 1084 animumque
1378 996 1446 1061 viri

153 1142 201 1198 ,m
219 1071 307 1184 {222}
333 1100 572 1167 declarandum
597 1100 754 1183 insignes.
769 1098 905 1165 Scilicet
936 1108 1110 1166 coactusa
1135 1101 1352 1177 Lusitaniae
1374 1096 1443 1162 Ge·

178 1143 264 1263 ssim
275 1210 307 1249 ‘³-
334 1200 525 1275 nuensibus,
536 1196 659 1264 inlecti
668 1220 713 1275 re,
724 1199 825 1277 abire,
836 1220 912 1263 cum
924 1202 957 1265 iu
971 1202 1174 1283 Hispaniam
1188 1223 1224 1265 se
1236 1198 1447 1273 contulisset,

155 1272 308 1380 ,ὤῖζῖςῖ
333 1304 419 1365 intra
436 1299 580 1384 parietes
595 1299 770 1381 religiosae
784 1299 906 1363 domus
923 1301 967 1364 ad
981 1302 1211 1367 maturitatem
1224 1304 1283 1366 alit
1301 1299 1444 1364 medita-

171 1396 254 1512 ³⁹⁸5,
262 1396 306 1510 ,dp
334 1411 388 1465 tae
417 1397 673 1481 conquisitionis
701 1399 829 1481 grande
856 1398 1044 1478 consilium,
1069 1403 1204 1466 conscio
1235 1422 1274 1465 ac
1306 1416 1443 1464 suasore

149 1477 307 1589 germina
333 1500 490 1583 religioso
504 1500 584 1577 viro,
608 1498 775 1562 Francisci
793 1498 994 1565 Assisiensis
1019 1502 1167 1567 alumno.
1184 1502 1225 1565 In
1255 1498 1442 1571 Oceanum.

154 1593 250 1706 ms
257 1607 306 1706 τε·
333 1601 534 1664 circumacto
549 1598 734 1681 septennio,
748 1598 895 1681 denique
910 1618 1117 1681 egressurus,
1132 1620 1220 1685 quae
1237 1602 1281 1666 ad
1299 1600 1442 1681 expian-

178 1724 263 1787 etejus
275 1694 305 1771 u}
332 1705 413 1767 dum
430 1704 578 1767 animum
596 1702 772 1784 pertinent,
788 1710 883 1765 curat
899 1703 932 1767 in
949 1705 1123 1786 procinctu
1139 1728 1146 1769 :
1162 1704 1246 1768 caeli
1267 1704 1437 1787 Reginam

153 1789 305 1902 rotz-uiaret
332 1812 487 1886 precatur
499 1809 536 1867 ut
548 1802 676 1883 coeptis
691 1800 781 1865 adsit
797 1820 997 1886 cursumque
1012 1803 1137 1887 dirigat
1154 1828 1162 1867 ε
1179 1824 1240 1869 nec
1258 1804 1350 1887 prius
1366 1800 1441 1867 vela

150 1868 304 1984 prffl'
331 1903 425 1982 solvi,
438 1922 541 1987 quam
557 1901 736 1983 implorato
751 1903 889 1965 numine
905 1900 1082 1969 Trinitatis
1097 1914 1272 1989 augustae,
1286 1906 1442 1987 imperat

332 2004 418 2068 Mox
434 2004 468 2067 iu
484 2003 590 2067 altum
601 2011 788 2085 provectus,
801 2002 970 2066 saeviente
982 2007 1077 2081 mari,
1090 2004 1295 2071 vociferante
1306 2002 1443 2084 remige,

216 2122 219 2125 ⁴
330 2099 545 2184 tranquillam
574 2097 694 2162 mentis
710 2098 936 2164 constantiam
954 2108 1076 2179 tuetur,
1091 2098 1194 2167 fretus
1212 2100 1297 2166 Deo.
1315 2101 1441 2181 Propo·

330 2202 431 2266 situm
447 2198 592 2263 hominis
611 2199 684 2281 ipsa
699 2197 882 2280 loquuntur
898 2198 1056 2281 imposita
1084 2200 1201 2289 insulis
1233 2200 1328 2265 novis
1355 2217 1445 2262 nova

331 2301 487 2364 nomina:
502 2318 587 2381 quas
602 2297 737 2379 quidem
765 2298 822 2362 ubi
839 2299 988 2381 singulas
1004 2300 1127 2385 attigit,
1143 2301 1256 2365 Deum
1288 2298 1443 2381 omnipo·

331 2406 460 2463 tentem
475 2394 621 2479 supplex
636 2396 763 2471 adorat,
776 2416 885 2478 neque
902 2400 1148 2481 possessionem
1166 2420 1280 2466 earum
1293 2401 1364 2476 init,
1377 2397 1442 2462 nisi

332 2504 367 2568 in
382 2502 511 2567 nornine
534 2502 608 2565 Iesu
631 2499 763 2567 Clm'str'.
788 2500 1066 2588 Quibuscumque
1097 2505 1259 2589 appulsus
1276 2506 1352 2582 oris,
1368 2522 1441 2567 non

331 2609 434 2673 habet
461 2609 639 2691 quicquam
666 2608 846 2690 antiquius,
862 2628 964 2692 quam
995 2620 1031 2675 ut
1060 2611 1176 2677 Crucis
1207 2618 1443 2675 sacrosanctae

332 2707 546 2773 simulacrum
582 2704 707 2790 defigat
735 2708 768 2772 in
800 2708 923 2774 litore:
950 2709 1172 2796 divinumque
1201 2708 1443 2791 Redemptoris

334 2830 466 2887 nomeu,
481 2810 571 2891 quod
587 2811 687 2875 toties
703 2820 821 2893 aperto
836 2814 908 2877 salo
932 2812 1097 2878 cecinerat
1112 2814 1155 2877 ad
1175 2814 1322 2878 sonitum
1352 2829 1443 2874 mur-

335 2912 538 2975 murantium
555 2910 727 2987 fluctuum,
743 2914 775 2975 in
793 2932 897 2977 novas
913 2913 1038 2978 insulas
1062 2915 1191 2997 primus
1208 2912 1325 2978 insert:
1351 2932 1444 2977 eam·

335 3029 400 3092 que
415 3009 461 3076 ob
474 3030 627 3075 caussam
637 3012 680 3074 ad
699 3011 937 3093 Hispaniolam
950 3012 1151 3079 aedificandi
1169 3015 1304 3079 initium
1314 3034 1335 3079 a
1345 3011 1444 3077 moli·

335 3113 426 3179 tione
441 3113 559 3195 templi
583 3111 671 3192 lacit,
687 3115 933 3199 popularesque
955 3117 1167 3182 celebritates
1184 3137 1204 3182 a
1222 3113 1446 3183 sanctissimis

335 3215 545 3280 caerimoniis
566 3215 749 3281 exorditur.

231 3362 311 3410 tuum
381 3319 434 3384 En
451 3319 553 3401 igitur
567 3339 635 3401 quo
650 3322 825 3401 spectavit,
840 3324 921 3405 quid
947 3325 1016 3406 egit
1033 3324 1219 3390 Columbus
1236 3326 1267 3388 in
1298 3324 1442 3409 regioni.

159 3427 310 3504 landariue-
337 3420 399 3484 bus
420 3429 516 3483 tanto
538 3420 639 3484 maris
655 3429 829 3503 terraeque
845 3433 952 3487 tractu
970 3425 1179 3508 indagandis,
1196 3426 1375 3491 inaccessis
1398 3426 1441 3489 ad

186 3487 311 3607 ‘2⁰22
337 3542 412 3587 eam
434 3523 524 3587 diem
540 3531 642 3605 atque
657 3524 800 3603 incultis,
816 3547 957 3608 quarum
983 3539 1096 3595 tamen
1113 3532 1305 3595 humanitas
1322 3542 1357 3599 ct
1383 3550 1443 3596 no-

196 3622 311 3688 reusam
339 3641 414 3686 men
430 3632 465 3686 et
480 3642 560 3705 opes
576 3623 673 3687 celeri
689 3644 786 3687 cursu
804 3626 837 3688 in
847 3635 979 3692 tantam
996 3629 1265 3711 amplitudinem,
1278 3642 1439 3715 quantam

159 3704 312 3804 ⁹⁸2,ss
338 3722 498 3797 videmus,
515 3732 632 3803 postea
646 3742 787 3789 crevere.
804 3724 883 3808 Qua
898 3738 970 3791 tota
986 3728 1019 3793 in
1036 3748 1071 3792 re
1088 3731 1288 3811 magnitudo
1304 3730 1393 3807 lacti,
1409 3741 1441 3794 et

160 3820 314 3935 'lpum
339 3827 389 3890 vis
413 3826 623 3908 varietasque
653 3825 900 3907 beneficiorum,
930 3851 1016 3914 quae
1043 3832 1122 3897 inde
1145 3846 1325 3899 consecuta
1352 3846 1441 3912 sunt,

160 3949 313 3999 ludessunt
339 3935 434 4008 grata
457 3925 594 4008 quidem
622 3929 853 3993 recordatione
883 3942 985 4013 atque
1008 3933 1101 3995 omni
1117 3934 1253 3998 honoris
1276 3934 1440 4019 significa-

193 4014 311 4142 mx
338 4028 430 4091 tione
459 4025 617 4091 celebrari
648 4029 819 4094 hominem
850 4034 985 4098 iubent:
1017 4037 1076 4101 sed
1107 4038 1252 4119 primum
1289 4041 1437 4103 omnium

194 4146 237 4220 cpi
252 4147 314 4194 nova·
339 4148 520 4213 agnoscere
549 4149 589 4194 ac
613 4136 761 4198 venerari
786 4136 946 4217 singulari
972 4140 1100 4205 ratione
1127 4151 1260 4223 oportet
1287 4155 1439 4207 aeternae

161 4218 314 4327 „m
340 4234 461 4298 mentis
492 4254 614 4298 numen
642 4244 743 4318 atque
765 4240 953 4315 consilium,
979 4242 1032 4305 cui
1064 4244 1171 4306 sciens
1198 4246 1309 4325 paruit
1337 4256 1438 4327 atque

162 4339 305 4392 amnuit.
339 4328 509 4394 inservivit
524 4332 601 4394 novi
621 4330 776 4396 inventor
795 4332 896 4399 orbis.
