3117 4859
393 339 462 406 166
491 355 607 406 arist.
626 356 783 406 sueves.
808 344 827 371 ‘⁴
841 356 892 405 ab
913 356 1118 405 extremas
1135 354 1321 405 oxmurts
1338 352 1438 404 osas.
1454 328 1467 354 ''

386 517 491 592 atque
506 526 629 589 augere
644 506 695 571 ias
718 517 817 584 esset,
833 506 995 571 nonnulla
1019 506 1106 572 felici
1130 508 1225 572 exitu
1253 508 1484 585 constituimus,

388 606 611 672 incolumitati
622 606 780 671 catholici
796 606 942 670 nominis
959 607 1143 688 profutura.
1165 608 1315 671 Primum
1344 628 1422 671 sane
1447 608 1484 670 de

390 716 571 789 patronatu
588 706 772 771 Lusitanae
786 706 897 789 gentis
913 708 946 769 in
965 706 1073 771 Indiis
1091 708 1323 773 Orientalibus
1338 708 1485 791 regando,

390 826 465 871 cum
491 806 687 871 fidelissimo
704 806 932 890 Portugalliae
962 815 996 871 et
1026 806 1267 891 Algarbiorum
1299 828 1387 891 rege,
1415 808 1485 872 data

343 917 346 925 '
388 912 595 993 acceptique
611 908 687 988 fide,
703 912 765 974 rite
777 911 868 993 pacti
885 929 1010 973 sumus.
1032 908 1151 989 quue
1168 907 1258 971 sacto
1273 908 1413 971 dissidia
1436 906 1484 969 itta

389 1012 543 1098 proiecto
555 1034 622 1078 non
640 1013 736 1091 levia,
747 1033 835 1097 quae
846 1022 914 1075 tam
927 1012 984 1077 diu
995 1012 1253 1076 christianorum
1268 1012 1484 1076 distraxerant

256 1150 312 1192 m,
323 1158 361 1191 „.
388 1112 530 1191 animos,
544 1113 687 1178 sublatis
709 1114 967 1177 contentionum
988 1111 1125 1187 caussis,
1140 1110 1306 1195 quievere.
1323 1110 1483 1173 Maturum

246 1209 362 1257 “W'‘
388 1222 560 1296 praeterea
576 1233 616 1277 ac
632 1214 766 1277 salubre
777 1212 1010 1289 iudicavimus,
1021 1232 1067 1276 ex
1077 1210 1217 1293 singulis
1233 1210 1483 1275 christianorum

211 1271 361 1387 '5521‘qu
387 1312 695 1391 communitatibus,
706 1332 793 1396 quae
804 1312 948 1375 Vicariis
967 1309 1190 1375 Praefectisve
1215 1311 1408 1393 apostolicis
1433 1328 1484 1372 ao·

231 1406 364 1533 ’⁸22⁰ssss
387 1426 443 1479 tea
466 1426 655 1498 paruerant,
673 1418 853 1481 Dioeceses
869 1418 938 1481 veri
967 1417 1112 1480 nominis
1135 1415 1283 1492 conflari,
1299 1434 1385 1498 quae
1415 1432 1484 1476 suos

254 1536 361 1612 narar-
388 1520 550 1586 haberent
582 1521 780 1603 Episcopos,
806 1542 845 1585 ae
871 1523 941 1585 iure
972 1520 1144 1586 ordinario
1171 1520 1485 1583 administrarentur.

227 1600 361 1716 ‘22⁸5'AE
389 1622 580 1703 Propterea,
607 1640 667 1701 per
682 1620 830 1685 Litteras
854 1622 1058 1705 apostolicas
1086 1620 1266 1685 Humanae
1295 1619 1423 1697 salutis,
1437 1620 1485 1682 die

209 1747 274 1781 cam.
391 1737 404 1784 1
425 1719 634 1801 Septembris
651 1741 702 1783 an.
715 1734 983 1785 MDCCCLxxxvl
999 1722 1107 1798 datas,
1123 1740 1210 1785 nova
1226 1720 1339 1783 inillis
1353 1718 1485 1803 regioni·

387 1826 450 1891 bus
468 1824 665 1889 Hierarchia
681 1828 868 1891 constituta
880 1836 941 1902 est,
953 1846 1040 1909 quae
1062 1834 1141 1889 octo
1160 1824 1395 1889 ecclesiasticis
1418 1844 1485 1908 pro·

386 1927 504 1992 vinciis
530 1927 731 2004 continetur,
758 1927 887 1991 scilicet
918 1926 1046 2003 Goana,
1074 1926 1174 1990 titulo
1202 1926 1417 2009 patriarchali
1447 1926 1484 1989 ad

384 2030 548 2096 honorem
566 2039 676 2108 aucta,
692 2030 869 2112 Agraensi,
885 2030 1122 2112 Bombayensi‚
1147 2028 1400 2110 Verapolitana‚
1416 2029 1486 2094 Cal·

386 2132 541 2207 cuttensi,
559 2130 834 2212 Madraspatana,
853 2128 1126 2203 Pondicheriana,
1144 2126 1371 2193 Columbensi.
1389 2129 1484 2191 Deni-

387 2249 452 2313 que
469 2230 632 2313 quidquid
651 2230 718 2293 illic
734 2227 930 2311 frugiferum
944 2227 1043 2293 saluti
1061 2225 1140 2304 sore,
1150 2227 1314 2311 quidquid
1328 2230 1485 2311 expedire

386 2330 430 2392 ad
447 2330 654 2393 incrementa
683 2330 819 2411 pietatis
847 2338 881 2393 et
908 2327 985 2391 fidei
1019 2326 1256 2411 intelligamus,
1275 2324 1408 2390 efficere
1434 2348 1488 2412 per

387 2448 518 2491 sacrum
536 2428 721 2493 Consilium
740 2428 903 2492 Nostrum
920 2428 1104 2492 christiano
1121 2428 1249 2493 nomini
1273 2431 1487 2515 propagando

386 2536 581 2591 constanter
597 2530 781 2592 studemus.

245 2658 359 2705 Sum.
432 2627 500 2693 Sed
526 2639 640 2691 tamen
672 2649 725 2691 res
748 2639 801 2691 est
832 2647 898 2691 una
929 2626 1056 2709 reliqua
1085 2630 1175 2692 unde
1203 2629 1376 2693 Indiarum
1402 2628 1487 2693 salus

236 2722 359 2798 pmjam
388 2748 593 2810 magnopere
610 2729 734 2811 pendet
750 2752 758 2809 ;
774 2730 816 2791 ad
835 2748 936 2810 quam
953 2746 1023 2791 rem
1042 2748 1112 2807 vos,
1128 2728 1348 2794 Venerabiles
1365 2730 1487 2801 iratres,

244 2794 361 2901 ’,Ῐῖἶῖῗῖ
388 2836 422 2890 et
435 2838 602 2911 quotquot
615 2828 863 2892 humanitatem
877 2827 1025 2909 diligunt
1052 2847 1244 2910 nomenque
1260 2830 1486 2904 christianum,

168 2956 172 2965 ·
211 2916 361 3031 &22⁸⁶ss
386 2930 540 2995 volumus
558 2933 717 2996 maiorem
730 2932 763 2995 in
783 2933 920 2995 modum
938 2932 1121 2997 attendere.
1134 2930 1269 2997 Scilicet
1285 2932 1361 2997 fidei
1378 2934 1485 2998 catho-

209 3063 240 3096 α
263 3049 359 3125 {nespe-
387 3030 470 3093 licae
486 3031 575 3112 apud
595 3032 699 3095 Indos
715 3030 826 3096 intuta
843 3031 1056 3095 incolumitas
1073 3040 1124 3095 est
1139 3042 1173 3095 et
1190 3033 1486 3117 incertapropaga·

243 3129 360 3230 '2⁸:³³2
385 3133 434 3197 tio
459 3136 588 3197 tamdiu
614 3134 734 3211 sutura,
749 3136 861 3218 quoad
894 3135 1011 3200 Clerus
1042 3135 1286 3199 desiderabitur
1313 3136 1419 3202 lectus
1448 3157 1486 3199 ex

235 3195 358 3320 suennizp-
387 3231 551 3313 indegenis
560 3235 600 3297 ad
617 3254 754 3298 munera
783 3234 1003 3299 sacerdotalia
1021 3236 1125 3316 probe
1142 3237 1314 3314 institutis,
1338 3236 1397 3320 qui
1426 3254 1486 3299 non

229 3311 361 3426 5232.
385 3331 493 3396 solum
511 3334 706 3398 adiumento
722 3353 795 3397 esse
814 3334 1044 3397 sacerdotibus
1061 3337 1253 3418 peregrinis,
1274 3338 1333 3401 sed
1357 3338 1487 3420 ipsimet

208 3438 320 3514 Xavqrri
385 3429 419 3491 in
444 3431 636 3494 civitatibus
659 3433 727 3495 suis
762 3452 832 3495 rem
870 3432 1088 3499 christianam
1127 3436 1363 3500 administrare
1402 3446 1486 3501 recte

199 3504 358 3632 simm-
385 3539 520 3609 queant.
534 3531 707 3595 Proditum
724 3542 775 3594 est
793 3533 982 3609 memoriae,
998 3533 1085 3596 hanc
1102 3532 1210 3613 ipsam
1227 3532 1391 3598 insedisse
1416 3552 1484 3596 sen·

386 3630 525 3692 tentiam
540 3630 719 3695 Francisco
732 3632 890 3710 Xaverio,
900 3652 1001 3714 quem
1019 3652 1141 3715 negare
1157 3632 1252 3696 aiunt
1263 3632 1410 3710 solitum,
1421 3650 1484 3695 rem

384 3729 599 3797 christianam
615 3747 768 3800 constare
793 3737 825 3798 in
854 3736 951 3799 India
983 3756 1081 3817 posse
1109 3734 1255 3811 firmiter,
1271 3734 1333 3798 nisi
1358 3734 1486 3799 assidue

385 3829 655 3897 incumbentibus
681 3836 745 3917 piis
775 3837 986 3917 strenuisque
1007 3834 1237 3899 sacerdotibus
1267 3834 1364 3899 India
1393 3832 1484 3898 natis.

386 3926 504 4010 Eique
521 3930 575 3993 ille
591 3932 624 3995 in
642 3953 677 3996 re
704 3954 805 4016 quam
839 3945 935 3998 acute
962 3936 1092 4011 viderit,
1108 3934 1205 3998 facile
1231 3944 1383 4016 apparet.
1400 3934 1483 3997 Nam

267 4094 291 4141 V
326 4094 331 4105 ‚
385 4030 645 4111 apostolicorum
659 4034 805 4097 virorum
822 4052 969 4116 operam,
986 4035 1043 4116 qui
1056 4054 1101 4097 ex
1115 4033 1252 4116 Europa
1268 4033 1485 4105 advehuntur,

251 4110 358 4223 „m
378 4131 493 4195 multa
508 4135 740 4217 praepediunt,
755 4138 906 4203 maxime
925 4157 1003 4201 vero
1020 4130 1188 4201 vernaculi
1220 4137 1394 4201 inscientia
1423 4153 1485 4197 ser·

204 4240 361 4338 max
385 4235 505 4313 monis,
516 4237 609 4300 cuius
624 4238 819 4320 perdifficile
835 4251 886 4305 est
902 4241 1047 4323 arripere
1063 4242 1291 4323 cognitionem
1312 4262 1319 4320 ;
1341 4242 1484 4321 itemque

225 4354 357 4417 r‘ndurena-
386 4336 564 4404 insolentia
581 4341 809 4406 institutorum
827 4354 929 4428 atque
947 4364 1088 4424 morum,
1101 4346 1221 4428 quibus
1243 4365 1286 4408 ne
1302 4346 1402 4429 longo
1414 4340 1484 4425 qui-
