3117 4859
98 1195 475 1268 ¹s³ss⁵l³²ll⁵lllitii‘uiiciis
492 1199 700 1280 temporibus
724 1218 791 1260 non
808 1197 986 1261 defuerunt
1002 1200 1090 1278 apud
1116 1198 1211 1279 Apo·
1301 1219 1331 1251 22

98 1274 124 1422 ἒ
261 1272 462 1421 ἔειοΙίωῐῃ
481 1300 604 1366 Sedem
623 1302 869 1383 Episcoporum
885 1300 1041 1383 querelae
1056 1302 1098 1364 de
1119 1302 1210 1364 cleri·
1278 1265 1356 1380 lubi.

100 1429 125 1501 ,p
156 1310 234 1467 Α
262 1428 284 1494 p
309 1408 366 1482 cis,
396 1406 453 1487 qui
481 1425 575 1467 suam
592 1408 785 1470 deserentes
800 1408 991 1482 dioecesIm,
1013 1408 1055 1470 ad
1081 1407 1210 1472 Urbem
1268 1430 1392 1493 Licetper

215 1506 287 1581 seat
311 1510 395 1572 citra
415 1510 650 1572 necessitatem
667 1521 701 1573 et
716 1509 839 1573 iustam
856 1530 1009 1574 caussam
1026 1530 1086 1594 pro
1103 1510 1210 1574 lubitu
1238 1505 1389 1610 mm

103 1614 338 1694 demigrabant
354 1637 361 1675 ε
377 1622 411 1675 et
435 1613 467 1674 in
486 1612 627 1695 singulis
643 1614 787 1690 casibus,
808 1626 908 1694 prout
924 1613 1051 1677 ferebat
1069 1614 1212 1689 occasi0,
1238 1612 1392 1716 jssffffi‘t

104 1718 274 1799 provisum
292 1728 373 1781 tunc
392 1716 461 1780 luit.
478 1716 528 1780 At
544 1729 660 1781 nostra
674 1729 786 1797 aetate
802 1719 855 1782 hic
871 1719 995 1781 abusus
1012 1718 1213 1781 invalescere
1239 1744 1308 1774 suam
1319 1732 1381 1801 dese-

103 1832 139 1887 et
150 1842 191 1884 eo
203 1821 335 1903 gravior
345 1821 416 1884 fieri
432 1822 522 1884 visus
533 1832 583 1885 est
594 1842 663 1905 quo
676 1823 784 1904 magis
799 1823 833 1886 in
844 1822 994 1905 pluribus
1004 1823 1213 1886 dioecesibus
1239 1791 1392 1895 {affl-¹55.

103 1928 314 1989 sacerdotum
344 1926 542 1988 imminutus
566 1935 618 1989 est
646 1947 826 1990 numerus:
848 1936 881 1991 et
906 1927 1030 1991 idcirco
1050 1927 1093 1989 ab
1116 1926 1213 1992 Ordi-
1241 1909 1414 1990 ‘⁰Ell'‘⁰l‘'·.

106 2029 207 2091 nariis
228 2048 295 2092 non
319 2028 422 2091 semel
451 2028 696 2109 postulationes
723 2030 897 2093 exhibitae
924 2041 1011 2106 sunt,
1042 2043 1079 2095 ut
1105 2032 1213 2093 eidem

103 2134 357 2215 prospiceretur.
377 2132 533 2197 Proiecto
550 2144 621 2197 tum
646 2156 690 2198 ex
707 2136 809 2197 veteri
835 2133 1007 2198 Ecclesiae
1028 2134 1216 2215 disciplina,

106 2249 178 2303 tum
197 2238 392 2321 praesertim
409 2261 454 2303 ex
478 2239 797 2323 praescriptionibus
814 2240 848 2305 S.
865 2241 1008 2306 Concilii
1024 2240 1213 2305 Tridentini

103 2354 169 2424 cap.
179 2362 200 2405 2
211 2364 284 2408 sess.
296 2362 349 2422 21,
363 2354 395 2407 et
404 2355 470 2426 cap.
483 2341 526 2407 16
536 2364 611 2407 sess.
620 2362 672 2425 23,
683 2343 735 2407 De
745 2344 876 2423 reform
886 2364 925 2407 ac
934 2346 1216 2428 subsequentibus

108 2446 233 2512 Sacrae
259 2448 541 2531 congregationis
570 2447 840 2525 resolutionibus,
866 2448 972 2529 liquet
1002 2469 1069 2512 nori
1099 2450 1217 2512 deesse

109 2552 287 2636 Episcopis
313 2552 392 2614 iuris
413 2552 560 2615 remedia
576 2552 698 2634 quibus
721 2552 809 2616 hanc
832 2552 1026 2617 clericorum
1046 2553 1215 2617 licentiam

104 2670 293 2721 coerceant.
309 2655 365 2720 Ob
382 2676 515 2719 suarum
530 2658 620 2719 enim
637 2656 851 2720 ecclesiarum
866 2658 1098 2722 necessitatem
1116 2658 1215 2723 Ordi-

107 2761 207 2824 nariis
220 2760 394 2842 perspicue
412 2761 462 2823 ius
479 2771 530 2824 est
546 2761 775 2837 interdicendi,
792 2781 834 2823 ne
849 2762 1048 2839 sacerdotes
1063 2762 1218 2844 quamvis

104 2864 147 2929 ad
165 2863 358 2947 patrimonii
371 2864 505 2927 titulum
521 2865 847 2947 ordinatl,propriam
859 2866 1039 2928 dioecesim
1052 2866 1218 2941 deserant,

104 2988 230 3051 eosque
256 2970 445 3045 revocandi,
461 2969 614 3050 quamvis
639 2969 728 3045 alibi,
751 2980 785 3031 et
812 2969 898 3031 adeo
923 2970 1024 3032 etiam
1051 2970 1084 3031 in
1115 2970 1219 3047 Urbe,

106 3094 164 3155 per
196 3072 415 3155 Apostolicas
436 3070 564 3135 litteras
588 3072 802 3135 residentiale
829 3070 1026 3136 beneficium
1058 3093 1217 3154 assequu-

106 3186 171 3254 tos,
197 3176 224 3239 si
256 3178 338 3240 citra
367 3176 537 3240 Ordinarii
567 3173 819 3257 beneplacitum
851 3177 1074 3255 discesserint,
1104 3178 1218 3259 eisque

105 3281 305 3363 praebeatur
330 3282 421 3344 unde
449 3280 590 3343 honeste
616 3281 648 3341 lii
677 3300 737 3342 sua
764 3280 910 3343 dioecesi
941 3281 1052 3345 vivere
1079 3282 1217 3364 possint.

107 3386 184 3449 Hoc
209 3386 377 3449 constanti
403 3384 581 3465 disciplina
612 3384 748 3447 retinuit
776 3384 880 3449 Sacra
912 3383 1150 3467 Congregatio,
1169 3388 1218 3451 uti

106 3492 192 3552 inter
214 3490 279 3553 alia
299 3488 485 3553 luculenter
501 3499 594 3570 patet
610 3510 654 3552 ex
675 3488 879 3552 resolutione
895 3489 928 3552 in
945 3509 1063 3553 caussa
1073 3490 1217 3554 Reatina

105 3593 174 3657 diei
190 3606 283 3657 xxvi
301 3593 447 3657 Ianuarii
465 3606 724 3657 iioccciixxni.

149 3695 377 3780 Quapropter,
394 3698 574 3779 praedictis
591 3698 836 3779 Episcoporum
855 3697 1137 3780 postulationibus
1155 3700 1215 3766 Sa·

103 3823 181 3865 crae
203 3804 486 3886 congregationis
512 3803 635 3867 iudicio
658 3804 848 3885 nuperrime
871 3801 1040 3879 subiectis,
1057 3803 1216 3868 Eminen-

105 3906 225 3968 tissimi
251 3906 367 3970 Patres
396 3908 649 3988 responderunt,
677 3908 758 3971 satis
778 3907 949 3988 provisum
978 3927 1038 3989 per
1064 3912 1216 3990 superius

108 4022 313 4073 memoratas
324 4031 494 4075 sacrorum
511 4030 678 4075 canonum
695 4010 943 4092 dispositiones.

152 4111 382 4178 Nihilominus
408 4134 486 4179 curn
512 4114 624 4197 plures
657 4114 829 4196 Episcopi,
864 4116 1060 4197 praesertim
1091 4139 1109 4183 e
1141 4139 1216 4199 pro·
1281 4176 1396 4233 eanum

111 4218 214 4281 xlmis
237 4218 324 4283 Urbi
349 4220 553 4303 regionibus,
576 4221 678 4283 etiam
706 4220 739 4281 in
769 4238 873 4282 unum
901 4219 1043 4298 collecti,
1070 4226 1217 4303 postula·
1244 4237 1394 4293 tament-*ii-

124 4323 132 4337 .
182 4325 189 4339 .
322 4325 329 4340 .
492 4327 500 4341 .
559 4327 567 4341 .
628 4328 635 4341 .
691 4325 698 4340 .
845 4326 853 4340 .
1243 4303 1365 4353 scoparum

106 4324 255 4389 tionibus
286 4326 368 4389 alias
395 4325 518 4390 oblatis
558 4335 748 4403 institerint,
783 4336 817 4389 et
845 4346 994 4409 impense
1024 4347 1045 4391 a
1076 4328 1217 4396 Summo
1241 4355 1351 4413 precibus
