3117 4859
388 373 410 444 8
591 388 771 443 svrsrom
797 387 1010 441 suevcuca
1038 376 1059 407 “
1081 388 1246 442 ocronnr
1271 366 1289 393 '¹

251 556 360 607 Asstruo
383 546 605 625 diffitendum,
620 566 721 631 quam
734 546 827 629 gravi
842 548 978 612 tristitia
992 549 1161 629 optimum
1178 567 1349 631 quemque
1364 545 1473 611 afficiat

207 628 357 737 ‘amss‘m‘i‘jj
382 652 466 716 haec
480 650 614 716 assidua
625 650 809 715 dimicandi
820 650 1151 735 contentioMagnse
1162 652 1322 717 nimirum
1332 649 1475 716 tristitiae
1544 607 1546 720 l

207 754 300 831 mins
313 762 356 817 rr·
382 774 509 833 caussa,
519 765 587 820 tam
598 774 671 819 csse
681 752 815 832 multos,
825 774 911 839 quos
925 757 1110 839 pravitates
1119 775 1269 821 errorum
1280 765 1316 820 et
1327 756 1362 819 in
1374 754 1473 817 Deum
1544 755 1546 758 ’

205 836 297 934 10ssss
303 835 358 934 οἵ
381 858 549 940 protervia
563 855 664 940 longe
679 856 849 921 abducant
864 868 1034 941 agantque
1045 860 1261 942 praecipites,
1272 868 1343 924 tam
1354 856 1475 929 multos,
1544 839 1545 876 ³

312 950 353 1011 Μ’
379 962 437 1047 qui
453 964 496 1027 ad
526 961 711 1047 quamlibet
734 962 904 1045 religionis
934 962 1078 1029 formam
1111 985 1148 1029 se
1178 984 1286 1048 aeque
1316 963 1477 1035 habentes

379 1067 526 1132 divinam
537 1068 604 1133 iam
621 1068 688 1130 iam
703 1085 830 1131 exuere
844 1064 945 1133 tidem
961 1068 1139 1135 videantur
1154 1090 1162 1148 ;
1179 1089 1290 1153 neque
1303 1070 1350 1133 ita
1361 1082 1478 1150 paucos

379 1191 451 1236 esse
466 1146 620 1237 hn'mines
634 1170 826 1249 catholicos,
841 1172 899 1255 qui
922 1172 1118 1256 religionem
1142 1174 1394 1239 nominetenus
1410 1168 1480 1235 reti·
1545 1219 1547 1374 Ι

379 1284 490 1351 neant,
506 1294 573 1340 non
589 1274 828 1358 re‘debitisque
842 1276 956 1339 colant
973 1274 1104 1342 officiis.
1129 1276 1171 1342 Id
1187 1284 1362 1359 praeterea
1380 1273 1477 1339 multo

219 1456 224 1470 Ι
236 1399 351 1455 praesen·
377 1378 512 1460 gravius
538 1379 632 1461 angit
647 1388 681 1443 et
697 1389 800 1443 vexat
825 1378 986 1458 animum,
1009 1390 1177 1463 reputare,
1202 1392 1272 1447 tam
1297 1380 1475 1444 luctuosam
1545 1376 1547 1484 s

197 1464 352 1586 wa
378 1480 542 1545 malorum
561 1480 741 1563 perniciem
758 1482 837 1547 inde
860 1483 1074 1565 potissimum
1101 1492 1221 1561 ortam,
1237 1484 1329 1569 quod
1354 1483 1474 1547 intern-
1545 1493 1546 1576 g

199 1605 231 1637 ex
249 1604 275 1637 eo
290 1597 352 1701 th
378 1584 550 1667 peratione
564 1584 738 1649 civitatum
754 1586 806 1649 vel
822 1585 915 1650 nullo
930 1586 997 1651 iam
1007 1586 1084 1652 loco
1093 1586 1248 1651 Ecclesia
1257 1594 1418 1661 censetur,
1429 1581 1474 1647 vel
1545 1593 1546 1662 f

199 1663 352 1783 ,QZ-{¹
376 1688 613 1753 saluberrimae
631 1689 744 1754 virtuti
760 1690 831 1754 eius
847 1690 962 1756 dedita
989 1711 1093 1775 opera
1118 1702 1330 1773 repugnatur
1343 1711 1351 1769 ;
1366 1688 1472 1773 quain

214 1786 352 1901 2²22ssss
376 1812 411 1857 re
427 1800 567 1874 apparet
582 1810 706 1875 magna
722 1792 858 1877 quidem
875 1802 909 1857 et
926 1794 1013 1858 iusta
1029 1793 1174 1859 vindicis
1191 1793 1256 1857 Dei
1273 1792 1475 1857 animadver-

224 1915 296 1965 satir
309 1930 350 1965 cu-
376 1896 435 1973 sin,
451 1896 507 1979 qui
525 1895 717 1960 recedentes
733 1916 753 1959 a
768 1916 804 1959 se
820 1898 975 1961 nationes
991 1898 1179 1962 miserrima
1198 1898 1363 1963 mentium
1379 1892 1474 1959 caeci·

297 1988 347 2032 m·
375 2010 446 2067 tate
458 2002 547 2065 sinat
562 2000 751 2065 hebescere.
1546 2064 1548 2074 ,

231 2110 350 2185 aratrum
419 2102 634 2188 Quapropter
649 2124 701 2167 res
717 2105 790 2185 ipsa
806 2104 940 2182 clamat,
956 2104 1189 2169 vehementius
1210 2104 1337 2168 clamat
1352 2104 1386 2167 in
1402 2103 1476 2177 dies,
1546 2081 1548 2156 l

193 2181 349 2237 pmrrroran·
610 2206 617 2219 ·
806 2206 813 2219 ·
981 2209 989 2223 .
1160 2208 1168 2221 .

228 2240 290 2288 dum
301 2247 351 2303 Μ
375 2226 509 2269 necesse
525 2224 666 2269 ommno
689 2205 874 2271 catholicos
896 2207 1052 2272 homines
1079 2208 1233 2291 precibus
1260 2209 1305 2271 ad
1321 2206 1431 2270 Deum
1445 2211 1475 2267 et

199 2304 352 2419 afim
375 2312 662 2383 obsecrau'onibus
696 2314 744 2377 uti
774 2312 901 2378 alacres
933 2325 1193 2397 perseverantes,
1215 2315 1287 2379 sine
1317 2311 1476 2379 intcnnr'r·

198 2435 279 2485 salure
290 2450 350 2512 gen·
376 2415 463 2478 sione
474 2414 539 2495 (1):
560 2415 662 2499 idque
678 2435 743 2481 non
761 2416 852 2499 apud
875 2437 912 2481 sc
926 2420 1070 2503 quisque
1084 2429 1227 2497 tantum,
1242 2419 1302 2483 sed
1319 2437 1360 2484 eo
1376 2415 1476 2499 magis

273 2506 347 2549 rrum.
376 2522 508 2605 publice
523 2522 648 2587 saciant
663 2533 807 2605 oportet,
822 2526 925 2589 sacris
941 2526 1133 2607 insedibus
1156 2524 1366 2609 congregati,
1381 2524 1477 2588 enixe

376 2626 577 2709 flagitantes,
593 2635 629 2691 ut
646 2626 834 2693 Ecclesiam
861 2630 1175 2712 providentissimus
1192 2631 1287 2695 Deus
1308 2630 1350 2694 ab
1366 2630 1477 2710 impor-

376 2732 467 2795 tunis
480 2742 512 2796 et
526 2732 625 2797 malis
638 2732 872 2817 hominibur(²)
889 2733 1016 2813 liberet,
1027 2735 1290 2819 pertubatasque
1303 2745 1421 2817 gentes
1436 2730 1474 2794 ad

376 2834 556 2900 sanitatem
585 2845 618 2899 et
643 2846 791 2902 mentem
819 2839 893 2901 luce
917 2846 952 2901 et
974 2839 1114 2901 caritate
1131 2836 1256 2902 Christi
1275 2838 1473 2902 reducat-
1547 2919 1548 2922 Ἴ

204 2941 349 3019 ὒὺτνίνπιζι
379 2938 447 3003 Res
463 2938 633 3005 enimvero
648 2959 748 3022 supra
763 2942 939 3006 hominum
950 2939 1051 3005 fidem
1068 2940 1249 3005 mirabilis!
1266 2941 1370 3006 Viam
1386 2956 1474 3004 suam
1547 2927 1548 2936 ¹

200 3014 354 3124 „mx
377 3040 500 3115 laboris
515 3041 649 3122 plenam
667 3042 838 3107 saeculum
853 3044 991 3125 quidem
1009 3044 1143 3118 insistit,
1160 3044 1283 3109 fretum
1299 3045 1430 3128 opibus,
1440 3042 1476 3115 vi,

211 3140 309 3252 mli
329 3146 353 3230 t(
378 3146 488 3223 armiS,
514 3147 669 3229 ingenio:
697 3166 814 3212 securo
842 3146 993 3212 Ecclesia
1020 3148 1187 3231 plenoque
1217 3150 1334 3231 gradu·
1350 3156 1474 3213 aetates

217 3219 350 3330 rasschaehj
379 3249 533 3326 decurrit,
548 3248 674 3313 confisa
701 3250 798 3314 unice
822 3250 907 3329 Deo,
922 3253 964 3316 ad
990 3272 1090 3335 quem
1118 3253 1239 3317 diurna
1261 3265 1296 3317 et
1319 3260 1476 3317 nocturna

203 3335 353 3465 ὥῑξζῖζζ
379 3369 476 3431 prece
488 3351 602 3415 oculos
612 3362 645 3414 et
659 3372 778 3416 manus
788 3353 921 3418 attollit.
936 3354 1016 3438 Ipsa
1026 3356 1126 3430 enim,
1141 3374 1349 3439 quamquam
1362 3365 1478 3424 cetera,

200 3464 351 3542 intumas-
378 3473 610 3537 quaecumque
625 3474 670 3517 ex
687 3454 752 3519 Dei
779 3476 859 3520 cura
880 3465 1015 3541 tempus
1031 3456 1128 3522 affert
1142 3458 1292 3523 humana
1307 3457 1476 3542 praesidia,

199 3528 353 3593 doconfidm
379 3560 525 3641 prudens
541 3578 608 3633 non
625 3558 775 3641 negligit,
791 3563 904 3625 nonin
921 3562 961 3625 iis
976 3572 1090 3625 tamen
1102 3562 1161 3626 sed
1174 3563 1287 3646 potius
1297 3562 1332 3628 in
1344 3562 1478 3631 orando,

379 3663 633 3743 comprecando,
648 3661 923 3745 obsecrandoque
949 3664 1033 3741 Deo,
1060 3666 1274 3749 praecipuam
1305 3668 1357 3731 sui
1388 3678 1475 3747 spem

379 3770 518 3850 reponit.
541 3766 625 3829 lnde
650 3765 752 3829 habet
777 3785 844 3848 quo
871 3766 1008 3831 vitalem
1033 3769 1187 3851 spiritum
1203 3768 1272 3833 alat
1289 3781 1324 3834 et
1339 3768 1477 3839 roboret,

377 3871 455 3955 quia
469 3871 532 3934 sibi
549 3868 745 3933 assiduitate
771 3870 929 3951 precandi
945 3871 1112 3953 contingit
1130 3872 1281 3948 feliciter,
1297 3881 1346 3949 ut,
1360 3872 1405 3936 ab
1422 3868 1477 3932 hu·

376 3994 550 4041 manarum
567 3992 677 4036 rerum
693 3970 921 4036 vicissitudine
945 3972 1072 4037 intacta
1088 3984 1121 4038 et
1137 3976 1170 4037 in
1188 3984 1357 4057 perpetua
1374 3970 1474 4037 divini

376 4077 533 4143 Numinis
549 4074 794 4150 coniunctione,
809 4074 914 4139 vitam
931 4076 1039 4158 ipsam
1056 4075 1180 4141 Christi
1194 4076 1335 4141 Domini
1347 4073 1474 4140 hauriat

374 4202 413 4245 ac
428 4177 607 4263 tranquille
633 4176 832 4261 placideque
858 4179 1034 4256 traducat,
1061 4180 1128 4245 fere
1156 4180 1199 4245 ad
1222 4179 1348 4245 Christi
1376 4178 1473 4262 ipsius

374 4284 638 4358 similitudinem,
659 4282 716 4343 'cui
744 4281 951 4345 cruciatuum
987 4280 1112 4360 diritas,
1128 4303 1212 4367 quos
1241 4283 1275 4347 in
1302 4296 1475 4349 commune

381 4385 596 4395 ...ω-,-

405 4424 424 4456 1.
438 4410 455 4455 I
467 4410 543 4461 Thes..
557 4418 581 4460 v,
598 4422 632 4463 17.
645 4432 676 4441 —
690 4422 711 4453 a.
725 4408 754 4453 II
764 4408 837 4459 ibid..
851 4418 891 4460 111,
904 4422 926 4453 a.
