3117 4859
192 396 243 446 DE
262 394 481 445 DISCIPLINA
499 393 791 445 ECCLESIASTICA
811 394 854 443 IN
873 393 1089 445 HUNGARIA.
1146 395 1218 465 309

108 537 278 602 Ordinarii
297 558 415 601 omnes
432 537 526 619 regni
549 534 733 619 hungarici,
747 555 891 619 quorum
907 536 1120 618 vigilantiam
1142 538 1219 603 dili-

104 641 315 723 gentiamque
334 640 539 723 pastoralem
563 660 715 705 summus
738 639 828 703 idem
854 640 1012 704 Pontifex
1035 642 1069 705 in
1093 641 1219 704 recenti

108 745 153 808 ad
170 747 261 829 ipsos
277 744 421 827 epistola
437 744 608 827 encyclica
623 743 884 819 commendavit,
902 763 1028 808 novum
1044 745 1108 808 hoc
1124 746 1219 809 testi-

105 850 257 913 monium
286 848 522 913 sollicitudinis
547 848 763 931 caritatisque
786 849 859 911 eius
883 848 998 911 animo
1024 849 1218 930 gratissimo

106 953 281 1035 accipiant.

150 1058 177 1121 I.
194 1056 408 1138 Singularem
427 1056 589 1139 Episcopi
616 1075 728 1119 curam
758 1076 800 1120 eo
825 1055 1005 1120 intendant
1029 1065 1064 1120 ut
1082 1056 1217 1121 Clerum
1252 1076 1395 1145 neptem

105 1159 283 1223 efficaciter
311 1168 469 1224 revocent
505 1159 773 1243 opportunisque
798 1160 955 1223 remediis
986 1160 1149 1224 inducant
1173 1163 1216 1225 ad
1242 1140 1367 1239 „ssiss‘¹

104 1264 240 1345 plenam
258 1283 373 1327 earum
390 1282 499 1326 rerum
527 1264 787 1341 observantiam,
801 1282 886 1345 quas
912 1264 998 1326 sacri
1020 1284 1167 1328 canones
1183 1274 1217 1329 et
1240 1254 1384 1359 ww

105 1368 350 1430 ecclesiasticae
377 1367 467 1450 leges
493 1366 724 1448 praescribunt
759 1368 871 1450 quoad
907 1368 1010 1432 vitam
1042 1376 1075 1431 et
1107 1387 1217 1431 mores
1241 1373 1392 1420 mserum.

106 1471 309 1535 clericorum.

150 1575 195 1640 Il.
213 1574 383 1659 Quoniam
411 1594 491 1637 vero
517 1574 616 1637 huius
647 1574 738 1638 vitae
764 1593 964 1657 morumque
995 1573 1215 1640 fundamenta
1249 1591 1395 1661 ¹areunae

105 1680 138 1743 in
162 1681 370 1744 dioecesanis
395 1678 591 1744 Seminariis
618 1680 794 1756 iaciuntur,
810 1678 981 1744 Ordinarii
1008 1679 1137 1742 nullum
1165 1700 1216 1745 se·
1242 1656 1289 1754 {iii
1300 1652 1386 1756 122¹?

104 1783 256 1847 dulitatis
283 1785 421 1847 modum
449 1784 618 1859 omittant,
634 1804 702 1864 quo
727 1783 854 1846 alumni
883 1784 916 1845 in
933 1792 1058 1847 sortem
1076 1783 1215 1848 Domini
1241 1770 1376 1886 ἵξζζζζ

105 1888 216 1952 vocati
233 1888 361 1970 optime
378 1888 584 1950 instruantur
600 1897 782 1968 sancteque
806 1889 998 1952 educentur.
1015 1888 1214 1959 Persuasum
1241 1889 1366 1993 ‘furtu‘

106 1992 263 2070 habeant,
293 1991 375 2055 nihil
408 1991 441 2053 in
472 1990 763 2055 administratione
797 1992 981 2074 episcopali
1011 2012 1094 2066 esse,
1124 1992 1214 2075 quod
1240 1962 1379 2053 {allilia

104 2116 217 2159 curam
235 2115 330 2159 suam
347 2094 524 2158 sollicitam
543 2102 576 2159 et
600 2115 776 2176 operosam
805 2116 912 2177 aeque
939 2096 1097 2178 postulet,
1113 2115 1214 2178 quam

106 2200 342 2277 Seminarium,
358 2199 391 2263 in
408 2220 476 2281 quo
501 2208 607 2263 totam
625 2219 720 2281 spem
747 2199 866 2263 salutis
893 2210 927 2263 et
952 2199 1120 2281 proiectus
1145 2201 1215 2264 ani·

105 2322 245 2381 marum,
260 2304 305 2368 de
327 2302 449 2385 quibus
476 2322 610 2366 summo
636 2303 763 2384 pastori
793 2304 929 2369 Christo
953 2304 1118 2367 rationem
1142 2304 1214 2367 red·

104 2408 204 2473 dituri
221 2416 308 2483 sunt,
325 2408 470 2489 positam
488 2427 560 2470 esse
579 2416 723 2471 constat.
736 2408 856 2490 ltaque
866 2407 908 2470 ad
919 2406 1066 2472 officium
1078 2408 1215 2471 rectoris
1239 2432 1362 2477 Rectorem

105 2514 138 2575 in
156 2510 271 2594 primis
287 2509 395 2573 virum
412 2510 540 2591 eligant
564 2511 712 2584 doctum,
727 2511 939 2591 prudentem,
955 2509 1078 2576 Christi
1095 2510 1213 2592 spiritu
1239 2490 1378 2542 '‘mlm‘i

103 2615 252 2697 plenum,
268 2614 324 2696 qui
341 2624 415 2678 turn
431 2634 588 2680 sermone
603 2624 675 2677 tum
693 2635 795 2697 opere
821 2616 1052 2679 adolescentes
1076 2614 1215 2677 clericos

102 2718 206 2798 probe
216 2726 380 2799 recteque,
391 2715 476 2781 sicut
488 2728 636 2799 oportet,
646 2718 800 2783 instituat
811 2728 844 2783 et
860 2718 991 2801 dirigat.
1005 2718 1214 2782 Praefectum
1238 2737 1385 2807 mserum

102 2822 205 2883 etiam
236 2820 370 2901 pietatis
401 2822 613 2886 constituant
642 2824 853 2886 sacerdotem
886 2830 997 2885 aetate
1036 2831 1215 2886 maturum.
1237 2802 1346 2855 ΜΨ

102 2944 248 3006 gravem,
264 2924 474 3005 experientia
498 2935 532 2988 et
554 2946 615 2989 usu
633 2927 722 2990 vitae
746 2924 927 3007 spiritualis
955 2926 1128 3003 eximium,
1143 2924 1214 3007 glo·

102 3028 236 3109 tiaeque
265 3028 399 3091 divinae
431 3030 630 3106 studiosum,
659 3030 716 3111 qui
748 3048 815 3093 non
847 3028 955 3091 solum
988 3028 1215 3092 confessiones

101 3134 313 3195 alumnorum
328 3132 453 3208 audiat,
466 3134 524 3197 sed
534 3152 593 3195 'eos
604 3135 706 3197 etiam
718 3132 751 3195 in
763 3131 933 3196 exercitiis
945 3132 1034 3195 vitae
1044 3131 1215 3206 clericalis,

101 3234 264 3311 oratione,
278 3235 655 3318 meditationealiisque
671 3235 767 3317 quasi
785 3236 1019 3312 manuducere,
1035 3247 1069 3301 et
1084 3238 1126 3299 ad
1150 3236 1213 3298 vir·
1239 3256 1391 3327 aquama-

101 3349 191 3402 tutes
207 3338 430 3401 sacerdotales
447 3342 692 3423 comparandas
708 3338 925 3402 vehementer
941 3340 1078 3402 incitare
1093 3339 1213 3403 valeat.
1236 3318 1367 3435 mlx,

103 3442 223 3525 Neque
247 3442 331 3505 alios
359 3442 538 3524 magistros
566 3444 819 3526 disciplinarum
852 3444 886 3506 in
921 3443 1117 3508 Seminariis
1155 3443 1213 3506 ad·
1239 3437 1390 3542 ffl'ss‘gn‘

102 3545 249 3622 hibeant,
266 3547 327 3608 nisi
344 3546 400 3627 qui
428 3547 592 3625 alumnos,
608 3568 712 3629 quum
740 3546 849 3610 solida
876 3548 1028 3611 doctrina
1056 3548 1214 3625 imbuere,
1240 3556 1295 3628 reri
1309 3570 1352 3600 suo

103 3660 176 3715 tum
192 3650 281 3712 vitae
297 3649 395 3711 simul
412 3650 605 3732 integritate
620 3661 654 3714 et
670 3651 838 3732 probitate
855 3651 1014 3733 exemplo
1029 3671 1091 3713 suo
1114 3651 1213 3714 inior-
1239 3616 1342 3661 'dms‘

105 3773 197 3816 mare
212 3753 351 3833 possint.
367 3752 469 3817 Cordi
485 3755 586 3818 etiam
614 3756 657 3817 sit
682 3754 860 3835 episcopis,
883 3764 920 3817 ut
946 3755 1010 3836 ipsi
1037 3755 1215 3837 aliquoties
1240 3762 1378 3820 Aequores

105 3876 299 3939 perannum
312 3856 536 3922 Seminarium
547 3858 691 3934 visitent,
702 3858 735 3920 in
747 3878 854 3939 eoque
864 3859 1066 3921 visitationis
1079 3878 1215 3922 munere
1235 3830 1386 3952 illidii*

105 3972 178 4024 turn
195 3961 237 4023 de
254 3960 489 4042 magistrorum
506 3960 691 4045 diligentia,
706 3974 777 4027 tum
795 3964 837 4027 de
861 3982 1048 4045 progressu,
1063 3983 1164 4045 quern
1181 3963 1214 4024 in
1240 3940 1378 4045 &mg

106 4063 284 4144 disciplina
300 4074 334 4127 et
349 4065 468 4128 studiis
495 4066 604 4129 clerici
631 4066 776 4143 iecerint,
799 4077 955 4131 accurate
979 4068 1148 4149 inquirant
1165 4065 1216 4149 (1),
1241 4064 1298 4105 Μ’·
1443 4057 1445 4060 ’

107 4178 315 4249 paternaque
325 4188 401 4231 cum
412 4169 550 4233 caritate
561 4171 715 4235 alumnos
725 4170 983 4252 alloquanturet
993 4172 1216 4235 cohortentur.

109 4270 287 4335 Seminarii
306 4271 531 4335 moderatores
548 4294 684 4355 operam
702 4272 794 4346 dent,
810 4284 846 4335 ut
873 4274 1010 4349 alumni,
1027 4275 1077 4335 sin
1107 4274 1217 4336 minus
1244 4268 1397 4375 δίκῃ(

140 4412 159 4445 r.
173 4398 268 4445 Concil.
282 4413 348 4458 prov.
363 4400 462 4447 Mediol.
475 4403 521 4446 sub
530 4412 616 4448 sancto
627 4402 716 4448 Carolo
729 4402 804 4455 Borr.‚
818 4402 838 4455 1,
851 4403 885 4448 tit.
901 4402 933 4455 ll,
943 4403 1007 4448 decr.
1021 4416 1057 4461 25.
