3117 4859
395 344 464 411 160
585 362 770 412 EPISTOLA
792 352 810 375 ¹·
829 362 952 411 CLARA
972 362 1265 417 saepenumero
1288 344 1305 369 ''

387 523 530 579 testatus
556 524 608 577 est
632 516 764 591 diserte,
779 516 868 597 quod
886 515 1022 597 quidem
1048 528 1140 597 patet
1162 540 1206 580 ex
1232 520 1324 597 actis,
1341 521 1490 584 admirari

387 638 459 682 sese
481 618 648 697 pastorale
672 618 821 681 studium
840 618 1085 701 Episcoporum
1104 622 1282 686 Americae
1298 626 1490 705 septentrio·

387 722 472 784 nalis
488 732 624 804 propter
639 724 774 785 decreta
789 722 890 803 plena
902 724 1188 807 sapientiae,quae
1199 728 1232 790 in
1247 728 1345 790 tertia
1359 728 1491 810 Synodo

387 826 632 901 Baltimorensi,
648 827 690 888 ad
702 827 909 889 incrementa
921 846 1058 889 caussae
1074 830 1116 890 de
1132 828 1299 894 catholica
1315 830 1490 897 iuventutis

385 930 606 1006 institutione,
623 929 753 993 fuerant
770 930 994 1011 promulgata.
1008 930 1145 995 Adiecit
1162 954 1270 1015 porro,
1292 955 1332 997 ea
1356 937 1490 1009 decreta,

385 1043 483 1115 prout
498 1034 688 1118 generalem
706 1034 844 1097 tradunt
860 1033 982 1115 agendi
1000 1055 1164 1113 normam,
1179 1038 1322 1107 fideliter
1343 1062 1416 1105 esse
1431 1064 1491 1104 ser-

384 1140 518 1203 vanda:
543 1160 582 1202 ac
598 1139 676 1202 licet
690 1140 824 1219 publica
840 1141 1017 1220 gymnasia
1034 1143 1166 1222 penitus
1183 1143 1410 1225 improbanda
1425 1168 1485 1211 non

384 1245 460 1321 sint,
476 1254 618 1326 possunt
634 1245 722 1306 enim
739 1264 836 1307 casus
852 1244 1007 1321 incidere,
1023 1256 1058 1309 ut
1087 1246 1249 1329 Synodus
1271 1248 1346 1331 ipsa
1364 1271 1490 1334 perspe-

384 1357 492 1423 xerat,
507 1348 628 1430 quibus
644 1368 683 1411 ea
695 1348 793 1410 liceat
810 1348 985 1425 celebrare,
996 1351 1089 1412 omni
1104 1360 1219 1414 tamen
1236 1354 1368 1417 ratione
1385 1364 1418 1417 et
1433 1372 1491 1435 ope

384 1452 626 1517 connitendum
652 1471 725 1515 esse
752 1460 789 1515 ut
814 1452 950 1515 scholae
977 1452 1163 1517 catholicae
1187 1456 1406 1538 quamplures
1430 1458 1490 1520 sint

385 1578 526 1621 numero
541 1558 701 1639 omnique
718 1576 752 1619 re
766 1566 908 1621 ornatae
923 1578 963 1621 ac
981 1559 1154 1639 perfectae.

218 1697 359 1759 iterumque
428 1662 585 1727 Ceterum
602 1682 645 1725 ue
661 1682 727 1744 qua
743 1662 850 1725 subsit
865 1663 899 1725 in
916 1673 1086 1743 posterum
1112 1663 1306 1747 ambigendi
1332 1667 1420 1730 ratio
1441 1664 1487 1731 vel

233 1761 360 1874 sfrbffl:
383 1768 580 1850 opinionum
595 1767 760 1831 dissensio
777 1768 810 1831 iri
828 1778 923 1831 tanta
939 1769 985 1831 rei
1006 1770 1179 1849 gravitate,
1203 1772 1487 1853 quemadmodum

216 1894 357 1955 eaquaein
384 1876 450 1937 iam
476 1872 721 1936 declaravimus
748 1873 782 1935 in
810 1872 929 1935 litteris
947 1872 1088 1949 Nostris,
1104 1874 1158 1937 die
1175 1887 1272 1937 xxm
1295 1875 1381 1939 Maii
1405 1894 1487 1939 anno

257 1958 357 2019 synodis
383 1978 551 2058 superiore
565 1976 654 2040 datis
681 1977 723 2040 ad
751 1975 969 2039 Venerabiles
988 1976 1121 2040 Fratres
1138 1976 1441 2061 Archiepiscopum
1457 1987 1486 2040 et

232 2022 356 2072 &Mn

244 2090 358 2138 rensibus
385 2080 573 2161 Episcopus
603 2078 794 2160 provinciae
825 2078 1068 2143 ecclesiasticae
1101 2080 1426 2159 Neo-Eboracensis,
1447 2082 1487 2143 sic

259 2162 357 2203 mm

230 2219 353 2284 suemnr,
383 2183 503 2245 iterum
520 2181 739 2257 declaramus,
754 2191 918 2264 quatenus
942 2202 1026 2263 opus
1050 2184 1103 2259 sit,
1118 2192 1312 2247 constanter
1328 2183 1487 2249 servanda

204 2291 357 2349 “W’‘-
382 2307 455 2349 esse
470 2288 605 2350 decreta
619 2305 716 2369 quae,
731 2295 972 2366 praemonente
988 2284 1188 2367 Apostolica
1212 2286 1310 2365 Sede,
1330 2289 1365 2351 in
1385 2288 1485 2369 Syno-

205 2350 416 2413 qmwae,
527 2391 535 2404 .
674 2390 682 2403 .
973 2392 979 2405 .
1136 2392 1188 2405 ..

205 2432 257 2464 rea
264 2417 355 2465 Roma·
381 2394 433 2455 drs
446 2389 746 2453 Baltrmorcnsrbus
761 2409 861 2471 super
876 2390 997 2453 scholis
1012 2390 1253 2471 paroecialibus
1265 2401 1396 2458 statuta
1408 2398 1487 2465 sunt,

196 2481 357 2612 figam
382 2507 416 2558 et
431 2512 662 2577 quaecumque
676 2492 742 2555 alia
757 2514 777 2555 a
793 2494 939 2557 romanis
957 2493 1174 2558 Pontificibus
1190 2496 1260 2559 sive
1274 2493 1403 2561 directe
1425 2496 1486 2557 sive

216 2613 356 2675 praescup-
383 2594 862 2680 perSacrasCongregationes
875 2596 1079 2678 praescripta
1092 2607 1169 2660 sunt
1186 2598 1218 2661 in
1232 2599 1351 2661 eadem
1365 2615 1488 2661 caussa.

203 2684 239 2727 ra.
384 2703 440 2766 Ex
456 2722 525 2784 quo
539 2710 630 2764 cesta
646 2700 785 2763 nitimur
810 2720 880 2783 spe,
895 2720 998 2783 quam
1013 2709 1123 2765 vestra
1140 2722 1219 2784 erga
1241 2702 1272 2765 N
1275 2724 1314 2766 os
1336 2713 1373 2768 et
1395 2702 1485 2783 Apo·

264 2843 355 2907 gpm,
382 2811 535 2876 stolieam
563 2809 687 2875 Sedem
717 2808 829 2872 studia
857 2810 1007 2873 maxime
1034 2809 1157 2886 fovent,
1173 2809 1254 2873 nihil
1286 2810 1485 2891 obfuturum,

223 2909 354 2985 praeeras
380 2916 570 2998 quominus,
585 2913 717 2977 sublata
742 2912 860 2995 quavis
887 2910 939 2975 vel
954 2932 1073 2976 caussa
1097 2914 1215 2976 erroris
1240 2913 1291 2977 vel
1307 2913 1485 2984 anxietate,

218 2990 353 3089 afficis
379 3039 516 3103 operam
546 3018 657 3081 daturi
688 3016 770 3095 sitis,
801 3016 1084 3080 coniunctissimis
1113 3016 1145 3078 in
1174 3016 1313 3080 caritate
1344 3016 1484 3097 perfecta

215 3106 353 3234 mm
379 3124 509 3199 animis,
526 3123 611 3187 utin
629 3121 702 3197 ista,
718 3138 806 3202 quae
822 3118 983 3183 latissime
996 3127 1098 3201 patet,
1116 3127 1277 3182 terrarum
1294 3119 1387 3182 orbis
1398 3126 1483 3203 parte

233 3238 352 3303 republi-
380 3227 489 3309 magis
505 3209 681 3307 magisque
696 3242 836 3305 regnum
851 3222 916 3286 Dei
933 3231 1146 3305 propagetur.
1160 3222 1251 3285 Dum
1268 3230 1383 3287 autem
1400 3219 1482 3285 navi·

299 3319 349 3364 “²‘'
379 3341 430 3396 ter
456 3328 649 3393 incumbitis
675 3328 718 3391 ad
746 3328 930 3389 curandam
959 3326 1024 3389 Dei
1055 3325 1195 3408 gloriam
1227 3336 1262 3389 et
1288 3328 1481 3391 creditarum

378 3435 474 3499 vobis
490 3434 676 3496 animarum
697 3430 852 3506 salutern,
867 3430 968 3494 iidem
986 3430 1181 3493 contendite
1197 3432 1315 3494 vestris
1332 3430 1482 3511 prodesse

378 3539 506 3602 civibus
521 3536 760 3617 addictamque
777 3533 905 3614 patriae
928 3532 1137 3598 voluntatem
1164 3534 1314 3614 probare,
1330 3541 1368 3597 ut
1394 3528 1483 3595 iacile

379 3639 569 3721 intelligant
585 3638 642 3719 qui
666 3656 735 3699 rem
764 3634 936 3717 publicam
953 3635 1190 3699 administrant
1214 3654 1315 3719 quam
1341 3633 1481 3698 validum

379 3748 537 3823 suppetat
547 3741 581 3803 in
598 3738 765 3803 catholica
783 3738 936 3802 Ecclesia
951 3739 1156 3819 praesidium
1169 3738 1212 3801 ad
1229 3738 1394 3802 tuendum
1409 3734 1481 3798 civi-

379 3846 458 3908 tatis
469 3844 621 3908 ordinem
639 3853 673 3908 et
688 3844 804 3926 populi
821 3844 1078 3925 prosperitatem
1094 3842 1296 3923 augendam.

209 3979 351 4037 atquem-
423 3949 523 4032 Quod
540 3968 618 4013 vero
633 3949 676 4011 ad
705 3959 739 4012 te
763 3950 962 4013 nominatim
988 3949 1119 4026 attinet,
1134 3948 1258 4011 dilecte
1279 3944 1326 4010 fili
1354 3946 1479 4011 Noster.

200 4039 352 4167 ‘'⁰5:72in
376 4073 438 4135 pro
462 4060 553 4115 certo
576 4050 740 4114 habemus
762 4060 796 4114 te
812 4052 962 4115 studiose
989 4060 1192 4124 curaturum,
1207 4059 1244 4113 ut
1267 4070 1352 4134 quos
1375 4059 1476 4114 tecum

209 4169 351 4219 extinctum
376 4156 625 4220 communicare
654 4155 758 4219 animi
789 4175 906 4220 sensus
934 4156 1136 4232 censuimus,
1163 4156 1185 4218 ii
1213 4156 1333 4219 ceteris
1363 4150 1478 4237 pariter

243 4233 352 4351 ‘'2‘ssss
376 4262 589 4323 innotescant
603 4256 863 4321 Venerabilibus
880 4257 1052 4321 Fratribus
1075 4259 1133 4341 qui
1157 4258 1190 4320 in
1207 4257 1397 4321 civitatibus
1411 4250 1477 4317 istis

216 4365 347 4431 Arctepr·
377 4374 455 4431 sunt
471 4358 658 4443 foederatis,
672 4362 838 4447 simulque
853 4364 1048 4428 adnisurum
1073 4384 1135 4446 pro
1159 4362 1294 4441 viribus,
1310 4370 1347 4427 ut
1368 4358 1476 4427 sedata
