3117 4859
89 1341 99 1374 *ἰ
264 1336 458 1388 οΝετΑΝΤΙ
489 1324 730 1405 Hungarorum
767 1324 801 1386 in
831 1324 919 1388 hanc
946 1324 1181 1410 Apostolicam
1238 1348 1324 1434 mgr

94 1429 102 1512 J·
288 1426 412 1492 Sedem
430 1428 547 1510 pietati
563 1427 864 1509 observantiaeque
888 1438 1027 1510 paterna
1049 1449 1184 1515 semper
1247 1424 1328 1509 1893]

95 1399 225 1630 Ι
287 1529 488 1595 Pontificum
530 1549 745 1593 romanorum
785 1532 1021 1597 benevolentia
1061 1546 1180 1599 mutuo
1253 1560 1360 1625 Saepius

100 1665 104 1676 ,
128 1657 141 1675 ι’
161 1657 182 1676 r
198 1657 217 1675 ·‘
285 1633 522 1717 cumulateque
538 1634 731 1717 respondit3
748 1633 888 1715 Nosque
902 1634 972 1716 ipsi
983 1639 1183 1720 praecipuae
1209 1626 1338 1741 msa

87 1740 223 1803 caritatis
239 1740 541 1824 providentiaeque
558 1740 753 1803 testimonia
775 1758 948 1821 nunquam
964 1742 1054 1823 passi
1067 1762 1182 1807 sumus
1210 1763 1279 1806 rarus
1290 1758 1357 1807 bene-

87 1842 213 1920 avobis,
229 1864 250 1907 a
267 1853 369 1927 gente
386 1852 497 1907 vestra
512 1846 703 1908 desiderari.
724 1844 919 1911 Istiusmodi
935 1869 1015 1913 vero
1030 1851 1181 1916 animum
1209 1824 1359 1951 ffssffanffl.
1392 1894 1396 1902 ·

86 1944 235 2012 Nostrum
251 1948 413 2029 singulari
437 1948 585 2031 quadam
613 1948 743 2010 ratione
759 1948 989 2030 patefecimus,
1003 1973 1079 2016 cum
1108 1976 1182 2037 sep·
1206 1968 1289 2016 gam,

85 2056 143 2113 tem
158 2062 237 2116 ante
256 2071 364 2115 annos
381 2053 523 2115 maximi
547 2052 809 2135 faustissimique
825 2063 965 2119 eventus
983 2059 1180 2123 memoriam

86 2152 252 2237 ilungaria
269 2155 460 2220 celebravit.
475 2157 574 2221 Hanc
591 2158 758 2239 siquidem
775 2159 1065 2239 opportunitatem
1083 2166 1183 2245 nacti,

84 2258 250 2337 epistolam
280 2262 323 2323 ad
347 2280 408 2325 vos
431 2261 597 2340 dedimus,
613 2262 834 2327 Venerabiles
858 2264 1003 2345 Fratres,
1018 2269 1052 2331 in
1076 2272 1182 2353 eaque

85 2369 144 2425 tum
160 2366 285 2428 avitam
302 2365 545 2447 Hungarorum
560 2362 671 2441 fidem,
682 2365 823 2429 virtutes
836 2377 869 2431 et
885 2367 973 2433 clare
990 2369 1079 2435 facta
1091 2387 1182 2437 com-

85 2470 341 2547 memoravimus,
357 2479 429 2532 tum
448 2467 549 2532 etiam
566 2468 706 2531 consilia
729 2469 902 2534 vobiscum
920 2472 1073 2536 derebus
1090 2496 1181 2539 com-

83 2570 324 2648 municavimus,
340 2592 426 2655 quae
443 2572 487 2635 ad
511 2572 621 2654 gentis
638 2572 734 2635 istius
758 2575 902 2639 salutem
917 2585 950 2640 et
975 2580 1179 2659 prosperita·

83 2686 149 2757 tem,
178 2700 237 2763 per
273 2680 357 2745 haec
389 2691 457 2744 tarn
491 2679 623 2744 insensa
653 2680 823 2745 catholico
854 2680 983 2742 nomini
1014 2690 1179 2764 tempora,

82 2784 231 2860 pertinere
241 2784 579 2848 viderentur.Eadem
590 2782 1174 2866 verocaussaidemquepropositum
1207 2820 1342 2872 hasadeos

82 2883 144 2947 Nos
166 2888 269 2951 modo
293 2886 472 2969 impellunt
498 2896 535 2950 ut
561 2887 680 2951 iterum
706 2887 749 2949 ad
772 2907 833 2949 vos
856 2886 1108 2967 perscribamus.
1132 2928 1176 2938 —
1207 2887 1357 3001 maant-

82 2986 160 3052 Sane
174 2994 205 3055 in
222 3012 265 3056 eo
281 3009 403 3074 genere
418 3010 625 3075 rerumquae
640 2990 793 3053 omnium
810 2991 942 3053 animos
958 2990 1032 3054 istic
1048 3004 1176 3074 postre·
1207 3033 1246 3065 mo
1260 3020 1354 3067 mro,

82 3110 129 3153 mo
142 3094 201 3161 hoc
211 3105 367 3177 ternpore
382 3104 628 3178 permoverunt,
639 3094 830 3175 Apostolici
846 3094 947 3157 officii
965 3095 1081 3160 Nostri
1092 3100 1177 3163 ratio
1205 3083 1356 3197 simoemr'jf'

82 3198 225 3277 postulat,
241 3210 281 3264 ut
296 3220 356 3264 vos
372 3200 564 3282 clerumque
588 3206 735 3261 vestrum
751 3198 795 3261 ad
813 3198 1001 3261 animorum
1018 3211 1177 3265 constan·
1205 3215 1332 3290 ‚superor

81 3298 159 3379 tiam,
174 3304 216 3369 ad
235 3304 461 3379 concordiam,
477 3302 520 3365 ad
544 3298 753 3365 alacritatem
771 3302 805 3363 in
822 3302 1014 3365 erudiendis
1035 3323 1173 3367 monen·
1204 3277 1347 3404 mana

81 3398 183 3486 disque
198 3417 391 3490 opportune
407 3406 542 3489 populis
557 3426 657 3468 curae
681 3413 811 3468 vestrae
827 3408 1028 3470 concreditis
1040 3408 1174 3473 enixius
1202 3416 1227 3523 Ξ(
1241 3425 1306 3486 ²30⁰?
1318 3427 1354 3459 rt·

80 3508 286 3575 cohortemur.
307 3550 351 3561 -
367 3511 435 3577 Sed
469 3511 535 3575 alia
559 3520 733 3593 praeterea
762 3519 842 3573 sunt
869 3511 959 3591 apud
991 3532 1058 3589 vos,
1086 3534 1173 3596 quae
1202 3485 1353 3603 ν’ἕῖᾖῖἱςζ.

80 3627 188 3679 novam
212 3615 447 3680 sollicitudinis
463 3636 616 3680 caussam
642 3614 749 3679 Nobis
766 3613 909 3678 afferunt
925 3640 932 3680 :
948 3618 1096 3699 pericula
1123 3620 1172 3683 in·
1196 3606 1335 3734 xm}

80 3714 255 3799 telligimus‚
272 3740 358 3804 quae
375 3718 526 3803 religioni
549 3720 703 3803 graviora
725 3720 878 3802 quotidie
894 3720 1103 3803 impendent.
1127 3762 1170 3775 -
1198 3738 1350 3814 simmaea·-

82 3814 163 3883 Haec
178 3824 357 3899 enimvero,
373 3824 422 3888 uti
443 3823 639 3906 praecipuas
662 3844 759 3915 curas
783 3825 1073 3910 cogitationesque
1097 3826 1168 3892 No·
1197 3802 1307 3916 {2222

79 3929 151 3987 stras
165 3927 205 3990 ad
223 3948 260 3992 se
275 3936 483 4007 convertunt,
499 3929 546 3991 ita
571 3929 722 3991 maxime
736 3948 874 4010 operam
888 3940 1045 4008 vestram,
1057 3931 1169 3996 Vene-
1197 3933 1261 3982 lum.

80 4025 183 4093 rabiles
214 4032 359 4111 Fratres,
384 4032 616 4096 vehementius
647 4030 835 4115 efflagitant
859 4054 867 4110 ;
897 4054 1040 4118 eamque
1069 4036 1169 4099 valde

79 4131 262 4201 confidimus
272 4136 418 4201 consiliis
431 4136 727 4220 expectationique
739 4136 884 4201 Nostrae
895 4159 1011 4221 parem
1025 4143 1163 4205 omnino

80 4226 219 4304 futuram.

116 4338 209 4421 Quod
224 4345 410 4427 generatim
425 4346 468 4410 ad
485 4342 595 4409 officia
607 4345 847 4411 catholicorum
864 4347 995 4427 attinet,
1010 4358 1081 4414 tam
1095 4350 1163 4413 acri
1234 4385 1347 4435 samm-

141 4505 195 4549 Aetu
206 4506 283 4551 Leonis
293 4501 363 4551 xlii.
979 4512 1074 4555 V.-·1a
