3117 4859
296 363 346 412 DE
374 363 423 412 RE
449 361 667 413 CATHOLlCA
694 363 733 412 ΙΝ
763 361 943 411 AMERICA.
1128 360 1169 431 15

375 459 425 464 ,q-
701 452 796 462 ..‚--...-

62 502 198 584 busque
213 503 298 566 bene
314 502 516 566 constitutae
542 501 588 563 rei
616 499 777 583 publicae.
797 500 873 564 Hoc
894 499 983 562 enim
1001 499 1173 564 Ecclesiae
1228 486 1302 596 Aa

63 605 154 686 apud
168 625 230 669 vos
244 624 441 669 concessum
457 613 517 683 est,
527 623 593 669 non
612 612 820 686 repugnante
836 603 1080 686 temperatione
1095 603 1173 667 civi·
1210 599 1305 712 ,¹395-

63 709 155 786 tatis,
171 718 211 772 ut
226 707 326 772 nullis
343 707 454 791 legum
472 709 668 790 praepedita
678 707 804 785 vinclis,
820 715 937 770 contra
952 706 1019 770 vim
1036 706 1174 772 defensa
1198 679 1350 781 2222&

63 812 132 874 iure
145 812 320 876 communi
333 811 525 895 iustitiaque
536 812 744 888 iudiciorum,
754 819 863 875 tutam
877 809 1028 874 obtineat
1040 810 1173 876 vivendi
1195 803 1325 912 {mm
1345 879 1350 890 ,

62 917 257 999 agendique
273 917 344 980 sine
360 915 545 981 offensione
564 915 766 981 facultatem.
784 914 852 981 Sed
869 935 1077 998 quamquam
1090 916 1174 980 haec
1199 950 1275 1005 negas
1285 951 1321 993 m.
1339 901 1347 921 ¹

65 1039 140 1082 vera
162 1031 254 1097 sunt,
269 1029 382 1083 tamen
400 1040 489 1083 error
512 1019 691 1097 tollendus,
706 1021 838 1102 nequis
855 1019 932 1083 hinc
947 1021 1041 1102 sequi
1058 1020 1174 1084 existi·
1200 1013 1333 1125 mlh*

67 1132 143 1200 met,
168 1123 354 1205 petendum
381 1121 425 1186 ab
453 1121 610 1186 America
636 1122 832 1204 exemplum
853 1123 973 1205 optimi
1003 1120 1174 1186 Ecclesiae
1199 1143 1349 1217 mmmdc-

65 1234 194 1291 status:
218 1237 276 1292 aut
296 1227 449 1292 universe
475 1225 575 1292 licere
599 1226 650 1290 vel
676 1226 848 1308 expedire,
863 1228 909 1290 rei
928 1226 1034 1290 civilis
1061 1228 1175 1310 reique
1198 1222 1349 1323 hynm-

65 1351 180 1396 sacrae
196 1332 375 1397 distractas
391 1351 462 1395 esse
478 1331 751 1412 dissociatasque,
761 1344 854 1396 more
866 1331 1065 1410 americano,
1075 1331 1173 1397 ratio·
1195 1341 1351 1415 pataliam

64 1455 129 1500 nes.
148 1437 255 1521 Quod
271 1437 360 1501 enim
379 1435 555 1500 incolumis
572 1434 661 1513 apud
678 1455 738 1498 vos
754 1455 807 1498 res
830 1444 881 1499 est
897 1434 1071 1514 catholica,
1082 1437 1173 1519 quod
1198 1411 1309 1520 {fssfff‘

65 1541 237 1624 prosperis
252 1542 353 1606 etiam
370 1541 523 1605 auctibus
547 1539 674 1616 crescit,
690 1539 723 1602 id
748 1539 888 1604 omnino
903 1540 1100 1606 fecunditati
1117 1542 1173 1606 tri-

64 1643 250 1722 buendum,
267 1665 332 1727 qua
359 1645 519 1708 divinitus
536 1643 640 1725 pollet
657 1642 818 1720 Ecclesia,
829 1663 983 1726 quaeque
1009 1645 1035 1707 si
1063 1645 1174 1710 nullus

65 1748 272 1827 adversetur,
284 1750 311 1812 si
335 1748 425 1814 nulla
448 1769 500 1811 res
523 1748 767 1829 impedimento
793 1747 847 1823 sit,
869 1766 906 1809 se
931 1757 1052 1831 sponte
1078 1746 1174 1812 effert

64 1859 165 1933 atque
193 1850 361 1932 effundit3
386 1853 485 1935 longe
511 1861 624 1916 tamen
642 1850 810 1914 uberiores
831 1851 962 1914 editura
985 1851 1120 1930 fructus,
1136 1852 1174 1930 si,

65 1965 201 2034 praeter
213 1956 523 2039 libertatem‚gratia
533 1953 645 2036 legum
658 1952 787 2018 fruatur
803 1955 1057 2037 patrocinioque
1066 1955 1174 2038 publi·

65 2076 123 2120 cae
140 2061 330 2142 potestatis.
964 2128 967 2132 A
1200 2050 1350 2166 mmm&

108 2160 182 2224 Nos
200 2163 405 2246 vero,quoad
422 2183 480 2245 per
496 2172 648 2245 tempora
660 2161 964 2238 licuit,conservare
980 2181 1018 2225 ac
1035 2162 1174 2226 fundare
1201 2191 1353 2242 mutumne

69 2260 193 2330 firmius
207 2287 276 2330 rem
289 2266 491 2331 catholicam
503 2266 592 2348 apud
606 2286 675 2342 vos,
684 2286 868 2347 numquam
880 2251 1174 2347 praetermisimus.
1199 2247 1241 2362 εἴ
1249 2248 1350 2364 {w

69 2402 107 2414 -
128 2369 209 2434 Hac
225 2371 267 2433 de
288 2390 406 2435 caussa
421 2371 505 2434 duas
522 2371 733 2452 potissimum
756 2389 818 2448 res,
832 2371 922 2452 quod
940 2370 1045 2454 probe
1061 2373 1176 2450 nostis,
1201 2379 1331 2430 nistrarr'o·

69 2474 216 2554 aggressi
243 2495 379 2538 sumus:
404 2474 553 2550 alteram,
580 2473 760 2556 provehere
789 2475 899 2538 studia
926 2475 1174 2540 doctrinarum:
1200 2460 1259 2560 ἵζ’,
1271 2461 1351 2560 m

69 2573 218 2655 alteram,
235 2579 280 2641 rei
298 2577 482 2642 catholicae
493 2576 622 2641 efficere
638 2577 963 2642 administrationem
982 2569 1174 2661 pleniorem.
1200 2575 1266 2653 tifex
1279 2586 1350 2642 ‘³1³0-

13 2701 16 2710 ·
70 2676 203 2747 Scilicet
220 2683 282 2745 etsi
299 2682 524 2746 universitatis
546 2682 734 2746 studiorum
757 2682 930 2746 domicilia
946 2681 1042 2764 plura
1058 2703 1174 2747 nume·
1201 2648 1275 2756 ’m'p
1288 2709 1352 2758 Con·

69 2783 236 2862 rebantur,
259 2805 365 2869 eaque
396 2785 549 2868 insignia,
574 2785 765 2850 faciendum
797 2796 910 2850 tamen
942 2787 1112 2865 duximus,
1138 2801 1174 2852 ut
1200 2772 1353 2887 maha

70 2903 168 2952 unum
186 2889 322 2972 aliquod
340 2891 499 2954 existeret
517 2889 614 2954 Sedis
631 2889 850 2972 Apostolicae
864 2890 1064 2955 auctoritate
1081 2891 1174 2956 insti·
1205 2903 1335 2954 universi-

69 2993 187 3069 tutum,
203 2991 360 3076 idemque
372 2993 463 3056 omni
481 2993 549 3055 iure
566 2992 716 3076 legitimo
732 2993 872 3058 aNobis
888 3004 1022 3058 auctum
1039 3019 1046 3058 :
1062 2996 1176 3078 inquo
1200 2969 1351 3099 {zssm'

70 3090 222 3160 doctores
248 3095 404 3160 catholici
442 3097 620 3161 studiosos*
643 3095 769 3160 sciendi
801 3097 981 3175 erudirent,
1011 3098 1176 3181 principio

70 3196 204 3275 quidem
226 3200 465 3284 philosophicis
481 3220 520 3264 ac
535 3198 743 3281 theologicis,
758 3201 882 3266 deinde
898 3220 986 3280 vero,
1001 3202 1057 3267 ubi
1073 3222 1126 3266 res
1142 3213 1175 3266 et

71 3305 220 3383 tempora
246 3305 392 3382 siverint,
407 3305 524 3369 ceteris
548 3323 684 3386 quoque
706 3304 902 3387 disciplinis,
918 3306 958 3368 iis
974 3305 1174 3370 nominatim

73 3421 152 3482 quas
167 3418 282 3473 nostra
298 3419 356 3473 aut
372 3409 500 3493 peperit
517 3417 574 3474 aut
591 3406 728 3491 perfecit
745 3418 848 3473 aetas.
861 3409 982 3476 Omnis
999 3411 1088 3474 enirn
1105 3430 1176 3474 eru-

73 3505 154 3573 ditio
169 3532 290 3577 manca
305 3514 357 3592 sit,
373 3515 400 3576 si
417 3513 508 3578 nulla
525 3513 746 3576 recentiorum
762 3513 1012 3597 disciplinarum
1030 3535 1176 3602 accesse-

75 3611 114 3672 rit
130 3615 286 3698 cognitio.
301 3615 471 3681 Videlicet
485 3617 518 3680 in
536 3619 598 3680 hoc
621 3624 693 3680 tam
718 3615 818 3679 celeri
843 3617 1054 3699 ingeniorum
1071 3639 1179 3695 cursu,

76 3709 106 3774 in
129 3727 224 3783 tanta
239 3720 425 3802 cupiditate
446 3719 573 3783 sciendi
586 3728 656 3782 tam
676 3717 741 3782 late
759 3717 842 3797 susa,
857 3721 1044 3805 eademque
1060 3743 1118 3806 per
1142 3743 1179 3787 se

76 3813 230 3888 laudabili
253 3833 355 3908 atque
371 3824 522 3902 honesta,
537 3825 665 3888 anteire
688 3824 786 3887 decet
809 3826 993 3890 catholicos
1014 3827 1178 3910 homines,

77 3937 140 3985 non
156 3927 333 4011 subsequi:
350 3928 492 4011 ideoque
507 3927 674 3992 instruant
686 3947 721 3991 se
733 3937 869 4011 oportet
882 3930 925 3995 ab
937 3934 1029 3995 omni
1046 3932 1179 4015 elegan-

79 4024 122 4086 tia
134 4029 313 4111 doctrinae,
328 4034 513 4114 acriterque
529 4041 711 4096 exerceant
727 4033 878 4097 animum
895 4035 928 4098 in
946 4036 1180 4120 exploratione

80 4133 154 4210 veri,
178 4146 210 4203 et
235 4139 348 4215 totius,
373 4137 484 4221 quoad
512 4145 633 4220 potest,
657 4136 877 4222 indagatione
904 4149 1052 4206 naturae.
1077 4132 1180 4225 Quod

82 4239 335 4326 omnitempore
360 4243 450 4307 idem
478 4240 630 4304 Ecclesia
656 4241 783 4305 voluit:
808 4242 853 4305 ob
879 4263 1022 4327 eamque
1044 4265 1114 4310 rem
1138 4247 1181 4309 ad

85 4339 293 4411 proterendos
308 4346 521 4409 scientiarum
538 4341 622 4406 lines
638 4343 778 4405 omnino
790 4351 924 4408 tentum
940 4345 1088 4411 conferre
1104 4367 1182 4411 con·
