3117 4859
121 1212 413 1363 &mantua
443 1214 630 1279 gravesac
662 1193 865 1277 multiplices
896 1212 1002 1269 curas,
1027 1190 1159 1273 quibus,
1189 1206 1235 1250 ex
1298 1210 1378 1297 Mpm

328 1302 475 1385 supremi
500 1298 727 1381 Apostolatus
759 1318 905 1374 munere,
936 1295 1070 1359 assidue
1096 1292 1235 1356 distine-
1294 1310 1366 1373 1894-

121 1215 273 1587 Ξ
330 1426 403 1469 mur
419 1426 457 1469 ac
473 1424 664 1486 premimur
690 1403 820 1467 litteras
839 1401 938 1466 officii
968 1402 1086 1484 plenas
1116 1396 1234 1461 libenti
1315 1426 1413 1477 Gratis

330 1510 444 1573 animo
460 1510 660 1591 accepimus,
672 1528 754 1591 quas
768 1528 838 1584 vos,
853 1504 1074 1570 Venerabiles
1090 1503 1235 1578 Fratres,
1260 1491 1415 1608 msufrt

123 1625 199 1697 post
217 1614 422 1677 celebratos
412 1634 446 1675 in
464 1612 614 1676 Limensi
631 1613 712 1676 urbe
728 1622 923 1688 conventus,
939 1611 981 1672 ad
996 1610 1069 1672 Nos
1084 1607 1235 1671 dedistis.
1262 1623 1392 1689 Episcopo

121 1718 250 1781 —Eas
281 1718 436 1801 equidem
464 1718 685 1799 perlegentes,
709 1736 770 1799 pro
801 1726 950 1797 paterna,
979 1732 1082 1796 quam
1114 1713 1148 1773 in
1174 1731 1234 1774 vos
1261 1690 1412 1805 mm,

123 1823 304 1885 retinemus
314 1830 519 1903 gentemque
530 1830 686 1898 vestram
696 1820 845 1895 caritate,
857 1818 1017 1882 delectati
1029 1836 1233 1898 magnopere
1262 1827 1338 1868 ventu
1350 1822 1380 1870 ab

122 1946 237 1989 sumus
252 1926 320 1990 de
311 1936 432 1990 iterato
442 1946 521 2007 erga
532 1925 605 1989 Nos
621 1936 655 1989 et
668 1924 754 1988 hanc
767 1925 856 1988 beati
871 1924 960 1987 Petri
975 1922 1099 1987 Sedem
1110 1920 1234 1984 amoris
1261 1886 1413 2001 ssjffifj,

123 2026 267 2111 fideique
277 2028 487 2106 testimonio;
504 2030 653 2092 maxime
668 2048 747 2091 vero
763 2027 869 2111 gavisi
880 2027 924 2089 de
938 2024 1096 2090 concordi
1112 2022 1235 2099 studio,
1258 2024 1363 2080 peracto.

121 2152 189 2215 quo
205 2132 340 2196 Nostris
356 2132 480 2214 optatis
494 2132 763 2197 obsecundantes
778 2131 927 2195 coivistis
937 2128 1036 2192 simul
1048 2129 1089 2192 ad
1103 2146 1235 2190 summa

124 2234 294 2317 religionis
311 2237 450 2319 negotia
467 2236 643 2300 tractanda
668 2244 701 2298 et
718 2235 761 2298 ad
780 2254 889 2298 mores
905 2232 1052 2314 optimos
1083 2230 1117 2293 in
1133 2249 1235 2311 grege

123 2339 368 2421 provehendos,
382 2360 482 2423 quem
502 2340 650 2422 Spiritus
667 2338 810 2403 Sanctus
817 2338 930 2419 posuit
944 2358 1001 2400 vos
1015 2357 1123 2418 regere
1137 2334 1190 2417 (Ι).

168 2444 355 2507 Probamus
382 2452 471 2507 certe
497 2444 692 2518 admodum,
713 2441 933 2508 Venerabiles
969 2440 1112 2515 Fratres,
1146 2442 1233 2500 hanc

121 2546 343 2624 voluntatem,
359 2568 445 2630 quae
470 2548 672 2630 pastoralem
704 2566 818 2610 curam
850 2554 995 2609 vestram
1021 2544 1169 2608 ostendit
1196 2552 1232 2605 ut

119 2650 293 2714 commissi
305 2650 401 2713 vobis
419 2648 534 2714 fideles
551 2650 584 2713 in
611 2648 767 2713 catholici
785 2648 930 2711 nominis
946 2647 1137 2711 sinceritate
1160 2664 1232 2725 per·

121 2756 310 2819 sistant.—
327 2754 441 2818 Placet
463 2754 680 2817 nihilominus
704 2773 790 2816 nova
822 2752 924 2816 veluti
948 2751 1157 2815 currentibus
1173 2749 1231 2811 ad
1300 2792 1411 2856 Em,

120 2859 201 2923 dere
217 2858 444 2935 incitamenta,
460 2868 496 2922 ut
514 2860 554 2922 ea
573 2878 704 2939 nempe,
720 2878 822 2940 quarn
840 2858 970 2933 iniistis,
986 2858 1039 2919 via
1056 2863 1232 2939 pergentes
1260 2857 1412 2923 ulfrequen:

119 2962 257 3039 strenui,
272 2970 387 3024 coetus
403 2962 568 3025 eiusmodi
571 2982 652 3043 ,pro
669 2983 778 3025 rerum
796 2962 1049 3044 opportunitate
1065 2981 1104 3023 ac
1121 2978 1232 3022 neces·
1259 2925 1373 3051 {mii

119 3066 230 3143 sitate,
248 3066 475 3148 frequentetis.
493 3066 694 3129 Persuasum
710 3067 835 3130 etenim
855 3065 962 3129 Nobis
979 3074 1039 3142 est,
1055 3085 1100 3127 ex
1116 3083 1233 3146 perpe·
1259 3054 1390 3168 loellulosrz

119 3178 180 3233 tuo
210 3169 381 3233 Ecclesiae
409 3188 501 3233 more
528 3190 567 3231 ac
587 3171 764 3247 sententia,
780 3170 871 3250 quod
898 3167 1068 3231 ediximus
1100 3166 1233 3248 pluries,
1257 3137 1385 3249 μηῗηω

119 3273 222 3355 longe
234 3272 377 3336 validius
402 3273 561 3336 adversus
585 3271 765 3355 gliscentes
782 3282 816 3336 et
831 3272 1077 3335 invalescentes
1093 3272 1232 3334 circum-

119 3398 255 3462 quaque
281 3397 407 3440 errores
435 3385 622 3459 pugnaturn
654 3378 702 3454 iri,
729 3398 767 3440 ac
800 3377 970 3457 religionis
1001 3374 1233 3438 sanctissimae

118 3480 308 3547 rationibus
323 3481 470 3543 securius
494 3478 688 3565 firmiusque
714 3494 940 3564 prospectum,
955 3481 992 3557 si,
1007 3479 1139 3543 collatis
1155 3499 1233 3542 con·

121 3584 202 3647 siliis
244 3584 568 3665 communicatisque
607 3585 799 3666 propositis,
837 3603 1006 3647 sacrorum
1050 3582 1234 3646 Antistites

121 3686 246 3749 arctius
262 3686 349 3749 inter
364 3706 400 3748 se
416 3686 606 3769 iungantur.

167 3790 299 3853 Harum
328 3809 406 3852 vero
437 3792 712 3872 congressionum
741 3811 808 3874 quo
839 3790 1018 3872 ampliores
1048 3789 1235 3853 habeantur
1304 3808 1411 3870 Sequen-

122 3892 249 3957 iructus
266 3902 299 3956 et
315 3892 462 3974 largiora
478 3893 587 3956 inde
578 3914 611 3957 rn
629 3902 764 3975 gentem
781 3904 928 3966 vestram
952 3894 1132 3957 commoda
1148 3893 1234 3956 deri·
1260 3874 1298 3921 ¹¹²²
1309 3880 1400 3933 nonae

1260 3939 1317 3986 ad
1305 3954 1360 3987 mcr
1360 3956 1382 3986 e·

122 4010 250 4075 ventur,
266 4018 311 4061 ex
328 3997 455 4060 Nostra
473 3998 701 4080 religiosarum
714 4019 833 4073 rerum,
842 4000 902 4061 ut
894 4018 926 4060 rn
945 3999 1092 4077 Peruvia,
1105 4000 1234 4075 notitia,
1262 4010 1373 4054 ruentum

123 4114 217 4168 etex
241 4104 370 4167 ardenti
399 4126 466 4187 quo
498 4114 652 4169 tenemur
677 4105 854 4182 desiderio,
881 4103 1082 4168 catholicum
1112 4122 1233 4165 nornen
1261 4069 1415 4194 m&

123 4210 212 4291 apud
230 4228 289 4271 vos
306 4209 470 4272 laetiora'
461 4230 495 4272 m
520 4210 592 4274 dies
608 4229 728 4292 capere
744 4210 959 4284 incrementa,
977 4208 1068 4284 libet,
1085 4208 1234 4271 Venera-
1261 4200 1414 4316 ‘mm-

156 4403 175 4435 1.
190 4390 255 4443 Act,
265 4400 311 4442 xx,
324 4393 360 4437 28.
