3117 4859
328 1369 406 1419 NTE
430 1367 578 1420 vestrum
604 1377 622 1419 e
648 1377 775 1439 nupero
798 1358 1056 1424 Vindobonensi
1079 1372 1178 1426 coetu
1202 1362 1251 1425 di·
1348 1386 1359 1417 1

139 1368 326 1748 Π
347 1480 508 1543 gressum,
519 1462 625 1525 visum
643 1462 713 1538 tibi,
723 1463 846 1525 dilecte
862 1460 907 1525 fili
921 1462 1054 1541 Noster,
1064 1466 1251 1547 ceterisque
1314 1432 1393 1548 w

195 1479 273 1636 Α
301 1525 326 1667 g
348 1584 408 1647 per
430 1563 589 1627 Austriae
613 1562 695 1627 fines
720 1585 890 1629 sacrorum
915 1566 1137 1631 Antistitibus
1159 1588 1249 1631 com·
1317 1600 1429 1661 ,receptis

217 1675 328 1747 aava
349 1688 467 1733 munes
493 1668 535 1729 ad
550 1667 622 1731 Nos
645 1669 724 1730 dare
741 1669 877 1746 litteras,
898 1690 986 1751 quae
1009 1671 1107 1734 simul
1130 1681 1163 1735 et
1180 1691 1249 1735 arc·
1274 1664 1306 1778 g}
1316 1664 1426 1792 22:52²·

141 1777 318 1855 tissimam,
347 1795 434 1859 quae
465 1794 524 1836 vos
560 1774 648 1837 inter
676 1785 736 1849 est,
766 1776 942 1839 caritatem
975 1786 1186 1853 testarentur,
1216 1788 1249 1843 et
1272 1796 1419 1859 putareris

140 1883 390 1945 observantiam
413 1879 446 1943 in
463 1878 580 1960 primis
602 1876 788 1941 officiorum
814 1879 959 1960 plenam,
975 1901 1042 1963 qua
1065 1902 1183 1946 omnes
1206 1884 1248 1947 ad
1270 1866 1416 1973 mg?

140 2004 244 2049 unum
262 2004 455 2069 supremam
470 1981 562 2045 beati
576 1982 664 2045 Petri
676 1980 801 2047 Sedem
818 1982 936 2047 colitis.
949 1984 989 2047 ld
1003 2005 1104 2067 quam
1117 1996 1249 2067 gratum
1276 1998 1332 2038 tum
1351 1991 1411 2039 Vin·

142 2088 216 2153 Nos
238 2099 461 2170 optatumque
480 2086 716 2167 acceperimus,
732 2086 892 2149 iudicium
916 2088 959 2151 sit
984 2099 1142 2154 vestrum.
1159 2091 1250 2154 Nam
1276 2058 1403 2181 {seim

141 2212 229 2274 quae
255 2192 444 2255 animorum
470 2190 582 2253 studia
613 2188 749 2253 defertis
779 2200 851 2255 tum
879 2192 1051 2270 universis,
1078 2212 1162 2275 quas
1193 2214 1251 2275 per
1277 2188 1396 2316 wlco}

141 2307 264 2359 exacta
289 2293 506 2360 Pontificatus
537 2302 691 2374 tempora
714 2293 892 2371 edidimus
916 2295 1034 2357 litteris
1063 2296 1250 2378 encyclicis,
1277 2320 1303 2367 s,
1319 2318 1390 2367 sedis

141 2410 214 2464 tum
231 2400 410 2483 postremis
428 2398 634 2481 praesertim,
650 2418 733 2479 quas
749 2398 905 2462 dedimus
929 2400 971 2464 de
989 2399 1174 2464 Bibliorum
1199 2422 1250 2463 sa·
1268 2384 1428 2515 J‘mff‘l‘

138 2525 272 2569 crorum
299 2504 577 2588 interpretatione
606 2513 722 2566 sancte
749 2504 792 2566 ad
819 2504 990 2578 Ecclesiae
1016 2506 1107 2587 leges
1136 2506 1250 2570 ruode-
1276 2516 1403 2565 obsecutos.

140 2611 262 2687 randa;
278 2630 318 2672 ea
332 2630 393 2671 vos
408 2607 536 2671 alacres
552 2608 594 2669 ad
611 2626 728 2669 vocem
747 2606 830 2670 Eius
855 2607 1093 2691 excipiendam
1110 2610 1250 2674 demon-

140 2724 259 2789 strant,
274 2712 326 2776 cui
343 2710 497 2775 Christus
513 2729 677 2791 agnorum
705 2710 887 2792 oviumque
912 2715 1157 2792 pascendorum
1175 2734 1250 2796 pro-

139 2819 287 2882 vinciam
303 2816 529 2879 demandavit.
547 2815 621 2896 Qua
647 2815 680 2875 in
709 2835 744 2876 re
770 2835 838 2877 non
865 2835 1043 2897 possumus
1059 2818 1139 2899 quin
1157 2818 1251 2881 vobis

139 2922 349 3004 gratulemur
386 2939 598 3000 magnopere.
630 2916 709 3000 Quo
738 2920 864 2981 etenim
901 2920 1092 2984 obstrictius
1121 2922 1251 2984 Pastori

141 3047 277 3090 summo
294 3026 453 3108 Episcopi
469 3026 721 3100 adhaerescunt,
736 3044 778 3087 eo
799 3024 1016 3107 locupletiore
1031 3046 1115 3089 vena
1133 3028 1165 3088 in
1183 3046 1251 3089 cre-

140 3133 230 3196 ditos
246 3131 309 3193 sibi
326 3130 469 3212 populos
484 3128 631 3192 vividam
648 3128 739 3191 illam
755 3128 915 3192 virtutem
932 3129 1141 3207 derivabunt,
1156 3129 1250 3192 cuius

140 3238 237 3317 origo
252 3235 413 3298 divinitus
429 3234 461 3296 in
480 3234 579 3295 Petro
595 3243 654 3297 est.

185 3338 345 3404 Officiose
361 3348 472 3401 autem
489 3339 580 3419 quod
597 3336 752 3419 gaudetis
768 3336 802 3399 in
819 3338 952 3400 devexa
971 3346 1082 3401 aetate
1108 3356 1175 3399 non
1192 3336 1250 3399 de·
1325 3382 1428 3431 Deoac-

140 3443 236 3507 vexis
254 3440 327 3504 Nos
344 3442 391 3503 uti
415 3442 547 3517 viribus,
563 3441 596 3504 id
624 3441 790 3504 bonorum
818 3440 970 3505 omnium
998 3440 1146 3523 largitori
1174 3441 1250 3504 Deo
1275 3455 1368 3512 ceptam
1380 3465 1416 3497 re·

140 3547 328 3621 tribuimus,
344 3545 437 3606 cuius
454 3544 654 3608 mortificare
670 3554 721 3608 est
743 3556 777 3609 et
800 3544 976 3620 vivificare,
991 3546 1116 3627 quique
1139 3545 1172 3607 in
1198 3553 1250 3607 tot
1267 3514 1299 3590 sf
1300 3522 1326 3562 n
1336 3530 1409 3563 suam

1275 3596 1305 3629 m
1314 3587 1428 3643 provecta

139 3657 278 3731 tamque
294 3649 420 3728 asperis
436 3656 626 3727 temporum
643 3648 807 3729 angustiis
832 3646 930 3727 erigit
954 3646 1026 3709 Nos
1052 3662 1090 3709 ac
1114 3646 1249 3711 solatur.
1275 3646 1405 3773 pergeniu-

141 3753 229 3815 Nam
247 3752 338 3835 quod
355 3749 503 3813 sollertia
517 3749 642 3812 Nostra
659 3752 1023 3829 minimedesideretur,
1038 3761 1076 3816 ut
1094 3754 1247 3836 nuspiam
1275 3776 1398 3825 valetudi-

139 3856 359 3918 christianum
377 3874 499 3917 nomen
518 3854 709 3917 detrimenti
736 3854 818 3935 quid
847 3856 968 3936 capiat,
984 3855 1088 3918 immo
1114 3875 1192 3918 vero
1216 3863 1250 3917 et
1276 3849 1413 3955 ”affl

139 3970 303 4042 augeatur
318 3960 351 4022 in
368 3961 439 4022 dies
456 3969 489 4023 et
506 3959 626 4039 vigeat,
642 3956 706 4020 hoc
722 3966 782 4034 est,
799 3958 921 4022 dilecte
936 3957 982 4021 fili
1008 3958 1141 4035 Noster,
1157 3960 1248 4041 quod
1276 3923 1383 4085 {cetam

1293 4054 1356 4087 1111111
1370 4054 1416 4086 1111·

139 4063 209 4127 iure
225 4063 356 4145 optimo
372 4083 392 4127 a
409 4063 517 4127 Nobis
533 4062 682 4145 postulet
703 4082 893 4142 supremus,
908 4083 1021 4145 quem,
1038 4064 1113 4127 Deo
1136 4066 1250 4145 dispo·
1272 4105 1342 4167 plere
1353 4120 1408 4151 mu·

140 4179 250 4245 nente,
265 4167 422 4250 gerimus,
439 4167 671 4251 Apostolatus.
699 4166 761 4229 Est
788 4168 913 4231 etenim
943 4168 1096 4232 Ecclesia
1125 4168 1249 4233 Christi
1276 4184 1325 4244 ’Ψ
1344 4184 1427 4231 regen·

140 4274 299 4339 columna
314 4285 348 4337 et
359 4273 608 4337 firmamentum
625 4271 777 4335 veritatis
790 4294 798 4350 ;
809 4272 1027 4355 quamobrem
1041 4284 1079 4337 ut
1092 4274 1247 4337 tenebras
1274 4234 1397 4355 gfff&

143 4378 276 4442 assidue
290 4375 450 4460 depellat,
465 4396 591 4440 errores
606 4376 771 4459 profliget,
788 4376 896 4441 lucem
909 4376 1065 4440 humanis
1078 4378 1248 4441 mentibus
