3117 4859
303 380 354 428 ne
381 380 429 429 ua
456 380 672 433 carnotim
700 383 741 433 m
772 386 986 437 Hunorum.
1121 378 1190 449 179

92 528 278 592 violentiam
291 531 365 613 ipsa
381 552 516 615 quoque
543 535 649 597 sensit
678 535 866 619 Hungaria,
882 539 1093 617 iacturasque
1109 534 1189 597 lecit
1285 554 1301 585 ²

93 652 153 696 non
168 653 248 696 sane
264 634 363 713 leves,
378 656 495 719 sospes
518 646 632 701 tamen
654 638 771 722 effugit
786 662 794 720 3
810 640 1015 723 effugietque
1031 641 1064 703 in
1078 647 1189 722 poste·
1252 599 1342 715 ἷῖφὲ

92 756 168 814 rum,
182 738 211 801 si
227 739 331 803 modo
346 760 425 803 suus
442 741 595 824 religioni
618 752 684 808 stet
709 744 831 823 honos,
855 763 1040 827 omnesque
1067 763 1186 826 perno·

90 855 178 909 scant
192 866 281 928 quae
297 866 358 909 sua
373 849 535 929 cuiusque
551 848 618 911 sint
641 850 838 931 quotidiana
853 849 972 926 officia,
987 868 1094 929 eaque
1116 846 1189 911 dili·

91 949 280 1031 gentissime
295 950 416 1014 colant.

130 1054 242 1136 Atque
269 1063 307 1118 ut
333 1054 377 1119 ad
405 1075 445 1118 ea
471 1053 654 1125 veniamus
683 1072 769 1135 quae
794 1054 1006 1134 propositum
1024 1051 1188 1115 Nostrum
1260 1069 1367 1118 Damna

90 1158 219 1239 propius
247 1158 431 1239 attingunt,
458 1157 548 1222 haud
577 1155 738 1218 mediocri
764 1156 917 1239 prolecto
947 1154 1052 1219 animi
1075 1155 1190 1217 dolore
1216 1135 1298 1183 ''²¹⁴¹“
1318 1136 1367 1183 Ec-

91 1258 327 1339 perspeximus,
352 1270 485 1342 praeter
513 1279 656 1341 eaquae
688 1259 722 1322 in
750 1260 949 1343 Hungariae
976 1258 1118 1342 legibus,
1141 1258 1188 1322 uti
1215 1200 1368 1328 mm

91 1362 165 1426 alias
180 1366 357 1446 conquesti
373 1384 498 1443 sumus,
515 1376 533 1430 t
551 1384 626 1427 cum
654 1362 826 1427 Ecclesiae
843 1365 969 1428 iuribus
996 1364 1189 1445 discrepant
1212 1330 1366 1460 &52¹¹

91 1480 108 1534 t
123 1477 153 1530 et
168 1468 240 1531 eius
258 1467 452 1532 facultatem
475 1468 598 1553 agendi
617 1468 773 1533 minuunt
789 1489 829 1532 ac
846 1467 1046 1551 professioni
1074 1467 1189 1531 catho-
1215 1463 1315 1575 md
1326 1462 1367 1510 ⁶²³

94 1571 172 1639 (lici
189 1572 336 1635 nominis
352 1572 504 1637 officiunt
520 1572 563 1655 (¹)
578 1586 609 1649 l,
634 1582 666 1636 et
695 1574 760 1637 alia
777 1574 879 1637 luisse
895 1575 1075 1655 postremis
1098 1573 1190 1636 hisce
1295 1564 1300 1576 ⁸

91 1678 180 1741 annis
193 1678 244 1742 vel
263 1677 398 1760 publica
413 1660 614 1743 auctoritate
637 1678 773 1743 decreta
796 1679 847 1741 vel
863 1688 950 1754 acta,
966 1678 1055 1743 haud
1081 1680 1190 1741 minus

90 1800 163 1845 sane
179 1780 353 1845 Ecclesiae
369 1783 433 1863 ipsi
450 1783 563 1865 reique
585 1782 772 1847 catholicae
787 1782 994 1863 perniciosa:
1012 1802 1053 1846 eo
1075 1792 1189 1846 autem

91 1886 141 1967 qui
168 1906 260 1950 nunc
287 1894 339 1949 est
362 1887 592 1950 communium
610 1907 720 1951 rerum
748 1896 935 1950 vestrarum
961 1906 1069 1963 cursu,
1093 1886 1190 1950 valde

91 1990 401 2070 pertimescendum,
432 2009 473 2053 ne
512 1988 612 2072 longe
650 1991 806 2073 graviora
843 1990 999 2053 eveniant
1037 1989 1190 2072 religioni

90 2094 215 2161 damna.
231 2132 277 2143 -
295 2095 457 2173 Iamvero,
473 2095 563 2176 quod
581 2096 779 2159 nominatim
805 2095 949 2176 pertinet
965 2095 1007 2158 ad
1025 2113 1065 2157 ea
1080 2113 1189 2157 rerum

91 2198 206 2281 capita,
234 2218 321 2281 quae
346 2197 527 2261 ferventius
555 2199 645 2279 apud
674 2219 749 2261 vos.
765 2198 924 2279 proximo
948 2197 1013 2261 hoc
1038 2207 1190 2279 tempore
1216 2166 1368 2295 Episs‘jff

93 2303 213 2383 agitata
241 2311 330 2380 sunt,
357 2311 504 2365 vestrum
530 2310 590 2379 est,
617 2301 838 2366 Venerabiles
866 2304 1009 2381 Fratres,
1040 2302 1190 2366 studiose
1216 2298 1367 2410 synantclaa

91 2408 359 2488 concorditerque
375 2405 455 2468 dare
471 2426 618 2488 operam,
635 2417 671 2470 ut
687 2426 805 2471 omnes
821 2415 893 2469 tum
910 2406 1102 2471 sacerdotes
1117 2416 1189 2471 tum
1217 2377 1339 2476 laibos‘dea·

91 2508 158 2573 laici
174 2512 329 2595 apprime
351 2519 538 2593 agnoscant
558 2510 637 2592 quid
663 2510 725 2572 sibi
752 2511 851 2574 liceat
877 2519 910 2573 et
934 2530 954 2572 a
980 2530 1048 2593 quo
1074 2530 1191 2574 cavere
1217 2494 1321 2609 ‘3225

90 2612 238 2691 debeant,
271 2634 312 2677 ne
338 2623 455 2679 contra
483 2616 645 2680 naturalis
676 2617 878 2699 divinaeque
908 2617 993 2699 legis
1016 2616 1191 2681 offendant
1253 2669 1256 2674 ,

90 2718 298 2801 praescripta.
312 2718 358 2783 Et
375 2719 534 2800 quoniam
552 2719 703 2803 plerique
718 2729 866 2784 vestrum
885 2724 928 2786 de
945 2723 984 2785 iis
1000 2723 1081 2804 ipsis
1095 2723 1192 2787 rebus

89 2821 271 2886 animarum
287 2834 457 2887 curatores
474 2825 640 2888 iusserunt
668 2824 891 2906 Apostolicae
908 2825 1007 2890 Sedis
1024 2826 1193 2903 iudicium,

90 2926 368 3009 aiobismetipsis
396 2936 622 3010 perrogatum,
650 2937 841 3010 expectare,
864 2939 1012 2993 vestrum
1029 2930 1096 2992 iam
1120 2932 1192 3006 erit,

88 3026 302 3094 Venerabiles
320 3031 462 3107 Fratres,
479 3032 616 3095 eosdem
634 3050 804 3096 sacrorum
831 3033 1047 3098 administros
1073 3032 1191 3095 sedulo

89 3135 265 3200 admonere
282 3145 319 3199 ut
335 3136 488 3218 religioni
504 3136 653 3201 habeant
677 3158 718 3200 ne
742 3137 920 3201 minimum
936 3137 1074 3219 quidem
1091 3136 1135 3200 ab
1152 3137 1191 3199 iis

88 3237 255 3304 discedere
281 3260 368 3323 quae
395 3240 594 3322 Apostolica
616 3240 723 3306 Sedes
749 3240 800 3304 vel
818 3240 973 3303 statuerit
989 3240 1040 3304 vel
1058 3260 1191 3321 praece-

89 3344 191 3423 perit:
207 3345 300 3427 quod
317 3348 430 3409 autem
456 3344 686 3408 sacerdotibus
703 3364 770 3407 non
795 3344 903 3421 liceat,
919 3343 1056 3426 planum
1075 3353 1126 3407 est
1150 3363 1192 3405 ne

89 3444 174 3511 laicis
191 3449 330 3531 quidem
347 3446 540 3513 hominibus
565 3449 647 3513 illud
665 3450 772 3514 licere.
797 3446 1014 3511 —Ceterum
1040 3449 1084 3511 ad
1111 3468 1191 3530 pro·
1335 3528 1340 3537 Π

88 3548 267 3617 bibendam
296 3552 514 3635 plurimorum
543 3555 707 3617 malorum
725 3553 802 3630 vim,
830 3552 1006 3634 permagni
1033 3553 1192 3634 ponderis
1213 3527 1367 3655 ,210qu

88 3664 143 3733 est,
158 3667 195 3720 ut
212 3656 402 3719 animarum
419 3667 589 3721 curatores
613 3676 787 3740 nunquam
812 3656 977 3719 desistant
1006 3655 1192 3719 multitudi-
1225 3657 1367 3734 afatholicis

89 3775 160 3823 nem
176 3779 401 3837 commonere,
429 3769 465 3823 ut
481 3761 525 3824 ab
550 3761 808 3863 ineundishcum
834 3760 951 3824 alienis
978 3781 998 3823 a
1025 3760 1193 3826 catholico
1217 3724 1331 3772 '’md‘'

88 3862 221 3925 nomine
245 3863 419 3945 coniugiis,
443 3874 607 3946 quantum
633 3862 702 3927 lieri
727 3866 842 3947 possit,
859 3863 1060 3927 abstineant.
1085 3865 1193 3931 Probe

89 3961 276 4049 intelligant
292 3964 416 4041 fideles,
430 3974 654 4049 notatumque
664 3968 785 4031 animis
798 3966 957 4044 habeant,
973 3968 1018 4031 ab
1027 3969 1193 4034 eiusmodi

88 4068 345 4152 coniugiis,quae
356 4089 488 4151 semper
499 4068 653 4133 Ecclesia
668 4069 837 4134 detestata
854 4079 914 4147 est,
930 4091 975 4134 ex
992 4092 1032 4134 eo
1043 4072 1193 4137 maxime

90 4188 158 4234 esse
180 4171 441 4250 abhorrendum,
470 4174 518 4236 uti
551 4174 624 4238 Nos
655 4174 718 4257 ipsi
750 4174 817 4238 alio
842 4177 917 4240 loco
948 4178 1117 4242 ediximus
1141 4179 1194 4260 (2),

118 4336 137 4369 1.
156 4324 233 4382 Epist.
253 4327 350 4385 Encycl.
363 4328 396 4372 ad
408 4328 542 4384 Episcopos
554 4326 638 4385 Hung.
652 4328 691 4373 die
702 4338 761 4373 xxu
772 4328 835 4386 Aug.
854 4338 1058 4375 nnccccxxxvr.

118 4403 138 4437 a.
156 4392 213 4437 Litt.
228 4392 323 4453 Encycl.
341 4395 370 4441 de
385 4394 548 4441 Matrimonia
558 4396 699 4449 christiano,
717 4410 757 4443 an.
775 4405 952 4442 uncchxxx.
