3117 4859
414 369 465 417 DE
492 367 707 417 SEhllNARlO
733 365 928 417 VATICANO
1155 366 1200 435 23
1207 361 1225 434 5

573 459 665 465 -·-
894 457 1223 466 ——-......-.———

116 502 333 568 intendimus.
350 504 464 587 Quare
480 503 563 568 illud
591 506 624 567 in
648 503 765 585 primis
789 503 998 586 propositum
1016 502 1087 576 suit,
1104 511 1140 564 ut
1158 519 1227 563 ma·
1312 525 1345 570 ra

117 614 212 696 gistri
239 613 465 694 deligerentur
497 611 555 693 qui
588 610 720 692 publice
752 619 864 673 essent
891 609 1034 673 docendi
1068 607 1227 672 facultate
1291 585 1363 701 iffi

116 717 281 793 instructi,
297 737 357 799 per
372 735 457 798 quos
472 715 542 779 sive
559 714 739 780 Seminarii
764 715 902 788 alumni,
918 714 988 776 sive
1005 712 1115 777 clerici
1133 711 1227 774 Basi·
1377 721 1383 730 '

117 823 201 885 licae
217 821 354 897 addicti,
363 821 432 883 sive
443 821 577 884 externi
587 819 830 896 adolescentes,
841 819 964 900 quibus
980 837 1086 900 aeque
1097 816 1227 880 aditum

117 924 267 1003 fecimus,
282 926 324 989 ad
343 927 465 990 iustam
478 935 549 988 tum
563 922 780 1006 eGymnasio
790 933 861 986 turn
874 943 891 986 e
904 923 1018 1006 Lyceo
1033 921 1227 984 missionem

117 1032 362 1111 assequendam
380 1030 499 1093 fierent
516 1028 637 1093 idonei.
651 1029 772 1110 ltaque
789 1028 938 1110 quinque
950 1026 1147 1092 Sacerdotia
1166 1025 1227 1089 Ba·

117 1133 231 1197 silicae
248 1134 437 1199 Vaticanae
453 1135 487 1196 in
499 1133 729 1214 magisterium
746 1132 995 1208 constituimus,
1005 1150 1146 1212 quorum
1161 1131 1230 1194 duo

118 1240 256 1314 maiora,
283 1240 412 1302 minora
439 1238 568 1320 reliqua
597 1263 604 1302 :
642 1237 766 1320 quibus
794 1236 966 1300 beneficiis
995 1245 1229 1318 praeceptores

116 1362 178 1423 pro
195 1344 349 1407 mercede
365 1344 562 1425 gauderent,
576 1343 668 1407 chori
691 1361 793 1405 onere
808 1349 1030 1404 commutato.
1047 1341 1133 1404 Mox
1150 1359 1227 1403 con·

117 1449 237 1512 stituta
252 1448 395 1530 pecunia
411 1447 598 1511 italicorum
626 1465 840 1510 nummorum
871 1447 1045 1510 sexdecim
1075 1445 1227 1521 millium,

117 1552 269 1615 additum
296 1551 410 1634 Lyceo
434 1551 604 1615 theatrum
630 1551 785 1633 physices
811 1561 844 1614 et
868 1551 1028 1614 historiae
1056 1550 1227 1616 naturalis.

95 1731 97 1735 ¹
117 1657 294 1719 Postremo
309 1657 470 1719 restitutis
486 1655 722 1737 philosophiae
748 1656 956 1738 adiectisque
973 1673 1141 1719 sacrarum
1159 1656 1225 1720 dis-

116 1759 314 1841 ciplinarum
331 1760 461 1837 studiis,
476 1758 656 1841 explendis
667 1759 899 1842 quadriennio,
912 1781 997 1840 opus
1008 1758 1225 1824 absolvimus.

161 1865 215 1927 lta
231 1873 465 1948 comparatum
483 1865 648 1947 rebusque
671 1865 830 1928 omnibus
854 1868 1056 1928 instructum
1085 1864 1225 1929 domici·
1252 1877 1305 1918 tum
1321 1885 1402 1918 nune·

116 1967 208 2044 lium,
223 1970 411 2032 curavimus
428 1980 465 2033 ut
481 1990 549 2033 non
577 1971 688 2033 minus
703 1970 893 2033 commodis
909 1969 1107 2045 abundaret,
1122 1989 1224 2050 quarn
1252 1946 1279 1978 ’θ

114 2073 321 2154 optimorum
339 2075 496 2137 iuvenum
521 2093 671 2138 numero.
688 2073 918 2157 Quamobrem
944 2072 1071 2137 Nostro
1088 2074 1224 2137 nomine

114 2176 247 2240 invitari
275 2178 451 2260 episcopos
485 2177 652 2251 iussimus,
681 2178 831 2240 maxime
863 2178 1049 2251 viciniores,
1077 2186 1114 2240 ut
1140 2197 1224 2259 quos

114 2279 251 2344 clericos
268 2281 319 2346 vel
336 2283 369 2344 in
387 2281 455 2344 suis
472 2280 677 2358 Seminariis,
693 2302 780 2364 quae
797 2292 909 2346 essent
926 2282 1052 2358 clausa,
1069 2283 1225 2364 recipere,

112 2381 163 2444 vel
181 2383 297 2464 inopia
311 2381 498 2459 doctorum,
513 2383 556 2446 ad
574 2382 687 2464 legum
704 2383 852 2446 civilium
871 2403 1037 2460 normam,
1051 2383 1225 2446 instituere

112 2505 179 2550 non
197 2494 344 2567 possent,
358 2485 402 2549 ad
425 2485 650 2550 Seminarium
667 2485 872 2550 Vaticanum
891 2487 1073 2563 mitterent,
1090 2487 1225 2550 Nostris

112 2589 176 2652 sub
192 2590 297 2653 oculis
313 2591 517 2655 educandos.
535 2590 662 2655 Ratum
691 2590 871 2654 habuimus
890 2601 923 2654 et
950 2590 1224 2654 confirmavimus
1251 2596 1402 2668 arqueuritrj·

113 2693 203 2776 quod
221 2713 298 2756 cum
316 2693 488 2758 Cardinali
506 2693 678 2777 Episcopo
695 2695 816 2759 Portus
832 2704 866 2758 et
891 2696 924 2762 S.
943 2695 1088 2759 Rufinae
1104 2715 1225 2760 conve·
1251 2662 1402 2764 mmm·

114 2799 268 2862 neratde
284 2797 413 2861 alendis
428 2799 461 2861 in
479 2799 542 2861 hoc
559 2800 633 2881 ipso
650 2798 850 2878 Seminario,
866 2810 1002 2882 sumptu
1021 2803 1101 2876 eius,
1117 2801 1224 2863 alum-

112 2903 165 2966 nis
181 2911 274 2967 certo
289 2922 439 2974 numero,
455 2922 598 2983 quorum
627 2905 730 2966 ternis
746 2905 938 2986 quibusque
961 2906 1128 2986 gratuitus
1147 2925 1226 2968 con·

111 3008 287 3070 cederetur
302 3007 405 3070 locus.
422 3007 506 3070 Tres
522 3009 605 3071 item
632 3010 798 3090 gratuitos
828 3008 920 3070 locos
938 3008 1080 3072 totidem
1109 3007 1226 3090 Carpi-

113 3111 246 3174 netanis
262 3111 533 3174 adolescentibus
549 3112 700 3187 lecimus,
716 3111 806 3175 datis
823 3113 865 3174 ad
880 3132 956 3175 eam
971 3133 1040 3174 renr
1058 3114 1226 3193 argenteis

113 3213 235 3292 italicis
261 3216 510 3298 quinquaginta
535 3214 692 3279 millibus.
709 3215 839 3278 Decem
867 3226 901 3279 et
928 3228 1055 3298 septem
1085 3218 1227 3281 dimidia

114 3329 210 3402 parte
225 3321 392 3401 gratuitos
407 3339 481 3383 esse
497 3319 715 3396 decrevimus,
731 3319 853 3401 quibus
874 3321 997 3400 partim
1016 3341 1060 3384 ex
1086 3341 1227 3401 proven·

113 3425 203 3487 tibus
236 3424 318 3486 Rev.
346 3423 516 3500 Fabricae,
532 3423 655 3506 partim
685 3443 730 3486 ex
756 3423 870 3506 legato
896 3423 1079 3487 Borromeo
1096 3423 1227 3488 dotales

113 3528 369 3608 adsignavimus
385 3525 518 3591 fundos.

160 3631 224 3693 His
241 3631 339 3695 rebus
366 3640 467 3694 aucto
491 3630 681 3695 Seminario
704 3631 875 3696 Vaticano
892 3642 924 3695 et
941 3633 973 3695 in
996 3634 1225 3698 conditionem
1285 3661 1403 3708 Praesen-

113 3735 214 3817 longe
231 3735 403 3799 meliorem
421 3736 587 3811 restituto,
597 3735 679 3798 nihil
698 3734 804 3798 terme
817 3737 1077 3801 desiderandum
1092 3759 1226 3820 supere·
1250 3721 1372 3782 rrrusjam

1249 3781 1342 3829 litteris

113 3849 175 3916 rat,
185 3839 249 3902 nisi
262 3841 551 3903 utdocumentum
566 3840 805 3921 Apostolicum
817 3841 1052 3924 ederetur,quo
1062 3852 1096 3905 et
1107 3843 1227 3924 ipsum,
1248 3841 1392 3946 ‘samyt

113 3946 268 4027 quamvis
284 3945 351 4007 iarn
369 3944 531 4008 canonice
544 3955 705 4024 erectum,
716 3955 752 4010 ut
765 3947 927 4022 diximus,
939 3967 958 4010 a
972 3947 1226 4028 praedecessore
1249 3916 1387 4006 electionem

113 4050 243 4113 Nostro
259 4047 311 4112 iel.
327 4069 391 4115 rec.
411 4047 550 4114 Urbano
567 4050 670 4116 Vlll.
686 4071 794 4115 novae
810 4052 905 4134 quasi
932 4052 1109 4114 erectionis
1125 4069 1225 4115 cano·
1249 4018 1404 4147 lhilsslss.

113 4152 209 4215 nicae
223 4153 292 4215 vim
309 4163 344 4216 et
371 4154 472 4216 robur
498 4155 676 4236 acciperet,
693 4154 911 4236 Lyceumque
936 4175 975 4218 ac
1001 4153 1223 4235 Gymnasium
1247 4143 1391 4258 ῗξξζχξζῐξζά

114 4275 279 4320 unacum
306 4257 429 4321 scholis
456 4257 693 4341 Philosophiae
717 4278 757 4320 ac
784 4258 1001 4341 Theologiae,
1024 4260 1225 4323 auctoritate
1249 4257 1332 4303 ‘’Ml“
1348 4269 1403 4303 ⁶⁰⁸·

114 4359 250 4435 Nostra,
265 4361 436 4438 canonice,
463 4363 575 4438 modo,
602 4363 748 4443 primum
777 4362 993 4444 erigerentur.
1010 4363 1083 4426 Nos
1110 4363 1224 4445 itaque
1245 4319 1339 4376 'm'
