3117 4859
263 368 315 419 DE
332 365 488 419 TEMPLO
505 364 759 418 FRANCISCALI
777 364 1029 419 BONONIENSI.
1128 364 1195 437 271

99 523 271 606 probastis,
285 523 328 587 de
343 522 462 587 eadem
479 542 514 585 re
529 522 663 604 egregie
679 522 818 585 merito:
835 541 942 603 neque
970 521 1080 585 minus
1108 539 1201 602 prae·
1229 536 1341 581 utantur

99 626 171 690 sidii
186 628 294 690 aderit
308 634 399 690 certe
425 626 522 689 vobis
538 625 582 689 ab
598 627 670 688 eius
689 624 891 688 auctoritate
906 634 941 688 et
956 624 1144 706 prudentia.
1158 660 1204 673 —
1227 597 1379 730 mm

100 728 184 794 Illud
209 731 398 813 optandum
429 739 545 806 restat,
561 740 608 806 ut,
633 728 824 792 nuntiatum
847 748 867 791 a
889 728 984 791 vobis
1016 726 1203 804 consilium,
1228 736 1311 791 spem
1326 748 1380 783 exe·

100 834 229 897 votivae
244 854 321 897 arae
337 853 399 916 pro
415 854 497 915 pace
512 832 686 895 christiani
703 832 820 914 popuii
845 833 970 897 ibidem
986 832 1204 908 dedicandae,
1226 800 1380 924 ffiffim,

100 958 132 1001 re
143 939 216 1019 ipsa
231 946 418 1002 maturetur
435 959 444 1017 ;
459 937 542 1001 nihil
559 938 648 1000 enim
667 946 779 1019 potest
802 939 909 1019 magis
925 957 1109 1020 congruere
1125 957 1202 1002 con·
1229 926 1378 1042 mm

99 1041 177 1104 siliis
194 1042 338 1119 Nostris,
353 1062 439 1124 quae
456 1043 591 1123 saepius
618 1042 794 1117 edidimus,
819 1060 895 1104 cum
915 1041 1089 1105 civitatum
1113 1040 1205 1105 bono
1230 1059 1328 1107 votivae

99 1151 130 1208 et
146 1145 318 1209 Ecclesiae
332 1146 499 1227 dignitate
515 1144 710 1209 coniunctis.
728 1145 790 1222 Ita,
809 1142 927 1226 templi
945 1143 1117 1207 renideute
1133 1152 1205 1206 arte
1227 1131 1362 1251 gfff,

98 1248 329 1331 renovatisque
359 1250 526 1331 auspiciis,
541 1249 716 1313 sublimius
742 1250 776 1312 in
802 1268 843 1312 eo
865 1248 1035 1330 erigantur
1066 1257 1206 1324 mentes,
1231 1254 1313 1303 stiani

98 1350 345 1417 inflammentur
365 1355 469 1417 anImi
488 1352 531 1418 ad
547 1354 768 1417 insistendam
785 1352 931 1417 iustitiae
945 1362 978 1416 et
986 1352 1082 1436 pacis
1104 1353 1203 1427 viam,

100 1474 162 1536 qua
177 1456 292 1521 exitus
305 1468 397 1539 patet
414 1458 496 1522 felix
509 1460 542 1521 in
556 1458 696 1523 caelum.
712 1494 755 1506 —
767 1456 906 1539 Coeptis
917 1458 1071 1538 votisque
1081 1457 1204 1539 aspiret

99 1556 202 1636 Deus,
216 1560 310 1624 cuius
326 1561 603 1645 benignissimam
619 1580 718 1644 opem
735 1561 876 1645 singulis
892 1561 995 1637 vobis
1007 1559 1121 1624 dilecti
1139 1560 1206 1641 filii,

99 1683 156 1745 per
167 1665 404 1746 Apostolicam
421 1666 702 1743 benedictionem,
714 1678 855 1750 paterno
868 1667 981 1731 animo
994 1674 1207 1749 exoptamus.

140 1768 272 1834 Datum
284 1770 415 1835 Romae
424 1774 513 1853 apud
525 1772 560 1837 S.
571 1774 707 1837 Petrum
723 1773 778 1836 die
790 1786 862 1837 xm
879 1772 967 1835 Iunii
984 1782 1208 1847 MDcccxclv,

100 1870 321 1939 Pontificatus
331 1874 447 1939 Nostri
463 1895 553 1939 anno
568 1876 701 1939 decimo
716 1876 869 1956 septImo.

1225 1322 1324 1385 populi.

781 2040 877 2107 LEO
895 2040 958 2105 ΡΡ.
975 2039 1078 2103 XIII.
