3117 4859
347 331 414 406 ¹7²
474 339 657 393 arrsrocn
684 341 895 394 aucrcmca
925 331 1071 396 “sarrs
1098 343 1311 396 cocurrun.
1329 321 1347 348 '¹

343 474 438 543 (Cui
455 479 545 544 nolle
570 482 695 563 primas
710 485 801 562 dare,
826 483 880 548 vel
908 505 1062 550 summae
1086 485 1239 569 proiecto
1264 484 1448 568 impietatis

343 588 435 656 (est,
450 582 501 646 vel
519 585 712 669 praecipitis
728 589 983 671 arrogantiae...
1002 589 1094 654 Etsi
1109 608 1335 674 unaquaeque
1349 589 1448 652 disci·

344 683 478 766 (plina,
494 705 699 772 quamquam
717 690 793 754 vilis
808 701 843 756 et
859 691 976 769 lacilis,
1002 700 1040 756 ut
1055 693 1183 777 percipi
1200 693 1318 774 possit,
1333 694 1448 757 docto·

344 801 444 856 (rem
461 800 520 856 aut
546 794 744 875 magistrum
761 794 920 878 requirit;
943 796 1023 879 quid
1047 798 1246 861 temerariae
1274 797 1450 880 superbiae

346 892 517 974 (plenius,
547 914 649 978 quam
677 898 871 963 divinorum
896 908 1184 964 sacramentorum
1209 900 1313 965 libros
1344 911 1379 965 et
1407 900 1450 963 ab

346 995 615 1082 (interpretibus
639 1003 709 1066 suis
733 1003 823 1069 nolle
849 1021 1062 1086 cognoscere,
1088 1013 1122 1068 et
1147 1003 1342 1088 incognitos
1365 1003 1450 1068 velle

346 1114 364 1167 (
380 1102 541 1168 damnare
556 1105 656 1189 (¹)i)

194 1235 251 1282 m„
268 1236 317 1282 sora
390 1205 468 1270 Hoc
483 1208 586 1292 igitur
608 1211 680 1276 siue
696 1211 764 1276 ulla
787 1211 1000 1277 dubitatione
1023 1221 1075 1277 est
1095 1211 1242 1276 officium
1271 1211 1451 1290 Ecclesiae,

164 1295 320 1406 Fffffjffijf
344 1310 560 1377 christianam
576 1315 765 1379 doctrinam
790 1317 876 1381 tueri
901 1334 1044 1398 eamque
1069 1335 1257 1399 propagare
1281 1317 1447 1398 integram

164 1415 319 1532 aclfflgf
344 1423 447 1499 atque
462 1417 698 1501 incorruptam.
725 1419 793 1484 Sed
817 1439 1030 1502 nequaquam
1057 1419 1091 1482 in
1116 1420 1183 1484 isto
1206 1432 1287 1484 sunt
1304 1421 1446 1484 omnia:

165 1533 317 1638 stasm-
344 1520 413 1583 imo
429 1540 471 1584 ne
487 1519 562 1584 finis
588 1522 736 1605 quidem,
759 1523 853 1588 cuius
881 1525 1006 1588 caussa
1027 1533 1080 1587 est
1105 1522 1257 1588 Ecclesia
1281 1523 1448 1598 instituta,

194 1652 232 1696 „a
239 1653 317 1711 fine„
344 1623 454 1690 officio
470 1625 536 1690 isto
550 1627 1069 1713 concluditur.Quandoquidem,
1084 1639 1122 1693 ut
1136 1631 1244 1694 lusus
1257 1629 1450 1694 CHRISTUS

161 1711 318 1828 {mma
345 1747 405 1810 pro
421 1729 528 1794 salute
543 1731 683 1795 humani
699 1734 831 1815 generis
854 1732 979 1815 seipse
994 1733 1141 1808 devovit,
1155 1744 1258 1815 atque
1271 1733 1350 1809 huc,
1364 1751 1451 1813 quae

165 1841 259 1934 2:3¹⁸
273 1830 317 1875 *¹¹-
343 1830 514 1898 docuisset
544 1853 698 1916 quaeque
728 1837 964 1918 praecepisset,
986 1837 1102 1900 omnia
1135 1836 1258 1913 retulit,
1280 1836 1328 1898 sic
1355 1833 1451 1899 iussit

345 1934 532 2001 Ecclesiam
549 1957 709 2021 quaerere
725 1939 758 2002 in
777 1939 919 2004 veritate
933 1939 1195 2023 doctrinaeque
1209 1940 1367 2002 homines
1375 1957 1451 2001 cum

343 2047 478 2102 sanctos
494 2037 650 2118 efficeret,
666 2050 738 2106 tum
756 2039 1061 2107 salvos-Verum
1078 2043 1164 2105 tanti
1181 2040 1449 2122 magnitudinem

342 2151 445 2226 atque
461 2143 698 2209 excellentiam
715 2147 880 2229 propositi
892 2147 1053 2229 consequi
1063 2145 1136 2209 sola
1147 2143 1230 2208 fides
1242 2143 1337 2208 nullo
1348 2142 1451 2207 modo

341 2257 476 2331 potest:
493 2249 645 2314 adhiberi
671 2269 809 2315 necesse
834 2261 884 2314 est
909 2269 985 2313 cum
1015 2249 1080 2314 Dei
1106 2249 1234 2313 cultum
1262 2249 1390 2312 iustum
1413 2267 1449 2309 ac

340 2351 444 2436 pium,
456 2354 514 2436 qui
532 2355 683 2418 maxime
698 2353 862 2418 sacrificio
881 2354 998 2418 divino
1013 2363 1047 2418 et
1063 2363 1351 2417 sacramentorum
1361 2371 1449 2415 com·

343 2456 572 2521 municatione
587 2459 789 2536 continetur,
809 2469 882 2524 tum
909 2459 1012 2522 etiam
1035 2458 1250 2520 sanctitatem
1277 2456 1391 2537 legum
1412 2473 1449 2517 ac

341 2559 550 2643 disciplinae.
565 2599 608 2610 -
625 2561 696 2626 Ista
713 2563 815 2646 igitur
830 2562 946 2628 omnia
961 2562 1072 2626 inesse
1087 2562 1121 2624 in
1140 2560 1293 2624 Ecclesia
1308 2567 1448 2642 oportet,

341 2667 469 2750 quippe
484 2685 571 2750 quae
587 2665 776 2732 Servatoris
799 2666 915 2731 munia
931 2665 964 2728 in
981 2685 1102 2730 aevum
1128 2665 1361 2748 persequitur:
1377 2663 1446 2726 reli-

341 2772 489 2854 gionem,
503 2791 605 2853 quam
623 2770 656 2833 in
670 2790 710 2834 ea
722 2771 814 2835 velut
838 2771 1041 2852 incorporari
1054 2767 1111 2832 ille
1123 2768 1241 2845 voluit,
1256 2767 1445 2832 mortalium

342 2876 455 2958 generi
471 2873 563 2940 omni
577 2896 621 2938 ex
638 2884 732 2956 parte
748 2874 938 2938 absolutam
961 2873 1033 2937 sola
1049 2881 1219 2955 praestat:
1235 2873 1385 2956 itemque
1400 2891 1447 2946 ea,

341 3000 428 3062 quae
443 3001 488 3043 ex
504 2979 673 3044 ordinario
698 2980 932 3061 providentiae
955 2977 1098 3043 consilIo
1123 2988 1202 3043 suut
1227 2979 1448 3042 instrumenta

342 3081 469 3160 salutis,
484 3083 557 3148 sola
572 3085 776 3166 suppeditat.

195 3209 251 3255 sm·
264 3223 319 3254 vm
386 3187 436 3251 At
452 3206 531 3250 vero
547 3208 615 3269 quo
625 3189 728 3252 modo
737 3187 890 3251 doctrina
905 3186 1059 3252 caelestis
1071 3203 1243 3267 uunquam
1264 3184 1327 3250 suit
1340 3185 1445 3266 priva·

193 3269 321 3386 ,02ss5ss
344 3301 454 3355 torum
479 3291 618 3355 arbitrio
645 3291 825 3374 ingeniove
853 3291 1024 3373 permissa,
1048 3290 1107 3354 sed
1132 3288 1300 3372 principio
1324 3309 1345 3351 a
1361 3289 1446 3352 Ifsu

182 3399 320 3432 successores
344 3395 477 3473 tradita,
492 3395 651 3477 deinceps
667 3395 697 3459 ei
713 3396 905 3478 separatim,
916 3396 959 3460 dc
976 3415 1043 3478 quo
1058 3394 1186 3459 dictum
1203 3400 1265 3471 est,
1280 3410 1449 3456 commen-

189 3447 318 3492 constitua·

167 3510 320 3610 auxesis
345 3500 425 3563 data
437 3499 631 3581 magisterio
649 3523 656 3564 :
671 3500 718 3562 sic
735 3501 837 3564 etiam
854 3519 921 3563 non
933 3498 1074 3581 singulis
1085 3519 1104 3560 e
1117 3497 1244 3580 populo
1259 3496 1450 3570 christiano,

174 3624 321 3694 ornicum:
345 3621 458 3667 verum
475 3604 613 3669 delectis
628 3604 831 3687 quibusdam
848 3605 929 3668 data
944 3603 1105 3667 divinitus
1122 3601 1264 3665 facultas
1286 3609 1339 3664 est
1354 3597 1449 3681 perfi-

187 3683 319 3801 WJJ,
343 3705 452 3771 ciendi
463 3717 564 3790 atque
576 3709 836 3773 administrandi
849 3706 1210 3788 divinamysteriamna
1221 3724 1299 3768 cum
1311 3704 1447 3787 regendi

165 3801 319 3906 ,mim
342 3809 618 3895 gubernandique
630 3812 931 3894 potestate.Neque
942 3810 1032 3874 enim
1043 3809 1107 3872 nisi
1120 3809 1162 3873 ad
1171 3807 1360 3893 Apostolos
1370 3808 1449 3890 legi-

264 3896 269 3907 ¹
341 3913 510 3996 timosque
535 3935 650 3979 eorum
672 3934 881 3979 successores
898 3934 937 3977 ea
950 3913 1152 3996 pertinenta
1170 3913 1259 3977 lEsU
1280 3911 1448 3976 Cffltlsto

341 4018 431 4082 dicta
450 4042 456 4080 :
472 4018 598 4082 Enntes
614 4019 648 4082 in
665 4018 827 4082 mundum
857 4017 1058 4092 universum,
1083 4015 1275 4098 praedicate
1298 4015 1448 4096 Evange-

340 4120 474 4195 lium,...
489 4121 693 4202 baptizantes
705 4142 806 4186 eon...
818 4120 892 4185 Hoc
891 4120 998 4200 facite
1014 4119 1049 4182 in
1059 4139 1166 4182 meam
1177 4119 1450 4182 commemoratio·

342 4243 454 4284 nem...
472 4223 619 4300 Quorum
630 4225 826 4288 remiseritis
832 4234 969 4306 peccata,
976 4223 1194 4286 remittuntur
1203 4224 1258 4285 eis.
1272 4221 1450 4302 Similique

341 4329 1448 4414 W
