3117 4859
339 329 407 400 188
467 351 649 404 urrsrour
675 352 887 406 aucuerrcr
915 341 936 371 “
955 353 1060 406 sarrs
1086 352 1299 404 cocurruu.
1320 329 1339 358 ’¹

335 507 353 560 (
372 493 470 558 Meus
487 495 595 560 honor
610 505 661 559 est
677 495 785 562 honor
800 497 997 561 universalis
1013 496 1193 560 Ecclesiae
1212 497 1311 560 Meus
1334 496 1444 560 honor

338 608 421 663 (est
444 597 584 662 fratrum
607 619 757 664 meorum
774 601 902 664 solidus
918 601 1021 682 vigor.
1045 601 1142 664 Tunc
1165 620 1229 683 ego
1244 621 1321 665 vere
1335 599 1445 664 hono·

336 711 462 768 (ratus
489 723 573 780 sum,
598 725 673 768 cum
700 705 841 788 singulis
867 706 1055 788 quibusque
1081 705 1350 771 bonor.debitus
1374 724 1444 769 non

338 820 355 872 t
372 816 513 888 negatur
529 807 580 890 (¹).
596 821 614 876 )

206 925 309 994 Persas
380 909 445 974 His
462 931 548 995 quae
564 913 654 977 dicta
670 923 757 990 sunt,
774 913 946 977 Ecclesiae
973 914 1109 997 quidem
1133 913 1315 996 imaginem
1341 921 1447 995 atque

213 985 310 1030 mm
335 1013 476 1079 formam
494 1037 537 1079 ex
553 1017 668 1082 divina
682 1017 923 1082 constitutione
938 1015 1081 1081 fideliter
1093 1016 1331 1099 expressimus.
1344 1016 1445 1080 Plura

326 1119 502 1202 persecuti
518 1121 560 1184 de
577 1121 706 1186 unitate
731 1142 864 1200 sumus;
887 1121 1075 1185 cuiusmodi
1099 1121 1188 1184 hanc
1212 1140 1295 1195 esse,
1318 1131 1353 1184 et
1377 1140 1446 1203 quo

335 1225 601 1288 conservandam
618 1225 784 1308 principio
800 1226 932 1290 divinus
947 1234 1065 1289 auctor
1079 1225 1229 1300 voluerit,
1241 1225 1323 1289 satis
1334 1225 1445 1308 expli·

185 1343 312 1413 canorius
336 1328 494 1392 cavimus.
511 1327 688 1412 Quotquot
705 1330 821 1395 divino
837 1349 975 1393 munere
993 1327 1223 1410 beneficioque
1237 1330 1392 1412 contigit,
1405 1341 1447 1394 ut

156 1407 311 1532 ⁶:223ssss
337 1432 369 1494 in
388 1433 461 1496 sinu
481 1433 653 1498 Ecclesiae
667 1433 854 1498 catholicae
868 1444 1044 1517 tamquam
1057 1455 1102 1497 ex
1114 1453 1155 1497 ea
1166 1433 1237 1497 nati
1249 1434 1375 1510 vivant,
1386 1453 1445 1497 eos

209 1521 312 1568 ''lm“
338 1555 452 1600 vocem
471 1536 630 1602 Nostram
650 1537 873 1622 apostolicam
889 1539 1072 1616 audituros,
1087 1557 1155 1602 non
1170 1546 1221 1601 est
1237 1556 1296 1601 cur
1312 1537 1448 1601 dubite-

157 1595 249 1627 summo
259 1589 304 1640 pa-

157 1640 312 1746 Λονέιξὲνίζι
338 1658 434 1704 mus:
453 1641 536 1706 Oves
551 1663 639 1706 meae
654 1663 758 1706 vocem
775 1663 881 1705 meam
893 1643 1040 1706 audiunt
1053 1641 1107 1725 (²).
1121 1641 1238 1725 Atque
1252 1641 1332 1705 hinc
1347 1639 1448 1707 facile

213 1759 313 1829 cqnfiru
338 1745 541 1828 sumpserint
556 1766 624 1828 quo
640 1757 674 1811 et
689 1748 885 1811 erudiantur
899 1747 1039 1830 plenius,
1054 1757 1089 1811 et
1104 1745 1279 1810 voluntate
1298 1767 1445 1828 propen-

156 1818 279 1877 P⁰⁸‘¹s‘²'
337 1847 425 1913 siore'
439 1869 514 1913 cum
532 1851 722 1932 pastoribus
737 1851 878 1935 quisque
903 1851 971 1914 suis
994 1861 1028 1915 et
1051 1870 1110 1932 per
1134 1870 1193 1914 eos
1215 1871 1292 1914 cum
1309 1861 1449 1933 pastore

337 1973 470 2018 summo
500 1953 711 2032 cohaereant,
736 1965 772 2019 ut
797 1956 902 2019 tutius
928 1964 1055 2038 queant
1082 1955 1170 2018 intra
1192 1954 1281 2018 ovile
1306 1955 1444 2021 unicum

337 2055 542 2140 permanere,
557 2058 791 2142 fructuumque
814 2079 859 2123 ex
883 2081 924 2124 eo
948 2059 1145 2124 salutarium
1170 2060 1332 2123 maiorem
1348 2059 1448 2123 uber-

156 2177 306 2225 Drssrnnns
338 2173 441 2226 tatem
458 2183 585 2247 capere.
601 2163 728 2228 Verum
746 2164 986 2246 aspicientibus
1002 2163 1112 2227 Nobis
1137 2163 1174 2228 in
1188 2173 1352 2227 auctorem
1358 2163 1447 2247 fidei

176 2239 314 2343 ''2222ss
336 2278 368 2331 et
380 2278 669 2332 consummatorem
683 2267 794 2332 Iesum
810 2267 862 2351 (³),
873 2269 966 2332 cuius
977 2267 1101 2331 vicaria
1116 2275 1293 2350 potestate,
1308 2271 1445 2332 tametsi

193 2357 313 2462 nullm
338 2374 481 2454 impares
496 2372 654 2456 dignitati
672 2383 706 2435 et
723 2373 862 2448 muneri,
877 2372 1056 2454 fungimur,
1071 2373 1210 2435 caritate
1226 2371 1297 2434 eius
1313 2371 1443 2436 inflam-

156 2475 288 2534 compellar.
338 2488 447 2539 matur
463 2478 611 2556 animus;
625 2477 772 2560 illudque
795 2478 838 2542 de
854 2497 889 2540 se
911 2498 930 2540 a
947 2476 1084 2542 Christo
1099 2477 1237 2552 dictum,
1253 2475 1296 2538 de
1320 2475 1443 2540 Nobis·

337 2581 489 2662 metipsis
505 2599 572 2644 non
589 2582 661 2644 sine
672 2601 790 2644 caussa
806 2601 1025 2664 usurpamus:
1041 2579 1144 2643 Alias
1157 2577 1446 2662 munimenque

335 2703 397 2745 non
413 2694 491 2748 sunt
509 2705 549 2747 ex
567 2684 623 2748 hoc
635 2686 719 2749 ovili
729 2709 741 2749 :
760 2695 794 2748 et
815 2685 891 2749 illas
905 2693 1026 2767 oportet
1047 2705 1099 2747 me
1112 2682 1279 2760 adducere,
1293 2693 1327 2747 et
1339 2705 1443 2750 vocent

334 2807 440 2850 meam
466 2789 602 2852 audient
624 2790 675 2872 (4).
701 2789 773 2854 Nos
805 2791 906 2873 igitur
936 2790 1051 2853 audire
1081 2799 1116 2853 et
1139 2787 1442 2852 caritatiNostrae

335 2908 495 2981 paternae
506 2895 646 2978 obsequi
661 2915 701 2959 ne
714 2905 875 2972 recusent,
885 2903 1053 2977 quotquot
1065 2902 1153 2969 sunt,
1164 2893 1221 2975 qui
1233 2893 1440 2973 impietatem

335 3013 404 3066 tam
422 3002 489 3064 late
504 2999 613 3064 susam
629 3002 782 3076 oderunt,
798 3009 832 3062 et
859 3000 980 3064 lasuu
997 2997 1201 3063 Cunrssuu
1224 2995 1347 3061 Filium
1377 2996 1440 3060 Dei

336 3107 559 3188 eumdemque
596 3113 799 3168 servatorem
838 3105 969 3185 generis
1007 3102 1145 3166 humani
1183 3109 1372 3184 agnoscunt
1410 3111 1442 3163 et

191 3260 310 3307 montrum
336 3209 491 3286 latentur,
507 3209 566 3272 sed
592 3220 705 3271 tamen
731 3217 898 3289 vagantur
920 3209 964 3271 ab
979 3207 1051 3271 eius
1067 3205 1200 3287 Sponsa
1217 3204 1361 3288 longius.
1376 3203 1441 3288 Qui

185 3319 309 3379 eupropa
336 3315 505 3378 Christum
533 3323 679 3386 sumunt,
709 3321 819 3376 totum
851 3321 987 3376 sumant
1023 3330 1160 3374 necesse
1191 3319 1262 3372 est:
1296 3309 1441 3376 (Totus

157 3379 310 3495 ”22:3le
339 3433 356 3486 t
373 3417 525 3482 Christus
540 3427 643 3499 caput
659 3427 693 3481 et
708 3437 830 3501 corpus
841 3427 893 3480 est
906 3441 913 3480 :
928 3425 1031 3498 caput
1046 3414 1239 3497 unigenitus
1252 3413 1358 3476 Filius
1370 3411 1443 3488 Dei,

154 3497 309 3602 ssffiss²⁵¹⁰
339 3537 356 3588 l
371 3541 491 3603 corpus
507 3523 578 3584 eius
595 3521 767 3586 Ecclesia:
783 3541 926 3604 sponsus
939 3517 1241 3602 etsponsa,duoin
1255 3535 1440 3581 carneuna

335 3641 353 3694 t
371 3624 586 3709 Quicumque
602 3626 645 3690 de
661 3627 736 3708 ipso
748 3626 859 3708 capite
871 3646 890 3688 a
903 3623 1085 3706 Scripturis
1097 3623 1222 3686 sanctis
1233 3621 1442 3694 dissentiunt,

336 3745 353 3798 s
370 3731 501 3794 etiarnsi
526 3731 558 3795 in
583 3730 739 3795 omnibus
765 3729 846 3793 locis
864 3730 1086 3793 'inveniantur
1101 3727 1135 3790 in
1152 3725 1274 3810 quibus
1291 3723 1440 3788 Ecclesia

338 3849 355 3901 t
371 3834 548 3917 designata
564 3846 624 3912 est,
641 3855 706 3898 non
724 3846 803 3900 sunt
819 3835 853 3898 in
872 3833 1033 3898 Ecclesia.
1049 3833 1095 3897 Et
1107 3850 1230 3906 rursus,
1241 3831 1440 3910 quicumque

338 3940 412 4004 rde
430 3939 504 4020 ipso
527 3941 641 4022 ¹capite
666 3938 848 4021 Scripturis
873 3939 999 4003 sanctis
1024 3935 1249 4009 consentiunt,
1271 3942 1307 3997 et
1322 3930 1438 3995 unitati

336 4054 353 4108 t
372 4041 543 4105 Ecclesiae
568 4063 634 4108 non
661 4043 922 4119 communicant,
937 4062 1004 4106 non
1028 4049 1107 4106 sunt
1129 4040 1163 4103 in
1185 4036 1339 4102 Ecclesia
1355 4032 1436 4119 (⁵).)

364 4224 383 4256 r.
397 4211 421 4257 S.
435 4211 567 4269 Gregorius
579 4213 622 4266 M..
638 4213 807 4272 Epistularum
818 4215 857 4260 lib.
870 4215 1002 4276 vrrr,epist.
1016 4213 1119 4265 xxx.ad
1129 4207 1299 4267 Eulogium·
1310 4219 1332 4252 a.
1344 4204 1438 4253 luam·

336 4287 363 4327 x,
376 4291 412 4334 27.
426 4301 455 4312 -
471 4289 495 4336 3.
510 4279 594 4332 Hebr..
616 4289 666 4332 xit,
693 4293 714 4327 a.
737 4305 767 4314 -
790 4297 812 4338 4.
830 4283 928 4335 Ioann..
951 4292 978 4334 x.
999 4283 1034 4327 16.
1048 4304 1078 4315 —
1093 4292 1115 4339 5.
1133 4279 1158 4326 3.
1171 4275 1330 4336 Augustinus.

336 4345 481 4390 Donatistas
490 4345 607 4404 Epistola.
619 4349 670 4394 sive
680 4348 717 4395 De
730 4349 800 4398 Urit.
813 4350 891 4404 Eccl..
902 4363 955 4410 cap
970 4360 1005 4404 rv,
1015 4363 1040 4396 u.
1050 4363 1072 4406 7.
1320 4369 1326 4382 ·
