3117 4859
151 397 152 402 r
188 391 190 404 t
299 393 301 404 t
337 401 338 404 ,
364 401 367 407 .
411 395 412 403 t

67 404 72 417 Ι
107 411 125 429 'n
144 410 158 429 Ἰ
180 408 200 427 'm
218 409 239 428 'v
256 410 260 421 1
293 410 312 429 Ιγ
329 408 349 427 ἱ»
366 410 386 430 1Μ
403 411 423 429 '1'
440 412 459 431 '¹'
478 413 483 425 Ι
515 395 535 432 ΙΙν
552 413 557 426 Ι
590 415 607 434 D.
626 413 646 432 ’1,
663 415 683 433 ⁹„
701 413 721 433 ’ν
738 414 756 433 V„
776 416 796 435 'r
812 416 832 435 '1-
850 402 865 435 Ιχ,
886 418 907 437 ἲν
924 404 943 437 Ἰν
961 419 980 437 ἲν
998 420 1019 439 Ἰν
1035 422 1055 440 ἱ..
1073 422 1087 439 Ι.
1111 399 1174 474 ’,ᾗ

91 457 617 471 ·····················································
637 462 1136 479 ”nummum-nu..annunt,nunu-nnuman·
1179 450 1182 456 Ι

213 564 539 647 marannis
570 568 1024 651 APOSTOLICAE
1130 479 1173 718 ΕΞ

247 762 313 820 na
342 762 474 823 uovn
500 764 1000 829 cmcumscntpmouu
1129 703 1173 898 ἐξ

250 929 312 987 uu
344 927 632 991 uuuumouu
664 929 981 992 mosomum
1129 881 1173 1072 ἐξ

1146 1033 1172 1096 s

835 1210 1119 1228 ᾖ

159 1171 193 1182 ,
271 1092 323 1152 1u
350 1093 629 1156 nupuuutcn
655 1094 956 1162 ARGENTINA.
1128 1081 1172 1255 ΕΞ

50 1387 277 1460 &QRN
302 1387 390 1450 Petri
415 1388 583 1463 cathedra,
606 1389 683 1452 licet
707 1390 876 1465 immeriti,
898 1391 1014 1455 divina
1036 1393 1170 1459 favente
1226 1409 1309 1495 Mum

51 1456 90 1689 q
133 1503 168 1663 Ι
221 1467 387 1612 {gratia
402 1493 513 1574 positi,
529 1513 631 1567 utrum
657 1496 805 1557 muneris
823 1495 939 1559 Nostri
956 1497 998 1560 sit
1015 1497 1169 1575 spiritua·
1231 1485 1318 1570 1897.'

53 1618 81 1689 ‚p
219 1617 246 1688 Β
270 1594 359 1659 libus
385 1598 641 1662 necessitatibus
666 1607 700 1662 et
728 1598 931 1663 utilitatibus
958 1599 1106 1664 fidelium
1133 1601 1166 1662 in
1282 1622 1347 1691 Veris

52 1691 245 1768 ffils
266 1701 360 1764 omni
384 1704 519 1783 regione
535 1703 718 1776 consulere,
733 1704 876 1768 libenter
892 1706 931 1768 iis
949 1706 1047 1770 rebus
1072 1705 1167 1787 perti·
1191 1681 1306 1740 “W''

55 1804 185 1869 ciendis
200 1825 337 1885 operam
355 1807 592 1886 impendimus,
608 1829 694 1888 quae
706 1809 748 1872 ad
765 1809 855 1874 hunc
872 1809 971 1874 finem
990 1831 1167 1892 assequen-

56 1908 150 1984 dum,
175 1917 367 1989 opportune
400 1911 597 1982 conducere.
631 1911 707 1975 Deo
734 1913 925 1988 adiuvante,
958 1915 1169 1978 arbitramur.

58 2012 165 2076 Anno
192 2014 280 2076 enim
309 2016 425 2095 elapso
453 2030 677 2092 Mucccxcvt,
703 2015 924 2096 Reipublicae
958 2017 1168 2098 Argentinae

53 2115 257 2196 gubemium
281 2118 542 2183 illustrissimum
559 2121 665 2183 virum
698 2118 857 2184 Carolum
890 2119 995 2184 Calvo
1025 2117 1168 2184 admini-

57 2228 164 2283 strum
178 2241 275 2286 suum
286 2243 361 2286 cum
374 2223 485 2288 liberis
496 2225 665 2290 mandatis
675 2223 765 2306 apud
776 2222 1028 2287 Berolinensem
1046 2223 1167 2294 aulam,

61 2342 178 2387 mense
211 2325 395 2392 Decembri
430 2329 472 2392 ad
503 2329 578 2392 Nos
614 2328 818 2392 mittendum
847 2328 982 2404 curavit,
1009 2329 1167 2411 peculiari

56 2430 168 2496 eidem
184 2436 367 2500 commisso
384 2455 522 2500 munere
538 2435 660 2518 agendi
673 2434 763 2515 apud
777 2433 1014 2516 Apostolicam
1033 2435 1167 2514 Sedem,

56 2542 96 2597 ut
112 2545 178 2600 tres
194 2559 302 2603 novae
317 2541 488 2605 dioeceses
513 2540 546 2602 in
574 2539 765 2621 Argentina
791 2540 926 2618 regione
952 2539 1166 2620 erigerentur,

53 2646 90 2700 et
115 2660 203 2705 nova
229 2643 492 2725 circumscriptio
518 2643 709 2708 dioecesum
735 2644 768 2706 in
796 2643 914 2706 eadem
942 2642 1077 2724 regione
1093 2642 1164 2705 exi-

53 2746 228 2822 stentium,
246 2747 443 2829 Apostolica
459 2749 587 2813 Nostra
620 2748 822 2813 auctoritate
855 2748 1095 2811 decerneretur.
1124 2747 1164 2809 In

52 2845 145 2912 hunc
179 2851 335 2917 ellectum
369 2854 460 2917 idem
491 2853 734 2917 illustrissimus
768 2851 965 2915 administer
998 2871 1043 2914 ex
1070 2859 1165 2930 parte

55 2951 238 3035 Argentini
254 2956 408 3038 gubemii
435 2978 543 3022 rerum
568 2959 791 3039 gerendarum
809 2955 974 3020 rationem
989 2953 1067 3019 huic
1084 2954 1165 3019 Sedi

49 3058 237 3140 proposuit,
248 3082 336 3144 quae
347 3062 494 3126 Nostrae
505 3080 682 3140 supremae
698 3058 890 3124 auctoritati
906 3056 948 3121 ad
966 3057 1163 3121 canonicum

54 3157 214 3226 effectum
251 3164 478 3229 subiiceretur.
512 3163 647 3230 Oblatis
682 3161 785 3244 igitur
818 3180 838 3224 a
874 3159 966 3223 dicto
1000 3159 1164 3242 gubernio
1191 3167 1313 3274 Ἀζῖχξῇ

53 3263 266 3347 Argentinae
283 3268 503 3352 Reipublicae
518 3266 672 3348 precibus
688 3265 850 3340 inclinati,
861 3271 967 3327 totam
986 3263 1032 3326 rei
1047 3283 1164 3346 geren·
1191 3287 1297 3379 20:135!

52 3368 120 3431 dae
145 3372 308 3436 rationem
337 3373 556 3456 propositam,
582 3372 624 3434 ad
661 3388 806 3434 examen
831 3366 1007 3450 peculiaris
1035 3365 1164 3431 consilii
1191 3391 1331 3440 damarum

54 3469 89 3535 S.
105 3471 147 3537 R.
164 3473 203 3538 E.
219 3473 450 3558 Cardinalium
466 3475 682 3541 deserendam
703 3472 903 3546 censuimus,
919 3490 958 3534 ac
982 3470 1024 3534 de
1050 3490 1163 3536 eorum
1188 3465 1342 3570 §32:⁶⁶¹

53 3578 223 3642 sententia
248 3580 336 3644 votis
363 3578 527 3662 praedicti
553 3577 716 3662 gubemii,
734 3577 833 3640 iuxta
849 3573 999 3638 eiusdem
1016 3573 1164 3638 declara·
1190 3571 1341 3690 Zfflz‘x·

54 3674 176 3754 tiones,
202 3692 400 3756 annuentes,
434 3703 557 3747 novam
593 3678 936 3761 circumscriptionem
972 3677 1164 3742 dioecesum
1191 3703 1332 3794 πιῖᾳντωι,

51 3785 247 3862 praedictae
263 3774 484 3870 Reipublicae
510 3797 544 3851 et
570 3787 670 3851 trium
696 3803 860 3849 novarum
877 3781 1005 3844 sedium
1024 3780 1164 3863 Episcu·
1190 3755 1342 3868 {aliialii

48 3886 179 3965 palium
196 3891 229 3955 in
246 3912 287 3956 ea
301 3893 504 3957 erectionem
520 3889 740 3968 decrevimus,
755 3896 858 3972 atque
881 3885 1115 3967 exequendam
1130 3887 1163 3950 in
1189 3867 1342 3987 {ssssffll

54 4007 142 4070 eum,
157 3996 215 4076 qui
231 3996 390 4079 sequitur,
405 3995 543 4060 modum
561 3996 750 4060 statuimus.
1190 3989 1254 4040 tina,

97 4094 145 4160 Et
160 4097 193 4160 in
211 4099 328 4180 primis
355 4099 603 4164 ecclesiasticae
618 4091 938 4177 circumscriptionis
955 4100 1090 4170 statum,
1108 4093 1164 4176 qui
1189 4100 1323 4206 igeuxjm

55 4206 134 4263 actu
161 4203 280 4266 existit
305 4203 338 4267 in
365 4203 556 4285 Argentina
583 4200 772 4284 Republica
796 4205 869 4261 tum
895 4193 1164 4260 Archidioecesis
1191 4163 1332 4286 efflarunt-

55 4299 288 4384 Bonearensis,
304 4315 376 4370 tum
404 4306 569 4370 dioecesis
592 4301 802 4377 Paranensis,
819 4318 880 4362 nec
906 4317 972 4363 non
1000 4295 1164 4363 dioecesis
1191 4288 1342 4396 ζζξῇζξζζῖ

55 4403 231 4486 Saltensis,
263 4419 432 4493 quatenus
469 4427 554 4490 opus
591 4407 644 4486 sit,
679 4421 970 4489 quorumcumque
1006 4401 1165 4467 interesse
1191 4402 1284 4445 “mm
1299 4393 1344 4452 Μ’

102 4566 169 4609 Aera
182 4567 269 4612 mes
278 4569 348 4612 x111.
360 4593 380 4601 -
389 4569 429 4611 vt.
1117 4576 1140 4613 ι7
