3117 4859
447 348 572 399 rnnrx
599 346 852 401 xnxnvrrcus.
1137 346 1208 427 '333

99 498 158 553 tiae
178 496 245 567 piae
259 494 362 549 Matris
380 495 471 561 8990.
490 523 525 533 -
546 495 614 565 Ipsa
633 493 713 548 Fidei
733 494 937 564 propagandae
960 496 1063 551 fautrix
1086 498 1154 556 inde
1172 504 1210 556 ab

103 583 252 639 Ecclesiae
265 590 338 649 ortu,
350 591 436 652 atque
449 592 595 651 sceptrum
604 582 780 637 orthodoxae
799 583 865 637 fidei
879 582 1209 656 exstitit,eiquemultum

103 671 203 727 confisi
218 681 282 727 sunt
309 668 360 723 viri
370 668 531 738 apostolico
545 669 646 739 spiritu
659 670 737 737 clari,
763 686 876 726 necnon
896 672 997 726 Patres
1010 672 1160 729 Ecclesiae
1182 685 1211 729 et

101 760 253 823 Doctores,
265 755 411 825 Principes
424 756 581 824 christiani,
600 767 629 811 et
643 757 797 812 Pontifices
810 758 920 812 romani
932 777 941 824 3
960 757 1081 830 ideoque
1100 761 1211 816 Mariae
1287 769 1289 772 '

100 846 233 901 Ecclesia
246 855 274 901 et
294 847 394 901 Patres
412 844 563 914 splendide
576 845 753 913 gratulantur
773 860 864 913 90-91.
877 876 913 885 -
925 846 972 900 Ad
996 846 1129 902 nationes
1138 848 1210 903 chri·

100 934 209 989 stianas
221 934 250 987 in
277 934 349 988 Fide
366 945 396 990 et
410 933 557 988 Charitate
576 932 791 1002 conjungendas
808 935 933 988 maximo
958 935 991 987 B.
1006 935 1047 989 M.
1061 934 1211 1005 Virginem

100 1022 267 1091 adjumento
285 1022 347 1077 fore
372 1020 490 1076 confidit
514 1020 653 1089 Pontifex,
677 1020 783 1091 quippe
805 1038 880 1091 quae
901 1021 970 1076 olim
991 1023 1030 1077 ab
1054 1023 1210 1093 Ephesinis

101 1109 243 1175 Patribus,
256 1118 317 1164 toto
329 1111 485 1180 plaudente
494 1110 572 1176 orbe,
592 1109 807 1178 VirgoDerpara
825 1110 1005 1164 conclamata
1017 1120 1062 1165 est
1071 1125 1162 1179 91-92.
1175 1112 1211 1152 -’

138 1197 302 1250 Catholicos
316 1196 486 1250 adhortatur
497 1205 527 1250 ut
537 1213 588 1265 pro
599 1194 806 1250 dissidentibus
824 1196 858 1250 B.
872 1196 914 1249 M.
925 1196 1073 1266 Virginem
1084 1207 1211 1266 exorent,

100 1284 287 1339 fraternitatis
300 1283 481 1339 affectionem
494 1283 535 1338 sic
554 1283 723 1338 aemulatori
742 1300 817 1355 quae
829 1282 898 1338 inde
916 1284 953 1338 ab
972 1285 1054 1339 initio
1079 1286 1169 1354 viguit
1183 1287 1211 1340 in

104 1372 235 1427 Ecclesia
245 1386 337 1439 9293·
351 1401 386 1411 —
400 1370 582 1426 Dissidentes
597 1386 673 1426 nunc
686 1369 819 1425 nationes
831 1372 901 1425 olim
911 1371 1020 1440 optime
1031 1372 1067 1427 de
1078 1374 1110 1427 B.
1126 1375 1167 1427 M.
1175 1374 1211 1427 V.

99 1468 166 1513 sunt
178 1459 406 1527 meritae,eisque
418 1467 562 1513 succurret
573 1456 621 1527 pia
630 1459 725 1512 Mater
734 1474 787 1527 pro
796 1457 866 1528 ipsis
874 1470 991 1514 exorata
1000 1474 1080 1529 93.-
1090 1460 1212 1515 Exstant

100 1559 134 1595 ex
148 1542 266 1597 Oriente
277 1542 304 1595 in
319 1541 508 1596 Occidentem
521 1540 660 1596 advectae
673 1540 814 1610 imagines
828 1542 949 1609 Mariae,
958 1553 1111 1598 monentes
1119 1560 1174 1598 nos
1181 1555 1211 1599 ut

102 1632 192 1701 ipsam
203 1649 255 1701 pro
265 1630 471 1687 dissidentibus
485 1630 670 1700 imploremus
682 1645 725 1699 93.
741 1660 775 1669 —
789 1630 897 1685 Nullae
907 1632 945 1685 ad
953 1629 991 1686 B.
1007 1633 1048 1686 M.
1061 1633 1212 1701 Virginem

101 1736 202 1790 preces
214 1720 323 1775 effundi
335 1730 456 1790 possunt
481 1719 604 1775 Rosario
617 1719 793 1774 efficaciores
814 1721 853 1774 ad
866 1720 1005 1775 unitatem
1024 1721 1211 1778 christianam

102 1811 293 1878 reparandam
309 1829 317 1875 ;
342 1808 464 1878 ideoque
477 1825 494 1863 a
507 1808 635 1878 pluribus
657 1808 725 1861 olim
745 1807 887 1863 Romanis
914 1809 1100 1864 Pontificibus
1112 1810 1165 1863 fuit
1181 1811 1212 1865 in

102 1898 222 1953 Oriente
235 1906 411 1968 propagatus
429 1896 521 1951 cultus
534 1895 657 1962 Rosarii,
670 1905 770 1950 nostra
795 1895 912 1966 quidem
932 1906 1027 1952 aetate
1039 1898 1161 1952 multum
1174 1898 1213 1953 ibi

101 1986 281 2040 invalescens
291 1995 468 2053 93-94·95.—
477 1990 566 2039 Laete
576 1984 676 2039 recolit
685 1984 817 2038 Pontifex
828 1984 1010 2039 inconvento
1022 1984 1213 2041 eucharistico

104 2072 369 2143 Hierosolymitano
379 2071 560 2142 propositum
573 2070 674 2125 initum
686 2071 775 2126 fuisse
785 2072 884 2142 templi
892 2073 922 2127 in
932 2072 1073 2127 honorem
1080 2073 1212 2146 Reginae

103 2163 154 2217 SS.
169 2160 282 2216 Rosarii
293 2158 499 2215 exaedificandi
514 2173 557 2229 95.
577 2189 612 2198 -
632 2160 767 2214 Pastores
788 2171 818 2214 et
838 2176 956 2229 gregem
977 2160 1014 2214 ad
1033 2161 1209 2216 indefessum

102 2250 210 2303 Beatae
228 2247 355 2317 Virginis
376 2248 493 2315 cultum,
519 2248 647 2317 proximo
669 2248 838 2315 praesertim
860 2263 968 2315 mense,
990 2248 1154 2303 exhortatur
1184 2259 1212 2304 et

103 2336 326 2392 instantissimas
339 2352 439 2405 preces
452 2336 488 2389 ad
503 2334 628 2389 Mariam
646 2334 765 2389 effundit
788 2352 840 2404 pro
860 2334 1010 2391 catholicis
1023 2346 1058 2401 ,et
1070 2335 1179 2392 disside
1202 2366 1213 2377 ·

102 2424 177 2479 tibus
196 2426 238 2492 96.
253 2454 288 2463 -
301 2422 452 2479 Benedicit
465 2424 509 2490 96.

138 2559 190 2609 27.
213 2559 423 2609 EPISTOLA
442 2559 596 2621 Archiep.
618 2559 856 2620 Naupaotensi,
878 2558 1026 2621 delegato
1060 2571 1141 2621 apo-

102 2649 216 2698 stolico
229 2645 273 2697 ad
286 2645 470 2696 foederatas
484 2645 657 2696 American
669 2647 834 2706 civitates,
853 2645 894 2695 de
907 2644 1056 2696 vitandis
1067 2658 1142 2697 eoe-

104 2735 283 2784 tibusoum
312 2733 514 2783 acatholicis.
535 2733 823 2795 -1ssept.1895.
1058 2746 1122 2800 pag.
1177 2745 1212 2799 97

141 2844 207 2897 Non
220 2843 324 2913 probat
344 2841 475 2897 Pontifex
487 2842 646 2899 catholicos
665 2860 732 2897 cum
753 2842 922 2898 acatholicis
935 2845 1089 2898 convenire
1101 2844 1138 2899 de
1150 2846 1214 2899 reli-

103 2930 187 2999 gione
200 2928 343 2999 rectisque
355 2929 484 2983 moribus
497 2940 620 2985 acturos.
647 2931 759 2998 Pateat,
772 2931 797 2985 si
810 2930 933 2998 libuerit,
953 2930 1124 2986 acatholicis
1145 2948 1213 2986 con-

103 3029 238 3074 ventuum
263 3017 471 3073 catholicorum
498 3017 593 3072 aditus
628 3018 666 3072 ad
691 3016 868 3072 audiendum
889 3030 933 3087 97.
958 3046 994 3057 -
1024 3017 1214 3073 Sacerdotum

104 3106 315 3160 Paullianornm
329 3106 490 3160 institutum
505 3105 722 3159 commendatur
734 3117 777 3173 97.

140 3249 191 3306 28.
213 3250 423 3301 EPISTOLA
443 3249 487 3299 ad
507 3248 606 3299 Gard.
624 3248 812 3309 Rampolla,
833 3249 947 3299 Status
974 3249 1120 3301 Secreta-

103 3338 201 3395 rium,
224 3337 264 3386 de
278 3338 451 3387 invasione
464 3335 564 3387 Urbis
580 3334 682 3395 impie
695 3334 860 3384 celebrata
871 3336 981 3397 elapso
1006 3338 1125 3388 abhas

105 3419 602 3473 XXVanno.-8oot.1895.
1176 3422 1212 3489 98

141 3547 275 3618 Queritur
288 3547 419 3602 Pontifex
432 3548 468 3601 de
482 3546 536 3601 sibi
549 3544 638 3601 illatis
651 3544 761 3614 injuriis
779 3547 817 3601 ab
830 3546 981 3601 Ecclesiae
1005 3548 1146 3619 hostibus,
1164 3552 1212 3621 qui

104 3638 145 3691 sic
159 3636 283 3707 produnt
295 3636 423 3689 animum
443 3633 471 3687 in
492 3631 712 3701 impugnatione
734 3634 763 3688 S.
785 3633 869 3688 Sedis
891 3636 1094 3703 perseverandi
1108 3638 1152 3704 98.
1178 3666 1214 3677 -

105 3723 250 3792 Ostendit,
263 3738 363 3777 eversa
375 3720 452 3775 civili
466 3719 578 3774 romani
593 3720 742 3775 Pontificis
755 3728 908 3791 potestate,
921 3720 1000 3790 ipsos
1008 3722 1069 3791 jam
1082 3722 1133 3777 niti
1144 3723 1213 3778 abo-

105 3817 163 3871 lere
171 3814 359 3886 spiritualem,
368 3829 473 3867 novam
484 3823 515 3866 ut
524 3812 651 3867 condant
661 3812 785 3865 Romam
793 3810 966 3866 christianae
977 3812 1052 3867 Urbi
1062 3812 1214 3868 adversam

103 3920 146 3973 99,
165 3932 200 3943 -
218 3902 409 3970 Triumphum
420 3900 456 3955 d'e
475 3900 605 3955 hostibus
619 3900 734 3955 demum
747 3910 877 3953 acturam
891 3900 1055 3954 Ecclesiam
1071 3901 1214 3966 affirmnt;

104 3999 132 4044 at
146 3988 174 4042 in
187 3986 388 4061 praesentires
400 3984 502 4041 Italiae
514 3985 683 4056 pessumire
696 3985 818 4039 multum
826 3984 904 4039 dolet
915 3999 1025 4054 99100.
1048 4016 1082 4025 -
1101 3986 1213 4040 Bellum

103 4075 274 4145 sacrilegum
286 4074 316 4128 in
339 4074 402 4128 dies
423 4074 632 4141 ingravescere,
654 4088 708 4127 nec
726 4073 765 4127 ad
787 4073 817 4127 S.
841 4072 926 4127 Sedis
936 4073 1099 4129 libertatem
1118 4074 1214 4142 legum

102 4162 293 4233 quarumdam
306 4162 454 4216 cantiones
464 4160 594 4215 sufficere
607 4158 734 4214 ostendit
756 4176 814 4214 roo.
834 4189 870 4199 -
889 4159 1070 4230 Principatus
1084 4160 1127 4216 sui
1146 4159 1214 4215 civi·

102 4254 137 4305 lis
150 4250 355 4306 necessitatem
378 4248 589 4321 utilitatemque
609 4246 798 4317 multiplicem
822 4248 949 4317 exponit,
964 4248 1076 4319 Deique
1095 4248 1214 4317 gratiae,

103 4358 160 4395 non
174 4354 242 4393 vero
255 4337 438 4408 presentibus
456 4338 542 4391 rebus
562 4335 743 4392 tribuendam
766 4335 836 4391 dicit
857 4335 986 4404 gentium
1003 4336 1031 4391 in
1055 4336 1084 4391 S.
1107 4337 1214 4392 Sedent
