3117 4859
443 358 494 407 DE
521 354 686 408 ROSARIO
714 358 886 409 MARIALI.
1150 357 1220 429 217

112 498 251 576 octobri,
280 517 381 580 quem
414 520 562 564 mensem
595 501 721 565 iamdiu
753 503 826 566 Nos
851 503 986 566 divinae
1016 502 1130 578 Matri,
1161 522 1223 584 pro
1309 537 1339 572 ω

112 597 245 666 afflictis
276 601 448 666 Ecclesiae
477 604 684 686 temporibus
713 605 955 687 implorandae,
985 606 1139 671 deditum
1169 627 1220 672 sa·
1281 583 1371 701 ᾗῇ·

111 724 271 788 crumque
286 705 441 770 sollemni
459 707 591 771 Rosarii
608 709 672 773 ritu
689 710 866 775 voluimus.
886 749 930 760 -
952 710 1097 774 Proinde
1113 710 1222 776 caleat
1248 751 1394 798 reconcilia-

111 809 237 892 ubique
250 809 442 874 huiusmodi
458 812 566 894 precis
588 812 748 891 studium,
763 815 807 878 ad
823 815 1035 898 propositum
1053 813 1085 878 in
1104 813 1224 898 primis
1250 809 1388 915 “wsb
1432 853 1434 856 -

110 921 249 977 sanctae
275 914 423 981 unitatis.
449 916 571 998 Neque
597 917 687 982 aliud
718 918 904 1001 quidquam
935 919 1064 983 Mariae
1091 919 1219 1001 gratius
1244 876 1385 998 iim„

113 1019 350 1100 acceptiusque
364 1019 473 1098 fuerit,
484 1029 603 1104 utpote
614 1042 702 1105 quae
716 1021 852 1087 Christo
866 1023 1017 1087 maxime
1034 1023 1225 1101 coniuncta,
1250 990 1382 1037 mmm

113 1123 346 1206 maximopere
362 1123 395 1187 id
411 1126 525 1206 cupiat
541 1134 574 1189 et
590 1126 670 1190 velit
686 1135 723 1190 ut
740 1128 796 1209 qui
815 1147 882 1191 uno
901 1128 1088 1210 eodemque
1104 1127 1224 1192 donati

111 1237 192 1292 sunt
206 1227 276 1291 eius
293 1228 506 1309 baptismate,
515 1249 583 1294 una
598 1251 716 1295 omnes
728 1232 915 1314 eademque
928 1231 994 1295 fide
1007 1231 1222 1315 perfectaque

110 1333 252 1396 caritate
274 1352 350 1395 cum
367 1333 441 1415 ipso
464 1343 497 1398 et
513 1334 600 1396 inter
618 1355 654 1397 se
669 1335 882 1402 cohaereant.
902 1373 946 1385 —
964 1336 1125 1400 Eiusdem
1142 1355 1221 1399 vero
1249 1349 1359 1418 Exopnf
1372 1353 1401 1395 ur
1513 1385 1515 1390 .

110 1435 190 1500 fidei
207 1436 369 1518 mysteria
382 1448 527 1519 augusta
548 1438 648 1502 altius
669 1441 702 1502 in
729 1439 849 1503 animis
866 1460 925 1522 per
941 1441 1075 1505 Rosarii
1092 1439 1221 1504 cultum
1249 1408 1400 1514 minut-

111 1542 290 1617 insideant,
306 1561 346 1605 eo
363 1540 555 1606 felicissimo
579 1542 687 1607 iructu
710 1554 747 1608 ut
771 1543 945 1609 imitemur
961 1544 1052 1627 quod
1061 1543 1226 1608 continent
1250 1527 1400 1646 mi?

111 1655 147 1710 et
159 1644 248 1727 qnod
249 1644 453 1727 promittunt
466 1667 689 1729 assequamur.
1249 1647 1308 1693 Μ’·

160 1750 292 1814 Interea
314 1771 489 1815 munerum
511 1752 701 1815 divinorum
727 1754 899 1835 auspicem
922 1753 1139 1838 caritatisque
1156 1752 1225 1816 No·
1293 1819 1295 1824 ,

112 1863 203 1920 strae
232 1863 364 1930 testem,
395 1854 536 1937 singuiis
569 1856 665 1919 vobis
698 1857 856 1940 cleroque
886 1877 926 1920 ac
956 1858 1083 1942 populo
1115 1869 1226 1922 vestro

113 1959 351 2043 Apostolicam
368 1960 638 2024 benedictionem
656 1970 871 2042 peramanter
886 1961 1109 2043 impertimus.

161 2062 288 2126 Datum
323 2063 453 2127 Romae
483 2064 573 2144 apud
606 2063 640 2128 S.
676 2064 812 2128 Petrum
843 2064 899 2128 die
931 2078 983 2128 xx
1015 2063 1226 2147 Septembris

114 2178 339 2241 Mncccxcv1,
356 2164 576 2230 Pontificatus
592 2167 709 2231 Nostri
726 2186 817 2231 anno
833 2167 965 2233 decimo
982 2187 1080 2232 nonu.

756 2339 853 2405 LEO
872 2339 932 2404 ΡΡ.
951 2339 1052 2406 Xili.

545 2942 809 3222 aba
