3117 4859
106 377 159 427 DE
170 374 322 426 TEMPLO
334 373 383 424 SS.
402 371 541 424 CORDIS
556 370 645 435 JESU
665 369 708 418 IN
729 369 865 420 MONTE
884 371 1113 420 MARTYRUM.
1145 373 1211 442 231
1271 445 1280 460 .

105 523 263 587 nimirum
281 520 511 602 praestitimus
527 539 586 601 per
604 517 733 583 litteras
754 519 796 580 ad
815 528 858 594 te,
873 518 997 581 dilecte
1016 516 1062 580 fili
1084 517 1217 594 Noster,

104 628 204 691 datas
220 645 310 689 anno
327 635 525 700 Mucccxcl,
541 641 646 704 quum
669 620 861 685 aedificatio
882 642 923 685 eo
944 630 1032 686 esset
1054 622 1217 702 perducta

104 739 142 794 ut
158 729 311 811 religioni
328 727 483 812 publicae
499 727 581 789 satis
597 735 712 808 patere
723 736 837 808 posset
853 747 861 804 ;
878 725 1085 807 auspiciique
1097 731 1216 790 caussa

103 833 270 916 quaedam
297 852 411 896 sacrae
438 829 668 911 indulgentiae
695 827 857 892 beneficia
885 827 1010 911 placuit
1028 829 1136 892 Nobis
1154 829 1215 893 lar-

101 938 175 1020 giri.
206 937 296 1001 Tum
328 936 447 1000 litteris
477 936 557 997 item
589 933 632 996 ad
664 942 698 997 te
728 933 874 996 triennio
905 943 982 1014 post
1013 933 1216 1016 perscriptis,

102 1041 304 1125 gratulatiid
315 1038 610 1120 sumus,templum
622 1037 983 1120 religioseadeuntium
995 1057 1213 1120 permagnam

101 1145 170 1210 iam
202 1165 276 1209 esse
307 1142 529 1226 frequentiam
561 1143 736 1225 vicemque
763 1149 961 1223 perpetuam
990 1142 1216 1219 adorantium,

101 1259 206 1333 atque
221 1249 323 1312 etiam
350 1247 466 1312 haberi
490 1247 616 1310 ibidem
637 1247 739 1310 veluti
757 1246 871 1309 sedem
893 1245 1043 1309 altricem
1068 1248 1214 1329 optimo-

101 1375 175 1418 rum
188 1354 282 1418 vario
293 1371 415 1435 genere
428 1351 659 1414 institutorum
674 1350 840 1414 :Nostrae
853 1359 966 1413 autem
978 1350 1214 1432 gratulationis

100 1467 234 1534 testem,
264 1457 442 1522 donarium
473 1455 657 1519 adiecimus
688 1475 727 1518 ac
765 1454 927 1538 pecuniae
962 1475 1022 1536 pro
1053 1453 1214 1519 facultate

101 1562 300 1626 subsidium.
314 1599 358 1610 -
374 1560 541 1643 Quocirca
557 1558 714 1636 faustam,
729 1579 815 1641 quae
829 1578 941 1621 rursus
953 1558 1213 1640 incidit,oppor·
1239 1604 1269 1633 ,c
1281 1589 1363 1634 Gap„

100 1665 283 1731 tunitatem
300 1667 371 1746 pari
393 1665 466 1728 Nos
490 1665 666 1728 voluntate
688 1664 848 1744 amplexi,
865 1663 1109 1726 nobilissimam
1135 1661 1213 1727 Gal·
1239 1649 1390 1766 imglis

101 1767 210 1832 lorum
249 1782 384 1851 gentem
425 1767 524 1830 simul
563 1768 783 1839 adhortamur
820 1767 862 1830 ad
903 1767 1063 1849 praeclari
1102 1767 1214 1850 operis
1240 1773 1366 1882 mg

101 1871 1211 1957 perfectionem,simulvehementeriubemussuarumspemrerum
1235 1834 1340 1932 inarum
1368 1862 1372 1880 '

101 1977 135 2068 in
153 1977 290 2042 Christo
307 1976 382 2041 Deo
398 1978 611 2059 potissimum
628 1974 803 2041 collocare.
821 1975 940 2059 Neque
961 1978 1051 2040 enim
1073 1976 1213 2041 obscure
1238 1951 1391 2050 limi?

103 2090 244 2163 apparet
275 2082 410 2145 divinae
440 2081 672 2164 providentiae
702 2081 745 2144 de
775 2101 814 2142 ea
840 2080 1035 2145 consilium:
1064 2091 1100 2143 ut
1128 2101 1212 2161 quae
1240 2063 1390 2169 ssffssffl

103 2185 319 2248 sacratissimi
348 2185 468 2250 Cordis
497 2186 572 2248 lesu
591 2187 788 2266 mysterium
806 2185 914 2268 prima
931 2185 1060 2266 accepit
1080 2186 1213 2250 mirabi-
1239 2188 1324 2228 canus.

102 2285 177 2350 liter
203 2288 509 2371 benignissimeque
540 2287 756 2370 patefactum,
782 2291 825 2352 ad
852 2289 969 2371 Ipsum
993 2289 1158 2378 poenitens
1183 2299 1215 2353 et

102 2390 226 2471 devota,
242 2403 415 2476 tamquam
433 2395 476 2457 ad
493 2391 622 2457 iontem
639 2395 864 2457 miserationis
880 2395 1058 2475 omnisque
1077 2395 1215 2476 gratiae,

103 2496 230 2558 maiore
254 2496 286 2557 in
314 2497 387 2560 dies
413 2495 536 2560 fiducia
560 2497 743 2579 confugiat,
768 2497 906 2562 feliciter
930 2498 1088 2563 haustum
1117 2519 1213 2563 sana·

102 2595 230 2664 tionem
248 2602 422 2679 malorum,
434 2599 647 2664 voluntatum
673 2603 706 2664 in
732 2623 912 2666 commune
928 2603 1053 2666 bonum
1077 2623 1213 2666 concor-

103 2701 204 2781 diam,
229 2725 344 2769 earum
375 2725 483 2769 rerum
515 2708 667 2770 omnium
699 2706 952 2785 secunditatem,
977 2729 1116 2789 quarum
1149 2729 1214 2789 ope

104 2807 222 2892 religio
237 2819 271 2872 et
287 2810 396 2892 patria
412 2812 497 2873 veris
514 2809 656 2875 floreant
672 2812 898 2875 incrementis.
923 2849 967 2860 -
993 2812 1111 2894 ltaque
1142 2813 1214 2876 Nos
1243 2847 1369 2892 p„„„,f,·,

106 2913 278 2996 egregium
305 2915 516 2995 propositum
545 2928 651 2990 tuum,
666 2914 789 2980 dilecte
815 2913 860 2978 tili
885 2917 1019 2994 Noster,
1034 2917 1216 2999 probantes
1242 2910 1385 2963 ‘mmm'

1238 2963 1345 3024 positum

108 3023 141 3078 et
156 3016 403 3095 confirmantes,
413 3027 616 3100 potestatem
630 3018 690 3108 tibi
704 3018 843 3082 facimus
856 3029 892 3081 ut
905 3021 936 3082 in
952 3020 1071 3084 eodem
1090 3021 1216 3102 templo
1242 3024 1373 3140 qqqqgffqze

107 3123 230 3199 votivo,
244 3123 430 3186 constituta
444 3122 500 3185 die
515 3122 613 3186 huius
627 3123 751 3184 mensis
761 3135 852 3200 xvn,
864 3142 957 3185 sacra
970 3133 1115 3206 augusto
1126 3124 1215 3188 IESU
1243 3143 1371 3210 tarnum-

109 3220 246 3289 Nomini
285 3227 474 3303 recolendo,
503 3225 657 3288 sollemni
691 3225 753 3289 ritu
788 3225 980 3308 Nostraque
1015 3230 1216 3292 auctoritate
1242 3207 1378 3306 pascent-a

107 3324 286 3394 benedicas
313 3331 441 3413 populo
467 3350 542 3393 cum
571 3328 720 3411 plenaria
745 3331 968 3394 admissorum
997 3331 1216 3414 indulgentia,

107 3444 381 3515 quapraesentes
398 3434 559 3511 fruantur,
574 3435 744 3498 consuetis
760 3434 803 3497 ad
825 3433 859 3498 id
880 3435 1131 3500 conditionibus
1154 3437 1218 3500 rite

108 3535 256 3601 servatis.
272 3538 456 3617 Praeterea,
470 3541 674 3621 quicumque
689 3559 731 3602 eo
755 3539 830 3620 ipso
857 3539 912 3603 die
937 3539 1026 3602 idem
1051 3541 1216 3623 templum

109 3636 161 3715 pie
192 3641 409 3720 visitaverint,
440 3635 551 3725 ibique
583 3663 697 3725 preces
728 3643 858 3725 aliquas
890 3641 966 3706 Deo
997 3643 1041 3706 ad
1070 3655 1217 3708 mentem

110 3738 269 3808 Nostram
297 3745 484 3825 effuderint,
500 3749 548 3809 eis
563 3748 723 3811 omnibus
747 3757 781 3809 et
808 3746 948 3829 singulis
974 3747 1218 3830 indulgentiam

109 3856 237 3926 septem
263 3869 428 3914 annorum
452 3851 663 3934 totidemque
688 3852 983 3932 quadragenarum
1012 3853 1044 3913 in
1068 3853 1220 3916 Domino

110 3955 332 4017 concedimus.
363 3954 558 4018 Tribuimus
597 3963 710 4018 autem
750 3965 786 4016 ut
818 3954 955 4017 huiusce
988 3954 1219 4037 indulgentiae

111 4056 287 4140 participes
303 4078 376 4121 esse
391 4061 522 4141 possint
548 4059 711 4140 Religiosi
728 4058 902 4140 utriusque
926 4078 1028 4122 sexus
1056 4061 1087 4121 in
1118 4059 1217 4124 Com·

112 4160 329 4232 munitatibus
342 4164 513 4246 degentes,
524 4164 581 4245 qui
595 4163 746 4246 legitima
758 4147 911 4241 impediti
924 4182 1042 4226 caussa
1053 4163 1217 4245 templum

111 4255 219 4338 ipsum
236 4277 406 4350 nequeant
421 4267 523 4343 adire,
536 4267 723 4331 dummodo
750 4266 989 4342 conditionem,
1005 4287 1091 4350 quae
1116 4289 1217 4349 supra

111 4361 200 4431 dicta
214 4378 276 4448 est,
291 4370 409 4454 orandi
425 4372 468 4435 ad
486 4381 631 4434 mentem
647 4370 819 4450 Nostram,
831 4372 863 4434 in
877 4371 1017 4436 ecclesia
1029 4372 1079 4436 vel
1095 4372 1219 4436 sacello
