3117 4859
393 287 444 359 66
669 305 856 358 nrrsroas
883 293 903 322 ‘⁴
922 306 972 359 os
999 305 1212 358 maurusam.
1234 283 1254 311 '¹

243 469 294 516 Nes
293 467 368 515 eoru·
391 465 508 512 eorum
535 465 595 529 per
626 445 821 524 Ecclesias;
851 433 969 528 nequex
991 445 1154 510 ullimode
1184 445 1391 524 dubitamus,
1420 446 1491 528 quin

232 541 367 634 m*
334 585 370 632 ,a
391 569 527 615 omnem
544 568 683 634 operam
699 549 812 614 daturi
828 549 913 627 sitis,
927 560 966 615 ut
981 558 1132 614 errantes
1146 550 1276 628 iratres,
1293 551 1493 614 nestorianae

223 646 368 754 3122„st
391 653 549 719 videlicet
563 653 714 718 haeresis
733 662 926 730 sectatores,
936 653 981 718 ad
992 653 1157 720 unitatem
1173 651 1253 717 fidei
1268 661 1303 720 et
1318 653 1492 718 catholicae

393 757 566 824 Ecclesiae
582 757 694 822 sinum
712 758 937 823 reducantur:
958 755 1052 840 quod
1077 757 1215 840 quidem
1242 767 1280 822 ut
1303 757 1494 840 quantocius

392 861 492 941 fiat,'
482 879 517 926 ιιι
544 859 742 927 humilitate
768 861 879 926 cordis
895 860 1013 927 Nostri
1029 861 1143 926 Deum
1158 860 1261 926 enixe
1275 861 1492 944 adprecamur.

391 1004 436 1018 -
452 965 529 1031 Hac
555 966 706 1048 denique
727 964 905 1030 occasione
934 984 1037 1048 quam
1064 964 1286 1030 libentissime
1310 966 1443 1042 utimur,
1463 973 1493 1027 ut

215 1131 258 1180 m·
264 1072 314 1120 Bt·
315 1071 366 1120 ‘⁴³¹'-
391 1071 618 1154 praecipuam,
633 1089 702 1152 qua
718 1089 780 1134 vos
804 1069 838 1133 in
854 1069 1008 1134 Domino
1025 1070 1290 1153 complectimur,
1304 1069 1493 1136 benevolen-

391 1174 474 1238 tiam
491 1183 656 1238 testemur
671 1181 706 1238 et
729 1171 977 1252 confirmemus,
991 1174 1145 1239 omnium
1171 1173 1367 1239 caelestium
1385 1173 1493 1258 gratia-

391 1297 467 1342 rum
487 1277 737 1362 plenitudinem
764 1297 786 1342 a
807 1276 921 1342 divina
947 1278 1159 1362 benignitate
1172 1277 1269 1343 vobis
1285 1277 1493 1361 adpreoantes

353 1369 356 1374 ’
391 1400 438 1446 err
461 1381 580 1461 corde;
605 1401 751 1465 quarum
783 1383 954 1465 auspicem
985 1402 1060 1446 esse
1089 1382 1244 1464 cupimus
1269 1382 1492 1466 Apostoliosm

390 1485 676 1564 benedictionem,
691 1505 794 1569 quam
811 1485 917 1564 vobis,
931 1485 1151 1552 Venerabiles
1167 1485 1313 1566 Fratres,
1332 1485 1493 1551 omnibns·

388 1609 456 1673 que
471 1590 601 1656 clericis
618 1591 784 1674 laicisque
800 1589 956 1655 fidelibus
969 1591 1287 1673 cuiusqueveslrum
1299 1610 1402 1656 curae
1415 1607 1493 1653 nom·

391 1693 502 1758 missis
518 1705 735 1778 peramanter
751 1693 972 1778 impertimus.

435 1797 564 1864 Datum
582 1798 637 1863 Ro
646 1817 721 1862 mae
736 1800 827 1883 apud
846 1797 880 1864 S.
897 1798 1033 1864 Petrum
1050 1798 1105 1864 die
1128 1813 1181 1864 xx
1198 1797 1282 1864 Maii
1298 1809 1496 1872 MocccltCV,

392 1901 614 1969 Pontificatus
634 1901 750 1968 Nostri
766 1922 857 1967 anno
872 1902 1007 1967 decimo
1021 1913 1152 1968 octavo.

1108 2073 1205 2142 LEO
1228 2074 1293 2140 PP.
1316 2073 1422 2139 XIII.
