3117 4859
274 1187 288 1204 ν.
324 1160 496 1213 UCUNDA
534 1169 668 1230 semper
709 1149 949 1230 expectatione
981 1151 1158 1231 erectaque
1199 1169 1259 1231 spe
1353 1171 1371 1217 a

166 1257 169 1265 ’
357 1246 541 1315 Octobrem
556 1262 705 1315 mensem
718 1253 944 1334 conspicimus
955 1254 1151 1317 redeuntem
1169 1275 1176 1330 ;
1192 1254 1259 1337 qui,
1315 1230 1405 1349 ἱξζῖ·

355 1355 547 1419 hortatione
569 1365 603 1419 et
619 1357 825 1438 praescripto
841 1356 969 1420 Nostro
984 1357 1115 1421 dicatus
1129 1356 1259 1439 Virgini
1340 1399 1438 1450 madet

303 1462 336 1535 a
358 1456 588 1533 Beatissimae,
599 1476 666 1521 non
684 1478 810 1537 paucos
823 1458 890 1523 iam
903 1480 1009 1524 annos
1026 1463 1183 1525 concordi
1200 1480 1260 1543 per
1287 1464 1405 1531 pompas

149 1562 334 1626 catholicas
344 1571 463 1642 gentes
479 1569 513 1623 et
528 1560 640 1624 vivida
657 1573 810 1625 ROSARH
826 1561 922 1626 floret
933 1565 1066 1645 pietate.
1080 1564 1177 1647 Quae
1188 1565 1220 1629 N
1223 1586 1260 1630 os
1286 1531 1413 1647 mm

148 1667 192 1729 ad
209 1665 410 1729 hortandum
429 1665 571 1727 moverit
596 1684 723 1741 caussa,
747 1685 814 1729 non
843 1666 946 1730 semel
964 1668 1141 1733 ediximus.
1169 1670 1259 1733 Nam
1287 1661 1437 1776 Rmfflffi·

148 1768 346 1833 calamitosa
362 1766 533 1830 Ecclesiae
553 1768 796 1850 civitatumque
813 1779 968 1851 tempora
983 1792 1087 1853 quum
1105 1792 1260 1853 praesen·
1286 1744 1341 1777 rm
1356 1742 1386 1779 α
1428 1762 1436 1787 ’

147 1872 316 1938 tissimum
342 1870 405 1934 Dei
431 1871 595 1935 auxilium
626 1872 765 1935 omnino
783 1873 1011 1955 deposcerent,
1024 1875 1086 1939 hoc
1102 1877 1259 1941 nimirum
1316 1912 1320 1923 ·

149 1980 262 2046 Matre
270 1980 343 2044 cius
351 1982 578 2063 deprecatrice
591 1981 839 2065 implorandum
853 2002 926 2046 esse
938 1986 1137 2059 censuimus,
1154 2006 1261 2069 eoque

151 2087 331 2170 praecipue
358 2087 570 2169 supplicandi
594 2089 658 2152 ritu
676 2089 960 2167 contendendum,
976 2090 1070 2153 cuius
1101 2090 1259 2155 virtutem
1287 2124 1361 2187 anm
1382 2123 1439 2187 qua·-

149 2191 350 2256 christianus
365 2192 511 2274 populus
532 2212 703 2275 nunquam
722 2192 785 2257 sibi
802 2202 868 2257 non
882 2193 1135 2258 saluberrimam
1149 2196 1262 2259 sensit.
1287 2189 1342 2303 ἴε
1356 2188 1441 2303 Ὢ

154 2296 194 2361 ld
211 2297 381 2360 enimvero
403 2296 509 2360 sensit
525 2316 570 2361 ex
591 2298 663 2379 ipsa
687 2297 835 2361 marialis
867 2299 998 2363 Rosarii
1026 2299 1164 2381 origine,
1188 2309 1259 2363 tum
1287 2334 1364 2384 quam
1389 2335 1440 2369 non
1539 2326 1543 2343 ·

151 2401 185 2465 in
200 2399 266 2465 fide
280 2410 398 2464 sancta
410 2421 430 2463 a
441 2400 575 2464 nefariis
591 2404 735 2466 tutanda
751 2402 938 2467 incursibus
954 2402 1130 2468 hominum
1146 2404 1262 2468 haere·
1287 2385 1440 2517 limbi:

152 2506 306 2581 ticorum,
336 2515 407 2568 tum
437 2504 470 2567 in
502 2515 730 2570 consentanea
755 2508 917 2571 virtutum
949 2506 1059 2584 laude,
1089 2528 1176 2590 quae
1204 2528 1263 2589 per
1285 2518 1372 2582 palus.

150 2610 322 2674 saeculum
338 2610 487 2691 corrupti
510 2610 662 2693 exempli
689 2610 868 2675 relevanda
885 2620 957 2675 erat
983 2622 1017 2676 et
1044 2613 1263 2677 sustinenda:
1307 2670 1309 2677 .
1401 2634 1406 2644 ·

151 2717 256 2798 idque
270 2715 407 2797 perenni
424 2715 528 2779 sensit
541 2714 699 2796 privatim
710 2723 744 2777 et
754 2714 889 2797 publice
898 2715 1139 2780 beneficiorum
1156 2736 1264 2796 cursu,

152 2839 296 2902 quorum
312 2819 474 2882 memoria
491 2818 669 2899 praeclaris
684 2818 787 2882 etiam
805 2820 968 2884 institutis
984 2830 1019 2883 et
1035 2822 1264 2885 monumentis

152 2922 277 3003 ubique
292 2932 345 2987 est
358 2931 565 2986 consecrata.
587 2921 749 2987 Similiter
761 2922 794 2985 in
812 2931 958 2988 aetatem
976 2932 1136 3001 nostram,
1152 2924 1264 2987 multi-

152 3027 231 3109 plici
247 3044 356 3091 rerum
373 3026 566 3089 discrimine
591 3024 812 3104 laborantem,
839 3025 965 3089 fructus
997 3026 1074 3090 inde
1102 3026 1264 3091 salutares

152 3132 347 3215 provenisse
361 3130 660 3194 commemorando
688 3128 872 3194 laetamur:
888 3139 1039 3195 attamen
1071 3130 1263 3212 circumspi-

151 3238 289 3312 cientes,
304 3234 523 3299 Venerabiles
541 3233 666 3311 fratres,
681 3234 804 3297 videtis
821 3234 884 3315 ipsi
907 3253 1042 3299 caussas
1058 3234 1168 3298 adhuc
1185 3235 1264 3298 insi-

151 3343 231 3408 dere
257 3340 447 3425 partimquc
475 3340 712 3421 ingravescere,
735 3338 955 3421 quamobrem
985 3338 1049 3403 hoc
1076 3339 1157 3403 item
1174 3359 1264 3403 anno

152 3444 382 3509 obsecrandae
397 3441 550 3506 caelestis
566 3442 720 3523 Reginae
736 3442 846 3518 ardor,
869 3441 993 3506 Nostra
1017 3441 1264 3521 exhortatione,
1306 3485 1441 3551 adipsum

153 3552 272 3615 vestris
295 3549 329 3613 in
356 3548 514 3631 gregibus
540 3548 773 3611 excitetur.—
794 3546 938 3612 Accedit
959 3548 1061 3630 quod,
1084 3548 1203 3612 intima
1229 3549 1262 3613 in
1290 3553 1440 3603 indiesau-

154 3654 288 3722 Rosarii
315 3664 436 3717 natura
462 3652 703 3734 cogitationem
729 3651 965 3734 defigentibus,
996 3662 1124 3735 quanto
1155 3653 1263 3719 Nobis
1286 3618 1411 3735 miz

152 3762 225 3825 eius
262 3758 469 3841 praestantia
500 3757 730 3839 utilitatesque
764 3756 924 3819 illustrius
962 3766 1136 3838 apparent,
1167 3769 1263 3823 tanto
1288 3749 1444 3865 mm

153 3864 285 3929 acuitur
307 3863 510 3927 desiderium
527 3872 561 3927 et
587 3883 675 3945 spes,
701 3882 800 3945 posse
824 3862 910 3925 adeo
933 3864 1262 3927 commendationem
1290 3822 1355 3931 laiac
1371 3902 1372 3907 κ
1382 3820 1444 3959 pira

155 3968 327 4045 Nostram,
339 3975 376 4030 ut
392 3966 542 4029 eiusdem
567 3966 813 4031 sacratissimae
836 3964 943 4047 precis
959 3964 1085 4048 religio,
1115 3976 1213 4030 aucta
1229 3968 1261 4030 in
1290 3962 1443 4063 ffssrffl

153 4073 276 4137 animis
292 4070 486 4153 cognitione
501 4082 533 4133 et
557 4069 764 4152 amplificata
788 4070 1039 4145 consuetudine,
1054 4071 1191 4152 optimis
1217 4072 1265 4136 vi·
1291 4080 1447 4157 impetrandi

154 4186 234 4260 geat
249 4175 475 4238 incrementis.
492 4173 597 4239 Cuius
612 4174 658 4238 rei
675 4172 786 4255 gratia
798 4192 865 4237 non
883 4192 922 4235 ea
932 4172 1069 4254 quidem
1081 4178 1266 4239 revocaturi
1284 4144 1421 4259 fidunaa,

154 4298 368 4360 sumusquae
379 4278 608 4360 superioribus
618 4277 715 4341 annis
725 4277 818 4341 varia
830 4276 862 4339 in
875 4276 995 4341 eodem
1006 4295 1128 4358 genere
1140 4280 1268 4343 ratione
1301 4276 1416 4353 Virginis

154 4382 255 4448 libuit
270 4382 452 4447 edisserere
470 4406 478 4446 ε
493 4381 576 4447 illud
592 4382 704 4465 potius
714 4380 757 4446 ad
770 4380 1050 4445 considerandum
1062 4381 1267 4447 docendum·
1295 4354 1438 4455 {imm
