3117 4859
376 333 449 402 234
497 331 595 382 amr.
616 332 742 383 rrosr.
766 321 787 348 ⁴¹
802 331 907 396 ouon
928 333 1079 385 nonam
1104 333 1340 386 concinens.
1362 315 1379 340 ''

373 475 503 540 dentini
519 477 713 553 constituta,
723 477 782 538 sed
796 477 897 538 etiam
911 497 997 559 quae
1015 475 1205 542 Seminario
1217 499 1359 542 romano
1371 491 1487 544 essent

372 581 515 664 propria.

418 683 550 747 Deinde
566 682 766 748 Alexander
785 683 902 749 Vliet
922 685 1141 750 Innocentius
1159 685 1211 750 XI
1229 686 1321 769 leges
1337 687 1484 764 edidere,

372 789 494 871 quibus
511 788 737 854 Seminarium
748 790 877 870 optime
889 799 1066 871 regeretur.
1079 792 1281 856 Benedictus
1291 811 1371 854 vero
1386 791 1481 855 Xlll

372 891 579 958 domicilium
605 893 797 974 adsignavit
813 901 1020 958 exstructam
1039 895 1176 958 musivis
1191 895 1406 960 elaborandis
1422 896 1482 958 do-

373 1017 476 1072 mum,
491 997 632 1060 adiectis
647 996 780 1060 duabus
804 997 926 1061 casulis
941 1009 1043 1080 atque
1070 999 1177 1064 horto.
1194 999 1348 1062 Accessit
1365 997 1481 1062 Cardi-

372 1100 459 1165 nalis
487 1101 592 1164 Ducis
616 1100 711 1166 Yorlc
737 1101 1032 1184 Archipresbyteri
1058 1102 1207 1180 donatio,
1234 1123 1336 1185 quam
1366 1105 1478 1168 sanxit

373 1205 529 1270 Clemens
545 1205 842 1271 Xlll.Seminarii
869 1227 937 1270 rern
965 1217 999 1271 et
1023 1207 1204 1272 commoda
1228 1209 1326 1271 auxit
1354 1207 1479 1290 Grego-

372 1310 440 1372 rius
457 1309 555 1387 XVI,
569 1311 748 1392 adsignata
764 1311 798 1374 in
815 1320 1015 1394 perpetuum
1031 1321 1239 1375 scutatorum
1256 1329 1478 1393 summaque·

372 1414 628 1498 dringentorum
645 1435 691 1478 ex
706 1415 870 1480 reditibus
882 1415 930 1479 Pii
941 1415 1064 1498 Operis
1077 1415 1478 1481 CarcarasiHabitationi

372 1518 517 1600 denique
534 1539 593 1600 per
608 1521 755 1584 aestivos
781 1539 914 1584 menses
930 1521 1106 1603 prospexit
1124 1521 1203 1584 Pius
1222 1519 1282 1596 ΙΧ,
1298 1519 1356 1601 qui
1372 1519 1475 1582 alum-

373 1624 425 1686 nis
442 1621 655 1686 incolendam
671 1625 847 1701 concessit,
863 1625 972 1687 donec
989 1623 1091 1688 aedes
1107 1635 1242 1705 praesto
1259 1634 1372 1686 essent
1388 1641 1474 1686 com·

373 1727 551 1804 modiores,
567 1736 696 1808 partem
713 1729 835 1792 domus
853 1729 934 1792 Rev.
952 1729 1113 1792 Fabricae
1131 1747 1234 1810 prope
1251 1729 1356 1790 Aram
1377 1727 1476 1792 Caeli.

194 1845 348 1916 Murrurrcqs
417 1829 549 1912 Quibus
564 1832 724 1895 omnibus
739 1834 894 1914 quamvis
921 1853 980 1914 per
996 1832 1187 1895 decessores
1205 1830 1347 1895 Nostros
1372 1831 1474 1894 Semi-

208 1911 348 2011 mm?
373 1937 467 2000 nario
483 1937 651 2002 Vaticano
666 1940 748 2002 satis
764 1948 852 2002 esset
868 1939 1070 2014 consultum,
1087 1937 1303 2001 nihilominus
1320 1955 1471 2018 praesens

209 2024 347 2130 nm?
372 2041 523 2104 conditio
550 2061 658 2106 rerum
684 2043 779 2124 plura
796 2043 905 2107 adhuc
928 2063 1113 2125 exposcere
1129 2041 1315 2116 videbatur,
1330 2061 1404 2104 curn
1431 2039 1469 2101 ad

192 2143 347 2250 ‘affut‘-
374 2145 464 2208 Petri
479 2142 695 2221 Cathedram,
712 2147 787 2210 Deo
803 2148 850 2209 sic
875 2147 1086 2228 disponente,
1104 2145 1227 2209 suimus
1254 2146 1370 2208 evecti.
1388 2143 1468 2206 Nam

259 2235 266 2256 ’
373 2258 407 2313 et
423 2249 530 2312 iustus
546 2249 759 2314 alumnorum
775 2250 1030 2316 desiderabatur
1044 2269 1210 2326 numerus,
1220 2257 1253 2313 et
1269 2249 1379 2331 aptior
1394 2259 1470 2310 tem-

373 2353 446 2437 pori
469 2354 556 2417 ratio
582 2355 778 2418 studiorum.
797 2355 909 2436 Quare
936 2355 1086 2418 delectos
1111 2354 1153 2417 ad
1182 2373 1249 2417 rem
1277 2374 1295 2415 e
1322 2349 1470 2434 Capitulo

374 2458 543 2521 Vaticano
559 2457 647 2521 viros
663 2478 798 2541 unaque
814 2479 891 2523 curn
909 2459 989 2541 ipsis
1006 2458 1221 2524 Cardinalem
1237 2453 1466 2540 Archipresby·

374 2572 482 2626 terum
493 2561 612 2626 sedulo
621 2563 808 2645 percontati
820 2564 863 2627 de
873 2583 983 2627 rerum
994 2573 1093 2640 statu,
1103 2583 1190 2645 quae
1199 2564 1242 2625 ad
1255 2561 1465 2627 Seminarium

374 2666 971 2747 pertinerent,statimethabitationis
983 2667 1217 2732 commoditati
1227 2666 1467 2730 etalumnorum

374 2789 479 2851 quum
497 2771 702 2834 institutioni
718 2782 790 2836 tum
805 2792 945 2836 numero
960 2783 1063 2853 atque
1079 2769 1217 2834 utilitati
1236 2769 1467 2852 prospeximus.

197 2901 226 2942 ur
241 2901 265 2941 er
280 2895 348 2941 rarr-
373 2873 586 2956 Amplificari
610 2876 757 2959 primum
781 2878 958 2959 aptarique
984 2874 1095 2950 aedes,
1111 2873 1307 2956 praesertim
1334 2875 1365 2936 in
1383 2886 1467 2933 usum

195 2955 349 3062 commis
373 2978 575 3056 scholarum,
590 2979 757 3056 iussimus,
773 2982 816 3045 ad
840 3001 983 3062 eamque
1000 3001 1069 3044 rem
1097 2989 1274 3061 argenteos
1291 2978 1417 3043 italicos
1430 2971 1467 3036 ad

198 3076 226 3128 ἥ·
373 3084 523 3164 quinque
550 3085 655 3148 millia
681 3085 936 3168 adsignavimus
962 3107 982 3149 a
1013 3086 1095 3150 Rev.
1124 3084 1267 3148 Fabrica
1294 3081 1469 3146 solvendos.

375 3184 544 3251 Videlicet
560 3189 722 3252 Fabricae
749 3203 941 3256 curatorum
969 3203 1163 3272 proventus,
1176 3187 1299 3271 quibus
1315 3185 1362 3249 illi
1383 3195 1472 3247 antea

375 3291 581 3369 fruebantur,
601 3293 792 3358 Seminario
808 3294 841 3358 in
870 3307 1069 3377 perpetuum
1096 3295 1214 3357 cedere
1237 3290 1473 3359 constituimus

376 3398 539 3478 exceptis,
561 3399 619 3481 qui
644 3400 688 3463 ad
716 3401 807 3483 ipsos
835 3400 1050 3481 pertinerent,
1076 3397 1243 3480 argenteis
1272 3396 1394 3460 italicis
1419 3411 1473 3456 sex

377 3502 524 3564 millibus
548 3513 583 3566 et
606 3503 823 3586 quingentis:
849 3505 906 3586 qui
934 3514 1115 3585 proventus
1131 3522 1198 3566 una
1222 3522 1298 3565 cum
1324 3497 1476 3564 reditibus

377 3604 480 3686 legati
498 3607 670 3670 Borromei
686 3609 719 3670 in
736 3609 960 3686 exstruendis,
972 3616 1009 3673 ut
1020 3607 1180 3684 diximus,
1195 3606 1336 3670 aedibus
1352 3604 1477 3668 luerunt

378 3709 531 3774 adhibiti.
548 3710 669 3791 Aquae
686 3711 847 3775 Paulinae
858 3711 991 3776 unciam
1004 3731 1022 3775 e
1034 3711 1143 3774 canali
1159 3712 1277 3774 Fontis
1295 3707 1479 3792 Aquilonis,

377 3816 411 3878 in
429 3814 533 3879 hortis
553 3814 740 3897 Vaticanis,
755 3818 990 3880 deducendam
1014 3815 1249 3880 concessimus.
1267 3814 1411 3878 Aditum
1442 3811 1478 3874 ad

378 3918 543 4000 templum
557 3918 704 3984 Sanctae
721 3920 885 3996 Marthae,
896 3941 964 4002 quo
976 3931 1150 4001 tamquam
1164 3918 1289 3982 sacello
1304 3929 1480 3990 uterentur,

378 4033 554 4087 exstructo
577 4023 781 4099 ambulacro,
804 4023 1076 4106 patefaciendum
1105 4023 1304 4087 curavimus.
1321 4021 1481 4086 Alumno

380 4146 453 4188 turn
470 4125 616 4209 denique
631 4129 842 4192 rusticationi
859 4128 941 4192 satis
957 4128 1091 4191 abunde
1107 4125 1326 4208 providimus.

211 4251 353 4295 ererum.
426 4228 492 4290 His
507 4231 556 4293 ita
570 4231 755 4312 dispositis,
764 4231 1031 4296 adolescentium
1048 4231 1181 4294 animos
1198 4229 1239 4294 ad
1258 4239 1367 4294 rectos
1381 4249 1485 4294 mores

202 4321 356 4414 ζ’,ὧξῑίῗὸξ
381 4333 473 4394 etad
490 4332 633 4396 solidam
645 4334 881 4418 salubremque
893 4335 1081 4400 doctrinam
1099 4334 1321 4399 informandis
1338 4335 1484 4398 animum
