3117 4859
391 350 460 443 158
581 372 765 424 sursrom
786 362 806 387 ·‘
826 372 950 423 cmm
968 374 1261 429 sssrsuuunno.
1283 354 1300 384 '’

207 544 264 586 rm
281 534 360 612 ugare
385 533 555 597 mandatis
579 534 758 616 praecipue
785 530 939 596 dedimus
963 533 1026 615 ipsi
1053 532 1319 621 Archiepiscopo
1337 536 1486 622 Naupac-

229 600 361 717 ,ξπ
385 634 481 714 tensi,
503 645 540 698 ut
566 655 702 699 ornnem
728 635 894 700 conferret
922 656 1060 719 operam
1091 646 1125 701 et
1156 638 1322 704 fraternae
1346 644 1488 705 caritatis

178 785 183 794 .
221 734 361 847 53:532
385 739 582 804 industriam
598 740 642 804 ad
657 740 772 803 omnia
788 738 962 803 evellenda
985 740 1115 804 dissidii
1136 740 1287 823 germina
1310 742 1343 806 in
1361 754 1487 808 contro-

172 859 176 867 “
206 865 236 915 re
254 863 358 912 caruou·
382 844 498 909 versiis
514 843 613 907 nimis
628 842 772 925 cognitis
788 843 937 907 derecta
960 842 1146 909 catholicae
1161 846 1345 910 iuventutis
1361 848 1488 911 institu-

203 930 357 1044 {mm
384 948 496 1025 tione;
522 946 576 1010 cui
602 946 743 1010 dissidio
767 966 826 1027 per
851 944 885 1007 id
912 954 1046 1028 tempus
1062 947 1235 1011 addebant
1251 946 1339 1013 laces
1356 949 1487 1031 vulgata

205 1062 310 1111 tutione·
383 1052 550 1135 quaedam
566 1051 739 1115 doctrinae
755 1049 867 1132 capita
883 1058 917 1113 et
932 1052 1118 1115 sententiae
1133 1050 1309 1135 dequibus
1325 1056 1487 1119 concitata

382 1166 453 1223 erat
468 1156 557 1221 ultro
570 1155 720 1239 citroque
735 1156 930 1236 disputatio.
946 1154 1119 1219 Mandatis
1145 1155 1237 1219 hisce
1265 1156 1402 1221 Nostris
1422 1180 1487 1222 om·

202 1226 357 1343 ,ffifssss
381 1264 462 1328 nino
486 1259 597 1342 paruit
623 1258 711 1322 idem
740 1258 952 1323 Venerabilis
978 1258 1103 1339 Frater,
1119 1280 1157 1323 ae
1178 1262 1352 1325 novembri
1378 1282 1486 1325 mense

239 1358 357 1472 {ff}
381 1364 561 1449 superioris
576 1363 655 1425 anni
673 1362 955 1427 NeoEboracurn
972 1364 1130 1445 perrexit,
1145 1384 1213 1447 quo
1225 1374 1348 1443 tecum,
1371 1366 1487 1430 dilecte

226 1489 355 1539 Neo-Eto-
381 1469 446 1533 Fili
464 1469 596 1541 Noster,
608 1467 709 1531 ceteri
720 1476 947 1531 convenerant
958 1468 1102 1550 regionis
1113 1468 1208 1531 istius
1225 1467 1486 1553 Archiepiscopl,

231 1570 356 1671 casnm
380 1572 546 1637 desiderio
563 1571 689 1636 Nostro
703 1570 863 1649 obsecuti,
878 1572 969 1653 quod
995 1582 1066 1637 erat
1090 1593 1111 1635 a
1136 1572 1244 1635 Nobis
1268 1592 1329 1656 per
1353 1573 1484 1639 Sacram

235 1686 356 1753 probavit
381 1678 687 1762 Congregationem
702 1678 745 1739 de
762 1676 986 1760 Propaganda
1003 1678 1086 1741 Fide
1102 1678 1338 1763 significatum,
1356 1688 1402 1759 ut,
1413 1701 1484 1744 con-

248 1754 352 1816 ῥῖψ’
379 1782 475 1848 sultis
498 1792 599 1847 antea
615 1780 844 1863 Suffraganeis
860 1781 938 1858 suis,
952 1781 1091 1845 consilia
1107 1780 1296 1845 conferrent
1308 1803 1348 1845 ac
1365 1784 1484 1847 delibe-

379 1898 489 1955 rarent
518 1888 562 1951 de
587 1886 716 1969 optima
732 1886 862 1949 ratione
885 1884 1109 1968 prospiciendi
1125 1886 1236 1969 pueris
1253 1884 1419 1965 fidelibus,
1433 1888 1483 1971 qui

376 2012 438 2075 pro
465 1988 590 2054 scholis
620 1986 795 2051 catholicis
825 1988 1003 2071 gymnasia
1029 1986 1198 2052 celebrent
1224 1988 1370 2070 publica.
1394 1988 1484 2073 Quae

375 2096 543 2176 sapienter
573 2112 594 2156 a
623 2092 719 2156 vobis
747 2092 780 2154 in
812 2111 854 2155 eo
881 2101 1048 2157 conventu
1073 2092 1208 2154 decreta
1232 2102 1310 2157 sunt
1334 2094 1483 2175 placuere

375 2200 484 2263 eidem
501 2196 768 2279 Archiepiscopo
785 2195 816 2259 N
820 2195 1026 2278 aupactensi,
1041 2196 1110 2278 qui,
1125 2194 1316 2260 collaudata
1333 2218 1397 2279 pro
1420 2218 1481 2261 me-

376 2304 440 2366 rito
455 2300 633 2383 prudentia
648 2309 767 2376 vestra,
781 2300 911 2363 censuit
927 2298 1073 2379 optimas
1090 2319 1134 2361 ex
1159 2298 1198 2361 iis
1217 2300 1308 2363 scitis
1324 2300 1481 2365 utilitates

375 2424 449 2467 esse
468 2410 669 2465 manaturas.
687 2400 787 2483 Quod
806 2400 877 2465 Nos
894 2401 1053 2465 iudicium
1076 2401 1254 2483 perlibenti
1278 2402 1396 2468 animo
1409 2423 1481 2466 con·

213 2539 243 2573 ac
261 2525 350 2588 confir·
376 2502 548 2566 firmamus
563 2510 598 2563 et
621 2500 725 2563 iustas
741 2500 803 2563 tibi
826 2500 1012 2583 ceterisque
1036 2501 1257 2577 Praesulibus,
1272 2512 1386 2567 tecum
1409 2523 1479 2567 con·

198 2596 252 2704 ''Jf
263 2591 350 2640 ΡΜ·
378 2604 510 2689 gressis,
525 2602 643 2665 laudes
660 2603 847 2679 tribuimus,
862 2604 952 2686 quod
965 2614 1156 2686 opportune
1172 2604 1312 2669 consilio
1334 2617 1371 2670 et
1386 2625 1479 2687 expe-

235 2692 349 2824 empori-
376 2708 515 2773 ctationi
539 2707 685 2770 Nostrae
716 2708 963 2789 responderitis.
1000 2708 1052 2770 Eo
1082 2721 1194 2772 autem
1219 2720 1373 2791 tempore
1396 2712 1478 2774 idern

195 2815 352 2875 tionibusad
375 2806 584 2873 Venerabilis
612 2806 730 2870 Frater
755 2825 859 2890 quum
884 2806 994 2884 vellet,
1011 2818 1046 2871 ut
1065 2808 1172 2873 Nobis
1195 2810 1228 2872 in
1255 2812 1384 2893 optatis
1405 2818 1479 2883 erat,

210 2892 348 3006 'mss
376 2912 588 2995 quaestiones
604 2911 796 2993 praecidere
819 2911 862 2974 de
886 2922 976 2975 recta
1000 2912 1182 2977 iuventutis
1198 2914 1420 2992 institutione,
1440 2914 1478 2976 de

227 3039 245 3071 a
269 3023 348 3099 agata
372 3037 449 3100 qua,
464 3017 530 3080 iam
557 3014 718 3091 diximus,
732 3013 877 3077 incensis
902 3015 1024 3078 animis
1047 3017 1181 3100 acrique
1197 3018 1345 3098 partium
1364 3015 1478 3089 studio,

192 3103 347 3213 „ffissz
373 3120 470 3185 editis
501 3118 603 3182 etiam
636 3116 778 3198 scriptis,
809 3119 1010 3196 certabatur,
1040 3120 1288 3202 propositiones
1318 3121 1476 3204 quasdam

185 3221 301 3295 [mmm
314 3220 346 3269 “b
370 3224 465 3290 vobis
496 3221 651 3287 exhibuit
681 3220 725 3285 ab
756 3242 793 3284 se
824 3222 1051 3301 concinnatas,
1076 3224 1245 3305 duplicem
1277 3225 1476 3309 attingentes

190 3291 344 3399 Nm&
369 3330 530 3406 ordinem,
546 3347 613 3410 quo
645 3326 785 3390 scientia
811 3326 961 3391 veritatis
986 3337 1020 3391 et
1047 3328 1137 3391 actio
1163 3328 1252 3391 vitae
1282 3329 1475 3392 continetur.

221 3415 345 3545 qffljh
371 3434 521 3517 Quarum
538 3432 606 3493 vim
627 3441 660 3493 et
686 3430 820 3511 pondus
837 3432 1106 3512 propositionum
1123 3452 1226 3514 quum
1246 3434 1394 3514 graviter
1407 3450 1473 3514 per·

233 3544 344 3623 aalma·
368 3538 540 3619 pendisset
571 3532 910 3615 Archiepiscoporum
941 3546 1066 3613 coetus,
1096 3546 1129 3600 et
1160 3538 1324 3619 quasdam
1364 3538 1398 3600 in
1430 3534 1473 3597 eis

194 3616 347 3727 „„‘'⁰„,Z{,{f
368 3639 609 3704 declarationes
622 3636 941 3720 emendationesque
954 3639 1113 3720 petiisset,
1126 3646 1305 3721 utrumque
1321 3638 1472 3721 Naupac-

195 3755 247 3791 ms.
339 3758 356 3767 ”
368 3744 471 3808 tensis
488 3741 642 3806 Antistes
658 3741 767 3804 alacer
781 3742 958 3823 praestitit.
976 3742 1053 3825 Quo
1070 3741 1160 3806 sacto
1175 3743 1370 3824 spectabilis
1391 3744 1474 3806 idem

367 3858 484 3912 coetus
499 3846 599 3910 finem
626 3846 705 3909 iecit
730 3848 926 3923 sessionum,
942 3847 1094 3929 aperiens
1120 3848 1206 3929 grati
1232 3847 1337 3911 animi
1361 3862 1473 3911 sensus

367 3940 594 4038 profitens'que
618 3949 751 4031 probari
783 3950 845 4012 sibi
877 3970 950 4013 earn
984 3950 1106 4032 agendi
1133 3952 1309 4029 rationem,
1332 3971 1398 4035 qua
1421 3946 1472 4011 ille

366 4056 518 4139 partibus
534 4052 712 4135 singularis
728 4054 875 4116 muneris
892 4072 912 4116 a
929 4052 1037 4119 Nobis
1052 4054 1169 4117 crediti
1186 4063 1257 4119 erat
1273 4054 1469 4136 perfunctus.

367 4156 556 4239 Explorate
571 4154 654 4217 haec
669 4156 784 4218 omnia
799 4154 978 4217 habuimus
999 4175 1044 4218 ex
1060 4155 1209 4219 eiusdem
1233 4157 1318 4220 actis
1334 4170 1471 4219 conven-

365 4276 430 4339 tus,
446 4280 532 4344 quae
549 4258 730 4323 deserenda
745 4258 854 4321 Nobis
871 4259 1055 4325 curavistis.

204 4390 265 4441 Illis
279 4398 339 4456 prs
410 4368 536 4433 Verum
553 4364 723 4429 enimvero
738 4384 800 4427 eae
815 4363 908 4447 ipsae
924 4362 1081 4447 Delegati
1099 4363 1214 4431 Nostri
1229 4362 1468 4447 propositiones
