3117 4859
399 363 450 413 DE
477 362 642 415 ROSARIO
667 364 840 416 MARIALI.
1112 372 1180 440 109

77 516 135 580 diis
156 526 190 581 et
202 514 386 593 doloribus,
400 514 589 597 opprobriis
612 524 647 580 et
661 516 840 598 triumphis
865 527 999 583 tenetur
1013 519 1046 583 in
1065 540 1179 603 regen·
1272 534 1291 579 a

76 620 124 685 dis
132 619 322 683 hominibus
332 618 553 702 iuvandisque
566 620 609 683 ad
623 630 769 685 aeterna
784 620 885 704 Quod
898 624 925 686 si
937 622 1072 689 Christo
1086 625 1178 689 beni·
1243 590 1319 701 {fag

78 724 230 807 gnissime
255 724 381 806 placuit
398 731 530 787 tantam
556 724 663 788 nostri
685 723 890 805 praeseferre
914 727 1179 803 similitudinem,
1240 752 1343 803 Mtsert.

78 849 171 913 seque
185 829 331 893 hominis
346 827 451 893 filium
467 837 570 911 atque
585 830 672 893 adeo
688 828 824 892 fratrem
848 840 1001 895 nostrum
1018 832 1129 897 dicere
1145 843 1179 896 et
1206 818 1356 947 mm

79 933 235 1014 praebere,
250 951 319 1014 quo
343 932 499 996 testatior
514 952 575 995 sua
598 933 633 995 in
649 952 713 995 nos
737 932 966 998 misericordia
983 945 1180 1017 patesceret,
1207 898 1307 997 distare

79 1034 179 1098 debuit
183 1047 248 1117 per
267 1034 380 1099 omnia
387 1034 560 1115 fratribus
573 1034 730 1112 similari,
753 1046 791 1099 ut
805 1038 988 1101 misericors
1002 1038 1105 1122 fieret
1117 1039 1157 1123 (1)
1173 1062 1181 1117 ;
1206 1015 1357 1129 {ffss'ffi‘

82 1140 200 1204 Mariae
213 1159 281 1204 non
305 1139 410 1216 aliter,
426 1160 472 1203 ex
487 1160 529 1205 eo
544 1141 635 1223 quod
653 1139 778 1204 Christi
795 1140 935 1205 Domini
961 1144 1178 1226 eiusdemque
1207 1146 1276 1194 ‘0²²³-

81 1245 179 1311 iratris
193 1247 299 1310 nostri
315 1246 422 1311 eiecta
438 1255 489 1311 est
506 1255 623 1321 mater,
638 1245 703 1309 hoc
719 1265 821 1327 supra
837 1256 961 1312 matres
978 1268 1096 1313 omnes
1113 1252 1178 1313 sin-

82 1351 186 1431 gulare
199 1350 345 1414 inditum
362 1360 422 1427 est,
438 1359 475 1415 ut
491 1349 753 1414 misericordiam
771 1350 870 1413 nobis
892 1352 1049 1433 proderet
1073 1352 1178 1417 effun-

82 1454 165 1517 deret
179 1470 284 1515 suam.
298 1452 336 1515 Id
350 1461 522 1534 praeterea
536 1451 565 1514 si
574 1450 737 1516 debemus
753 1450 888 1517 Christo
901 1454 992 1536 quod
1004 1454 1177 1519 nobiscum
1239 1470 1336 1547 Marta·

83 1554 126 1617 ius
139 1554 201 1619 sibi
222 1554 395 1637 proprium
422 1554 677 1636 quodammodo
699 1555 965 1633 communicarit,
982 1554 1093 1621 Deum
1121 1578 1178 1619 vo·
1200 1543 1250 1601 W
1271 1536 1357 1585 chm-

84 1656 172 1721 candi
187 1666 220 1720 ct
234 1656 381 1721 habendi
396 1640 538 1739 patrem,
553 1657 663 1721 eidem
680 1657 833 1723 similiter
848 1659 1011 1723 debemus
1028 1680 1178 1725 commu·
1205 1607 1360 1727 mm

85 1760 221 1823 nicatum
252 1760 484 1825 amantissime
519 1762 580 1838 ius,
610 1761 756 1825 Mariam
792 1762 937 1825 vocandi
967 1773 1002 1828 et
1032 1766 1178 1831 habendi
1201 1732 1358 1862 ffiffi

85 1874 223 1928 matrem.
239 1862 388 1945 Quando
396 1873 509 1929 autem
527 1873 647 1928 natura
659 1866 733 1947 ipsa
749 1885 873 1930 nomen
885 1866 1003 1930 matris
1013 1866 1091 1933 fecit
1106 1869 1179 1933 dul·
1205 1864 1291 1976 ζωῇ
1303 1879 1357 1912 ⁷⁵⁰⁸·

85 1967 252 2044 tissimum,
266 1969 300 2031 in
317 1988 424 2051 eaque
439 1969 615 2051 exemplar
630 1969 727 2051 quasi
742 1969 862 2035 statuit
878 1971 1001 2034 amoris
1024 1975 1130 2037 teneri
1146 1983 1180 2037 et
1216 1944 1343 2057 ‘'dpfrkma

86 2073 287 2153 providentis,
303 2074 418 2157 lingna
427 2074 565 2157 quidem
575 2074 665 2138 haud
676 2074 759 2138 satis
770 2073 882 2156 eloqui
895 2085 1016 2157 potest,
1028 2086 1064 2140 at
1076 2077 1180 2159 probe
1205 2066 1357 2188 mxi,

87 2181 222 2244 sentiunt
236 2180 371 2262 piorum
398 2180 513 2257 animi,
527 2189 654 2263 quanta
669 2180 703 2242 in
735 2180 844 2243 Maria
867 2181 1011 2245 insideat
1035 2181 1178 2246 benevo·
1205 2188 1329 2238 tashabct

87 2284 175 2348 lentis
199 2294 424 2367 actuosaeque
446 2284 594 2349 caritatis
622 2284 770 2362 flamma,
791 2286 825 2349 in
841 2305 881 2349 ea
903 2288 1070 2365 nimirum,
1093 2308 1180 2369 quae
1206 2261 1358 2379 mm*

88 2388 181 2465 nobis,
194 2408 261 2453 non
277 2386 483 2466 humanitus,
492 2388 551 2451 sed
568 2408 588 2451 a
605 2386 740 2453 Christo
749 2397 801 2451 est
814 2398 930 2455 mater.
940 2389 1056 2473 Atque
1073 2392 1180 2457 multo
1206 2386 1289 2463 ’ἕψε
1303 2386 1358 2435 sur-

87 2493 134 2557 illa
148 2492 253 2577 magis
268 2502 384 2555 nostra
400 2493 515 2555 omnia
525 2492 629 2556 habet
644 2492 783 2575 cognita
799 2503 832 2555 et
845 2504 1043 2576 perspecta;
1059 2497 1180 2579 quibus
1207 2467 1360 2580 ffirma-

87 2595 237 2658 advitam
257 2593 470 2676 indigeamus
494 2594 681 2677 praesidiis,
696 2615 783 2678 quae
810 2596 1030 2677 impendeant
1045 2600 1180 2681 publice
1207 2584 1333 2699 fiam

87 2700 228 2780 privatim
243 2699 401 2782 pericula,
415 2699 538 2782 quibus
561 2702 595 2763 in
613 2701 787 2783 angustiis,
814 2701 848 2765 in
877 2702 974 2765 malis
1002 2724 1181 2783 versemur,
1328 2686 1333 2696 ¹

88 2824 177 2886 quam
201 2806 233 2869 in
249 2804 367 2887 primis
387 2804 431 2868 sit
446 2804 533 2867 acris
557 2824 634 2869 cum
658 2806 828 2868 acerrimis
845 2806 998 2871 hostibus
1013 2809 1056 2872 de
1072 2811 1181 2873 salute

89 2909 207 2973 animae
220 2908 395 2973 dimicatio
409 2932 417 2972 ε
433 2907 466 2971 in
483 2908 535 2973 his
551 2918 666 2973 autem
688 2909 805 2973 aliisve
828 2912 1067 2991 asperitatibus
1084 2914 1182 2993 vitae,

89 3011 183 3075 multo
197 3012 270 3095 ipsa
281 3021 394 3094 potest
409 3011 546 3094 largius,
556 3022 591 3077 et
606 3010 840 3077 uehementius
851 3025 1004 3097 exoptat,
1016 3018 1182 3095 solatium,

88 3115 184 3192 robur,
197 3115 324 3179 auxilia
338 3134 441 3179 omne
450 3134 556 3197 genus
568 3116 750 3180 carissimis
765 3115 842 3180 filiis
858 3116 985 3185 afferre.
1004 3120 1123 3202 Itaque
1138 3123 1180 3185 ad

90 3217 219 3283 Mariam
234 3238 302 3283 non
314 3218 443 3296 timide,
453 3239 520 3285 uon
532 3220 670 3285 remisse
681 3222 853 3298 adeamus,
862 3242 922 3304 per
938 3222 995 3287 illa
1006 3226 1181 3289 obsecran-

89 3332 132 3384 tes
145 3335 294 3387 materna
319 3324 463 3401 vincula,
488 3324 612 3407 quibus
639 3344 715 3388 cum
733 3325 810 3389 Iesu
836 3328 985 3410 itemque
1006 3328 1181 3393 nobiscum

90 3428 349 3493 coniunctissima
363 3438 415 3492 est
432 3449 441 3507 ;
459 3439 671 3511 praesentem
686 3429 759 3492 eius
774 3449 874 3513 opem
898 3450 966 3513 quo
982 3433 1182 3513 precationis

91 3532 180 3595 modo
193 3531 395 3614 significavit
410 3532 484 3615 ipsa
499 3543 535 3597 et
548 3542 787 3617 peracceptutn
805 3533 917 3613 habet,
933 3535 1183 3618 religiosissime

91 3632 288 3700 invocemus:
303 3644 376 3699 tum
393 3637 455 3701 erit
472 3638 592 3701 merito
605 3638 638 3701 in
653 3638 759 3701 tutela
770 3638 920 3719 optimae
932 3640 1047 3703 matris
1059 3640 1183 3703 securis

91 3736 238 3822 laetisque
253 3740 376 3805 animis
392 3742 711 3825 conquiescendum.
1244 3778 1350 3827 ΚΜ

128 3839 177 3904 Ad
193 3843 279 3907 hanc
307 3843 440 3908 Rosarii
464 3846 791 3910 commendationem
820 3864 865 3910 ex
893 3849 1084 3929 precatione
1111 3849 1185 3931 ipsa
1212 3842 1345 3957 {ruadhar-
1453 3892 1455 3897 -

92 3940 270 4021 proiectam,
286 3947 417 4011 accedit
433 3957 470 4012 ut
486 3948 520 4011 in
536 3949 657 4013 eodem
672 3948 752 4012 insit
768 3946 874 4013 facilis
890 3950 1028 4032 quidam
1046 3970 1124 4014 usus
1141 3950 1184 4014 ad
1211 3924 1361 4023 1552ssssss

92 4059 208 4110 summa
222 4046 300 4111 fidei
316 4049 515 4115 christianae
527 4051 640 4134 capita
649 4051 821 4115 suadenda
834 4053 954 4116 animis
965 4062 998 4117 et
1017 4052 1183 4116 inculcan·
1202 4039 1363 4156 mm·

94 4146 130 4210 da
140 4173 148 4211 r
160 4170 241 4235 quae
256 4154 392 4237 quidem
409 4156 541 4221 aliaest
564 4156 773 4221 nobilissima
786 4158 1045 4223 commendatio.
1061 4194 1105 4205 -
1123 4156 1185 4219 Est
1210 4170 1282 4234 tifex.

94 4252 169 4317 euim
185 4258 331 4322 maxime
347 4280 392 4323 ex
404 4260 470 4326 fide
486 4263 577 4344 quod
590 4261 693 4327 homo
703 4265 793 4325 recte
805 4270 959 4343 certeque
968 4262 1092 4343 gradus
1106 4258 1185 4324 facit
1211 4236 1347 4349 βω

1235 4300 1301 4350 edem
1316 4302 1345 4350 in

121 4406 138 4438 1.
148 4396 225 4451 Heba,
237 4410 264 4452 ιι,
278 4414 313 4457 17.
