3117 4859
276 353 327 403 DE
353 349 606 402 MATR1MONro
632 350 749 402 CIVILI
778 351 820 400 IN
849 350 1065 402 HUNGARIA.
1180 353 1226 419 29

113 498 228 562 monio
243 497 427 558 christiano
441 504 689 576 argumentum,
712 513 757 556 ex
783 504 947 576 perpetua
969 505 1073 575 atque
1099 493 1226 556 incom-

113 600 267 666 mutabili
285 599 458 663 Ecclesiae
470 599 633 675 doctrina,
649 596 716 660 alio
733 597 808 659 loco
823 599 1113 678 pertractavimus.
1130 595 1228 660 Nihi-

112 705 258 770 lominus
285 724 354 766 rem
378 703 519 766 omnino
544 701 680 765 tacitam
700 701 897 782 relinquere,
911 702 1007 764 salvo
1023 700 1142 775 officio,
1158 721 1225 765 non

112 828 300 894 possumus.
325 805 485 883 Videant,
511 805 569 886 qui
602 804 751 868 maxime
783 806 920 879 debent,
943 805 1025 868 illud
1057 806 1226 886 quamsit

110 912 348 976 calamitosum
365 910 561 991 iustitiaque
576 909 887 985 alienum,lormam
902 910 1039 972 ineundi
1053 909 1226 972 matrimo-

112 1017 157 1080 nii
180 1016 368 1079 catholicae
383 1015 477 1096 genti
494 1012 729 1096 praescribere,
750 1013 877 1076 centies
904 1011 1078 1076 Ecclesiae
1102 1014 1227 1077 iudicio

112 1120 321 1185 damnatam.
337 1117 432 1201 Quas
459 1139 512 1180 res
537 1117 693 1199 coniugia
723 1117 856 1198 pariunt
881 1118 914 1178 in
931 1136 1052 1198 genere
1069 1116 1167 1188 civili.
1183 1119 1226 1182 de
1302 1181 1408 1227 Statua!

112 1225 151 1288 iis
169 1233 297 1286 rectum
314 1232 365 1285 est
386 1240 588 1303 cognoscere
605 1241 644 1283 ac
660 1221 850 1297 decernere,
865 1222 922 1303 qui
940 1232 1100 1303 praesunt
1116 1223 1226 1304 reipu.
1249 1244 1350 1310 m„
1360 1244 1395 1312 (ξ,

112 1327 239 1396 blicae:
255 1335 373 1390 contra
399 1325 442 1388 de
462 1325 537 1407 ipso
564 1335 710 1389 statuere
739 1324 885 1388 maritali
909 1325 1053 1402 vinculo,
1079 1330 1226 1391 muneris
1252 1300 1396 1418 gfff

114 1431 287 1496 Ecclesiae
322 1439 399 1493 est:
430 1438 609 1512 propterea
639 1429 730 1509 quod
765 1427 919 1492 Christus
951 1429 1120 1494 Dominus
1151 1452 1225 1496 eam
1246 1419 1405 1536 ἷζὲἕζζζζ

113 1535 287 1598 Ecclesiae
312 1552 392 1598 suae
415 1532 560 1596 contulit
576 1542 792 1614 potestatem,
807 1553 884 1596 cum
902 1536 1038 1615 nuptias
1054 1556 1099 1596 ex
1116 1534 1226 1600 officio
1252 1535 1409 1642 mpod*

112 1649 252 1704 naturae
276 1637 488 1719 naturalique
503 1645 677 1699 contractu
701 1637 734 1697 iu
754 1636 976 1702 Sacramenta
992 1638 1226 1707 transtulisset.
1251 1670 1313 1714 quae
1325 1664 1385 1715 spec-

112 1743 183 1807 Vix
205 1749 319 1805 autem
346 1741 468 1803 attinet
492 1741 712 1803 christianum
738 1741 864 1821 dogma
882 1743 1047 1805 recordari
1063 1743 1106 1805 de
1121 1743 1225 1826 ipsius
1251 1719 1406 1822 {imm

112 1847 242 1910 unitate
259 1857 292 1908 et
308 1846 535 1928 perpetuitate
547 1844 693 1926 coniugii
709 1868 715 1906 :
730 1845 852 1925 quibus
864 1845 1016 1922 sublatis,
1027 1847 1225 1912 fundamen·
1252 1836 1371 1939 Q&

112 1960 183 2015 tum
196 1948 281 2012 illud
297 1949 516 2030 praecipuum
530 1947 667 2022 tollitur,
679 1947 712 2009 in
725 1968 793 2030 quo
807 1947 970 2012 familiam
986 1952 1226 2034 civitatemque
1252 1952 1368 1999 Ecclm‘a·

53 2133 55 2137 ,
112 2053 329 2116 christianam
340 2054 559 2115 restitutorac
570 2051 1227 2136 perfectorutriusquelasuscnmsrus

112 2157 207 2221 iussit
235 2157 426 2220 consistere.
443 2154 506 2221 Cui
522 2156 661 2239 quidem
677 2155 843 2219 voluntati
860 2159 1004 2236 divinae,
1020 2160 1102 2222 nulli
1118 2161 1225 2225 homi·

113 2281 190 2324 num
209 2262 287 2324 licet
303 2262 442 2343 impune
457 2279 655 2342 repugnare.

156 2365 215 2430 Ad
234 2364 425 2428 istiusmodi
439 2383 574 2428 caussas
587 2364 762 2428 molestiae
779 2374 882 2446 atque
897 2368 1118 2447 aegritudinis
1133 2371 1225 2435 adla·
1296 2395 1405 2446 sameas

113 2481 165 2536 tas
179 2469 271 2546 loris,
286 2468 364 2532 illae
388 2469 554 2532 accedunt
569 2487 657 2550 quae
672 2468 911 2532 circumsident
927 2471 1030 2534 dorni.
1046 2471 1100 2535 Ne
1116 2495 1225 2556 perse·
1251 2455 1375 2572 §lgm

113 2594 257 2659 quamur
269 2573 334 2636 hoc
350 2571 425 2635 loco
442 2571 601 2654 singulas,
617 2591 721 2636 unum
739 2572 821 2635 illud
838 2574 987 2656 cogitate
1003 2575 1103 2658 quale
1119 2578 1227 2657 fuerit,
1251 2577 1384 2679 fflffl·

114 2679 301 2752 destinatos
322 2696 382 2758 per
410 2675 545 2740 ltaliam
571 2676 747 2759 episcopos
771 2696 897 2758 magno
925 2699 1066 2744 numero
1090 2682 1226 2747 sedibus
1253 2700 1369 2739 maora:

116 2783 182 2846 suis
196 2779 395 2865 prohibitos,
411 2779 518 2871 dilata
532 2778 565 2841 in
582 2779 673 2842 diem
690 2800 735 2844 ex
751 2782 807 2842 die
823 2781 1009 2847 litterarum
1026 2787 1227 2867 apostolica.
1252 2753 1392 2870 mm,

115 2905 196 2964 rum,
224 2895 263 2949 ut
287 2884 478 2967 loquuntur,
505 2884 714 2947 executione.
742 2883 844 2967 Quod
876 2885 942 2949 huc
973 2887 1074 2969 plane
1100 2892 1229 2971 recidit,
1253 2873 1406 2990 masa

114 2987 312 3070 intercipere
336 3005 471 3051 cursum
502 2987 710 3069 apostolicae
738 2988 960 3067 auctoritatis,
986 2992 1150 3075 impedire
1176 2998 1228 3058 ius
1252 2992 1407 3096 {massas

116 3094 287 3176 proprium
312 3111 351 3155 ac
377 3091 528 3154 nativum
554 3091 683 3154 romani
702 3091 883 3169 Pontificis,
898 3095 994 3157 cuius
1009 3098 1162 3176 profecto
1177 3110 1228 3164 est
1246 3109 1388 3178 feizser’re

115 3195 298 3260 Antistites
322 3215 492 3259 sacrorum
518 3215 585 3260 non
611 3196 713 3258 modo
729 3196 914 3278 sublegere,
929 3199 988 3261 sed
1005 3201 1039 3261 in
1056 3204 1228 3284 assignata
1254 3169 1348 3272 2:22³,ss

117 3301 271 3378 statione,
287 3299 380 3363 nulla
396 3320 431 3362 re
449 3299 665 3382 impediente,
682 3301 857 3364 collocare.
873 3301 927 3364 Eo
942 3302 994 3364 vel
1012 3307 1120 3387 magis
1136 3309 1227 3389 quod
1253 3287 1397 3405 {mim

118 3401 222 3468 Sedes
247 3403 450 3487 Apostolica
476 3404 510 3466 in
537 3404 670 3467 delectu
694 3404 953 3488 Episcoporum,
963 3410 1228 3490 exquisitissima
1253 3406 1386 3474 ‘’lm“

117 3507 268 3586 adhibita
283 3508 470 3589 diligentia,
485 3509 653 3571 neminem
672 3508 812 3571 evehere
828 3510 870 3572 ad
888 3509 921 3573 id
948 3511 1122 3592 dignitatis
1149 3537 1228 3580 con·
1254 3466 1375 3570 mn.

116 3614 232 3691 suevit,
257 3614 337 3696 quin
361 3613 425 3676 sibi
448 3611 549 3676 luerit
564 3613 759 3694 integritate
775 3613 864 3676 vitae
879 3623 915 3677 et
929 3614 1031 3680 laude
1046 3618 1229 3699 doctrinae,

118 3716 283 3801 simulque
310 3737 419 3780 rerum
446 3719 656 3799 experientia
684 3729 717 3780 et
741 3719 892 3800 quadam
918 3719 1010 3784 velut
1033 3725 1228 3789 maturitate

119 3823 245 3885 consilii
261 3822 425 3906 probatus
433 3843 441 3902 ;
458 3822 612 3904 aquibus
621 3832 712 3886 certe
722 3821 804 3884 nihil
815 3823 917 3888 habet
929 3826 1127 3908 respublica,
1137 3832 1227 3912 quod

120 3936 265 3992 metuat:
281 3927 475 4010 plurimum,
490 3927 580 4009 quod
605 3936 773 4008 expectet.
791 3929 967 3992 Postremo
982 3933 1119 4013 quidem
1143 3945 1228 3999 tem-
1290 3951 1406 4011 Composi-

120 4049 197 4110 pore
213 4032 334 4094 iniuria
346 4029 426 4095 lacti
442 4031 486 4094 ab
501 4031 541 4093 iis
557 4017 639 4112 ipsis
655 4029 789 4095 videtur
800 4033 980 4114 intellecta,
991 4036 1048 4118 qui
1061 4036 1228 4104 fecerant:
1247 4013 1387 4130 }2,l¹2²1‘l{m

121 4153 195 4198 nam
212 4155 300 4218 quae
316 4146 417 4199 antea
441 4134 633 4214 obstabant,
657 4145 788 4198 remota
812 4137 965 4202 vidimus.
991 4139 1069 4222 Qua
1085 4164 1121 4206 re
1136 4145 1226 4208 haud
1254 4131 1386 4176 lffl‘msffi'

121 4257 198 4304 sane
220 4240 404 4304 diffitemur
423 4258 547 4321 magna
567 4238 641 4302 Nos
655 4240 882 4306 sollicitudine
898 4264 1044 4327 curaque
1060 4247 1228 4312 liberatos.

122 4341 358 4430 Quoniamque
374 4343 479 4409 semel
495 4355 547 4408 est
564 4345 744 4428 aequitatis
760 4357 794 4411 et
805 4349 885 4411 iuris
897 4351 1045 4414 admissa
1057 4374 1136 4431 vox,
1146 4355 1227 4418 libet
