3117 4859
106 534 130 639 ι
238 489 567 571 nmmum:
609 458 1055 570 APOSTOLICAE

231 682 592 743 minumum-ns
622 683 681 741 ur
702 680 1007 741 pmvmncus
1035 682 1148 741 mnu

110 650 114 657 ι

109 713 114 735 l

106 743 112 761 “.

110 796 113 807 ι

190 850 604 915 cousocmnoms
632 853 663 910 n
689 850 844 912 sncnu
871 851 1094 913 viuum.

275 1136 361 1187 UUM
392 1142 499 1203 nuper
525 1120 633 1185 Nobis
658 1120 845 1202 obtigisset,
881 1130 917 1185 ut
944 1142 1030 1185 nova
1063 1121 1201 1187 Statuta
1255 1143 1350 1237 1ng

295 1226 564 1292 Consociationis
585 1224 709 1290 Sacrae
725 1222 891 1288 Familiae
908 1225 1120 1308 Apostolicis
1148 1228 1200 1293 lit·
1266 1242 1338 1305 1892.

90 1179 244 1429 {l—Ql
294 1332 374 1395 teris
404 1330 623 1412 probaremus
648 1338 683 1393 et
706 1329 921 1408 sanciremus,
956 1331 1036 1395 satis
1071 1334 1199 1396 muneri

294 1445 397 1516 atque
426 1432 536 1497 officio
554 1432 681 1496 Nostro
704 1431 851 1496 facturos
880 1454 952 1497 esse
975 1435 1148 1513 duximus,
1173 1437 1200 1499 si
1228 1406 1379 1537 pssffl

91 1540 241 1603 eamdem
253 1537 548 1604 Consociationem
564 1536 782 1618 amplissimis
795 1537 907 1600 verbis
920 1537 1200 1619 collaudaremus,
1227 1545 1343 1651 upupa·

89 1666 228 1728 eamque
251 1643 442 1707 christianis
468 1640 602 1704 familiis
626 1659 842 1723 summopere
873 1644 1198 1712 commendaremus.
1217 1612 1359 1732 filma.

90 1750 316 1815 Laudavimus
332 1759 456 1823 autem,
465 1755 500 1809 et
515 1744 828 1808 commendavimus
846 1765 885 1807 ea
895 1744 1071 1810 voluntate
1088 1767 1196 1830 eoque
1223 1735 1377 1849 {mrim

88 1854 268 1936 proposito,
284 1860 321 1915 ut
351 1851 509 1913 nimirum
537 1849 682 1931 populus
698 1847 910 1926 christianus,
936 1850 1030 1914 cuius
1056 1862 1194 1918 aeterna
1222 1866 1315 1914 Sacrae
1326 1864 1375 1915 Fa·
1404 1860 1410 1871 '

86 1960 169 2022 salus
195 1968 251 2022 est
266 1956 375 2019 Nobis
400 1954 590 2028 commissa,
601 1952 644 2015 ad
661 1952 917 2017 christIauarum
941 1954 1104 2019 virtutum
1123 1955 1194 2019 lau·
1221 1932 1375 2060 fflff'm

86 2065 156 2126 dem
173 2058 338 2142 exemplo
359 2076 473 2122 sacrae
489 2056 653 2121 Familiae
680 2065 714 2120 et
739 2056 940 2122 invitatione
956 2057 1083 2122 Nostra
1111 2068 1194 2123 tem·
1221 2060 1349 2137 imprae-

89 2166 210 2248 pestive
229 2172 449 2228 revocaretur.
459 2160 651 2226 Christiana
660 2160 788 2243 quippe
804 2160 909 2224 virtus
921 2171 991 2225 tam
1004 2172 1056 2226 est
1066 2161 1195 2240 efficax,
1217 2132 1373 2255 ,wilm

89 2279 285 2351 tantumque
301 2267 414 2349 pollet,
430 2276 467 2328 ut
483 2266 516 2329 in
534 2286 573 2327 ea
590 2284 749 2347 magnam
773 2272 904 2347 partem
933 2266 1043 2349 posita
1073 2267 1116 2331 sit
1145 2268 1195 2331 vel
1221 2264 1334 2369 apponu-

89 2374 214 2438 sanatio
231 2371 407 2444 malorum,
421 2388 508 2452 quae
525 2378 690 2451 premunt,
706 2370 757 2432 vel
783 2366 938 2451 depulsio
963 2370 1197 2452 periculorum,
1221 2338 1326 2436 elelll'ss
1338 2402 1372 2437 os-

89 2498 169 2559 quae
205 2484 412 2540 metuuntur.
443 2473 501 2537 Ad
536 2474 695 2537 virtutem
722 2493 803 2537 vero
834 2469 972 2536 mirifice
1002 2475 1195 2539 excitantur
1221 2454 1310 2503 “mli‘'

89 2582 239 2645 homines
260 2578 441 2662 exemplo:
463 2578 555 2661 quod
578 2578 716 2659 quidem
741 2597 782 2641 eo
808 2576 917 2659 magis
933 2578 1122 2642 imitatione
1147 2581 1195 2643 di·

89 2706 185 2766 gnum
202 2686 379 2761 iudicatur,
395 2702 463 2764 quo
478 2682 641 2762 integrior
654 2693 688 2746 et
704 2680 851 2746 sanctior
865 2689 915 2744 est
936 2700 1088 2763 persona,
1107 2684 1197 2746 unde

88 2790 216 2870 petitur.
227 2788 343 2872 Quare
359 2787 449 2851 haud
462 2784 584 2849 mirum
597 2796 652 2848 est
669 2784 697 2846 si
714 2783 796 2862 Nos,
808 2785 865 2866 qui
879 2784 961 2847 nihil
978 2786 1087 2867 magis
1103 2787 1194 2867 cupi·

89 2913 157 2956 mus
172 2902 277 2975 atque
299 2901 467 2973 optamus,
476 2909 584 2970 quam
604 2908 712 2971 posse,
735 2888 888 2952 excitata
917 2887 1044 2971 ubique
1071 2890 1195 2953 virtute

88 2995 275 3074 christiana,
290 2993 522 3077 praesentibus
539 2991 636 3055 malis
660 2992 797 3069 mederi,
815 3002 848 3053 et
864 2992 1022 3073 proxima
1048 2993 1195 3073 pericula

89 3100 264 3180 deprecari,
280 3098 576 3164 Consociationem
594 3094 717 3160 Sacrae
736 3095 899 3160 Familiae
912 3097 1075 3179 singulari
1092 3097 1192 3161 bene-

89 3204 230 3267 volentia
256 3211 291 3266 et
314 3202 429 3266 studio
456 3199 699 3282 prosequimur,
722 3210 841 3282 utpote
864 3221 952 3283 quae
978 3202 1192 3266 sanctitatem

88 3306 214 3371 divinae
228 3308 318 3371 illius
333 3304 496 3368 Familiae
512 3303 575 3367 sibi
588 3304 747 3387 proponit
757 3306 943 3386 exemplar.
961 3305 1090 3373 Omnes
1103 3308 1192 3371 enim

88 3409 115 3488 ii,
129 3411 186 3493 qui
200 3412 235 3475 in
252 3408 446 3474 huiusmodi
457 3407 754 3473 Consociationem
768 3408 886 3471 adsciti
900 3419 988 3487 sunt,
1000 3409 1193 3493 praeclaris·

88 3513 183 3577 simas
200 3515 289 3591 Iesu,
307 3514 436 3577 Mariae
452 3523 485 3576 et
508 3511 633 3595 Ioseph
661 3512 803 3574 virtutes
830 3513 1109 3594 contemplantes
1137 3534 1192 3577 ne·

89 3639 173 3684 cesse
188 3631 241 3686 est
256 3629 294 3685 ut
309 3620 567 3685 similitudinem
578 3638 693 3683 earum
705 3617 852 3698 aliquam
866 3617 1045 3699 adripiant,
1056 3616 1193 3704 fierique

89 3724 241 3789 studeant
259 3725 449 3789 imitatione
466 3722 629 3787 meliores.
647 3721 761 3806 Quare
776 3724 889 3804 vigeat
906 3720 1091 3806 florentque
1108 3723 1192 3790 haec

89 3827 138 3906 pia
150 3826 365 3893 consociatio
375 3847 478 3912 quum
491 3827 658 3892 sodalium
672 3846 822 3903 numero,
833 3836 904 3897 tum
922 3837 1012 3890 recte
1028 3826 1191 3892 laetorum

89 3927 201 4011 laude;
217 3943 381 4015 augeatur
396 3943 432 3996 et
448 3933 490 3996 ad
508 3932 620 4014 plures
648 3932 682 3994 in
704 3932 777 3995 dies
793 3929 946 4011 singulos
961 3942 1166 4013 propagetur
1184 3956 1192 3997 :

90 4051 125 4095 ea
144 4035 233 4099 enim
259 4035 406 4113 florente,
434 4034 531 4098 facile
558 4032 653 4109 fides,
670 4034 788 4116 pietas,
805 4045 838 4098 et
867 4035 977 4098 omnis
1009 4036 1193 4101 christiana
1218 4028 1369 4141 ιιῆζζαᾞξζ

91 4131 155 4199 laus
174 4136 207 4201 in
237 4138 372 4202 familiis
395 4139 605 4203 revirescent.
620 4136 735 4221 Quum
766 4158 845 4201 vero
876 4138 1007 4203 soleant
1036 4140 1190 4205 homines
1216 4164 1340 4207 cremia

92 4243 267 4316 permoveri
280 4243 430 4306 maxime
446 4240 597 4325 praemio
609 4261 619 4319 ;
630 4241 713 4319 Nos,
729 4243 820 4324 quod
832 4244 865 4305 in
883 4243 1045 4307 facultate
1063 4244 1189 4309 Nostra
1216 4229 1327 4286 W*

1216 4303 1253 4335 ml
1357 4315 1366 4326 ·

94 4351 145 4418 est,
158 4346 343 4427 praemium
356 4345 577 4429 spiritualium
595 4349 772 4429 bonorum,
789 4371 856 4415 non
872 4351 1007 4432 quidem
1021 4352 1138 4435 fragile
1154 4365 1188 4419 et
1214 4304 1279 4403 cml
1320 4290 1355 4339 du

1437 4422 1553 4789 ι
