3117 4859
397 352 470 443 318
750 372 873 423 runsx
900 372 1150 425 Auarvmcus.

429 524 460 573 7.
481 523 724 576 ALLOCUTlO
746 526 789 577 ad
813 526 846 576 S.
866 527 905 577 R.
930 528 968 576 Ε.
997 527 1188 579 cardinales
1206 530 1414 581 solemnitate

393 613 726 664 natlvltatlsDomtnt
741 615 909 665 redeunte.
925 614 1015 665 -23
1029 614 1106 665 Dec.
1120 614 1239 667 lm...
1348 630 1412 683 pag.
1465 628 1493 681 31

427 714 554 768 Maxime
566 712 646 768 cordi
669 713 800 768 Pontifici
823 726 876 783 est,
887 726 917 770 ut
935 714 1044 771 monita
1057 732 1109 770 sua
1127 715 1304 785 accipiantur
1315 726 1344 772 et
1362 718 1392 771 in
1405 726 1494 771 actum

390 802 592 869 deducantur;
612 801 680 857 item
700 812 731 857 ut
751 804 905 859 concordia
925 802 953 857 in
974 819 1076 873 campo
1094 802 1236 859 catholico
1257 816 1384 860 servetur
1404 820 1447 875 31.
1464 832 1496 843 -

392 891 456 945 Hoc
468 898 567 943 votum
580 906 663 945 suum
675 890 829 959 praecipue
841 890 1059 961 adimplendum
1072 901 1168 961 sperat
1187 892 1263 947 circa
1281 892 1402 947 arduam
1415 906 1494 963 quae·

388 978 511 1033 stionem
536 977 573 1032 de
596 978 730 1047 opificum
754 978 929 1047 conditione,
941 979 1022 1050 cujus
1047 980 1218 1035 solutionem
1232 981 1293 1051 jam
1314 981 1343 1034 in
1367 980 1494 1050 Epistola

388 1066 535 1137 encyclica
553 1065 698 1132 indicavit,
717 1067 769 1122 sed
788 1079 818 1121 et
837 1068 866 1123 in
885 1068 982 1123 animo
1007 1068 1107 1123 habuit
1129 1066 1204 1123 viam
1228 1069 1264 1123 ad
1285 1068 1493 1123 exsecutionem

388 1163 605 1227 praeceptorum
617 1154 774 1211 faciliorem
787 1157 923 1226 praebere
934 1177 943 1223 ;
955 1173 1041 1228 quem
1054 1157 1091 1213 ad
1104 1157 1190 1212 finem
1209 1174 1267 1211 non
1280 1174 1381 1227 parum
1402 1166 1493 1212 contu·

388 1245 488 1299 iissent
512 1242 756 1313 peregrinationes
781 1244 975 1313 operariorum
1000 1242 1107 1299 nefarie
1141 1244 1317 1313 interruptae
1343 1257 1436 1311 3¹·32·
1464 1270 1494 1280 -

390 1334 471 1391 Nihil
493 1332 581 1386 habet
601 1332 763 1402 respublica
776 1333 852 1401 quod
872 1332 972 1387 timeat
985 1333 1022 1388 ab
1039 1332 1083 1386 his
1100 1332 1148 1403 qui
1163 1332 1268 1387 Christi
1289 1330 1405 1387 Vicario
1418 1330 1494 1385 obse-

388 1420 603 1495 quiadeferant,
616 1419 679 1473 iilos
691 1419 791 1474 timeat
801 1420 849 1490 qui
864 1418 1013 1476 Ecclesiae
1026 1420 1212 1476 adversentur
1221 1435 1263 1489 32·
1278 1450 1312 1459 -
1325 1421 1389 1475 Vox
1405 1416 1493 1473 Ponti·

389 1508 451 1565 ficis
478 1523 591 1577 semper
618 1516 702 1560 sonat
729 1522 838 1575 pacem,
856 1506 1003 1577 justitiam,
1023 1507 1191 1565 charitatem
1208 1507 1315 1574 ;etiam
1334 1507 1358 1561 si
1384 1504 1494 1576 propria

386 1597 453 1667 jura
473 1595 589 1666 expetit,
602 1592 631 1647 in
650 1593 705 1647 hoc
718 1592 782 1663 ipso
795 1593 909 1663 publico
923 1592 1015 1648 ordini
1029 1593 1105 1648 favet
1119 1608 1161 1662 3²-
1172 1623 1207 1633 —
1220 1594 1278 1649 Sed
1298 1594 1406 1649 inimici
1419 1592 1493 1647 nobi·

389 1684 498 1740 lissima
511 1697 640 1753 quaeque
649 1682 769 1737 consilia
781 1682 843 1751 ejus
857 1683 1033 1753 impugnant,
1053 1682 1077 1737 si
1087 1699 1122 1737 ex
1134 1683 1189 1737 illis
1203 1682 1264 1737 laus
1277 1682 1373 1753 aliqua
1387 1684 1416 1738 S.
1431 1682 1492 1737 Sedi

364 1798 367 1803 -
388 1772 496 1827 oritura
508 1768 619 1825 videtur
633 1782 675 1836 32.
685 1796 720 1805 -
734 1768 818 1838 Quod
829 1769 934 1823 factum
945 1779 989 1824 est
999 1785 1063 1823 cum
1078 1780 1211 1838 ageretur
1224 1770 1260 1824 de
1272 1768 1400 1823 tollenda
1413 1768 1491 1824 servi·

387 1867 448 1912 tute
469 1870 559 1925 3233.
572 1884 608 1894 -
630 1855 803 1909 Libertatem
822 1872 967 1909 servorum
989 1854 1121 1909 omnibus
1144 1853 1237 1909 modis
1256 1872 1424 1925 promovere
1439 1871 1490 1909 non

387 1946 471 2002 desiit
495 1943 624 1998 Pontifex
639 1943 770 2005 ;vincula
783 1942 899 2013 quidem
917 1958 1049 2012 rumpere
1074 1943 1177 2013 poterit
1195 1954 1321 2013 potestas
1335 1940 1489 2007 saecularis,

387 2034 548 2088 libertatem
562 2042 657 2084 autem
670 2030 791 2083 filiorum
804 2031 859 2083 Dei
874 2030 1006 2085 Ecclesia
1019 2029 1080 2084 sola
1093 2030 1182 2097 dabit,
1196 2030 1278 2095 cuius
1294 2039 1390 2086 tamen
1411 2030 1490 2084 actiu-

386 2139 453 2178 nem
475 2120 593 2191 quidam
610 2135 645 2174 ex
657 2119 724 2172 odio
743 2118 893 2188 repudiare
911 2117 1006 2173 conati
1027 2128 1092 2172 sunt
1105 2132 1148 2186 33.
1168 2148 1202 2157 —
1216 2118 1363 2189 Quidquid
1375 2118 1489 2181 accidat,

388 2209 574 2264 Pontificatus
588 2222 722 2260 romanus
741 2206 836 2260 officio
849 2222 906 2259 non
920 2202 1010 2261 deerit
1023 2222 1075 2260 suo
1088 2219 1131 2273 33.

420 2319 449 2371 8.
472 2316 719 2369 DECRETUM
737 2328 804 2376 quo
823 2315 978 2379 conjugia
996 2319 1211 2378 praesumpta
1224 2316 1319 2366 nulla
1342 2326 1408 2365 esse

384 2408 419 2455 ln
433 2403 756 2468 posterumjubetur.
788 2402 866 2452 -15
878 2402 968 2453 Febr.
985 2402 1074 2454 1092.
1341 2415 1406 2471 pag.
1459 2410 1487 2465 34

423 2503 563 2574 Coniugia
587 2511 771 2573 praesumpta
792 2502 860 2556 oiim
875 2500 923 2572 jus
945 2501 1093 2557 sanciebat
1110 2516 1151 2571 34.
1165 2532 1201 2541 -
1215 2502 1401 2557 Matrimonia
1417 2502 1485 2557 clan-

387 2593 499 2649 destina
516 2591 596 2647 irrita
609 2590 744 2645 habenda
770 2592 857 2645 Cone.
878 2589 1078 2647 Tridentinum
1099 2590 1194 2659 jussit,
1208 2600 1235 2646 et
1257 2590 1325 2646 ideo
1349 2591 1398 2661 jus
1423 2586 1485 2643 illud

387 2681 511 2751 priscum
534 2679 629 2733 valere
649 2677 733 2733 desiit
752 2678 924 2749 ubicumque
943 2690 1058 2748 recepta
1078 2677 1130 2732 fuit
1149 2676 1318 2733 Tridentina
1341 2680 1386 2732 lex
1399 2693 1438 2746 34
1457 2702 1486 2713 -

387 2772 482 2842 Quum
505 2785 571 2823 vero
595 2767 700 2822 nostris
721 2768 898 2838 temporibus
920 2768 1059 2824 canonica
1081 2769 1117 2821 de
1139 2766 1281 2838 conjugiis
1300 2764 1485 2836 praesumptis

386 2858 536 2929 disciplina
557 2856 665 2927 passim
685 2855 769 2911 fuerit
789 2856 932 2912 oblivione
952 2856 1056 2925 deleta,
1068 2857 1188 2925 abrogat
1211 2854 1344 2910 Pontifex
1359 2854 1429 2910 iilud
1444 2852 1484 2922 jus

385 2946 472 3001 etiam
494 2944 521 2998 in
542 2942 705 3013 regionibus
727 2944 774 2997 ubi
794 2945 838 2998 lex
852 2944 1022 2999 Tridentina
1043 2959 1101 2997 uon
1124 2943 1208 3012 viget,
1222 2958 1255 2997 ac
1272 2942 1386 3013 judices
1405 2941 1483 2997 eccle·

385 3030 516 3087 siasticos
536 3046 731 3101 quoscumque
749 3041 826 3085 vetat
847 3032 904 3086 ullo
922 3048 990 3086 casu
1014 3030 1167 3102 sponsalia,
1188 3030 1370 3101 conjugalem
1383 3040 1484 3086 coutra-
1557 3090 1558 3099 χ

383 3130 461 3175 ctum
480 3117 595 3185 habere,
608 3133 666 3171 non
680 3135 747 3172 vero
769 3118 828 3173 vult
851 3118 1053 3175 necessitatem
1078 3120 1213 3175 inducere
1238 3118 1347 3173 formae
1373 3118 1483 3173 Trideu·

381 3206 461 3263 tinae
479 3204 585 3276 ubique
597 3205 754 3260 servandae
765 3218 856 3273 34-35.

418 3311 448 3363 9.
465 3312 687 3362 LITTERAE
703 3312 975 3364 ENCYGLICAE
989 3313 1031 3363 ad
1046 3314 1223 3375 Episcopus
1235 3318 1266 3363 et
1279 3314 1405 3363 Fideles

382 3401 507 3451 Galliae
521 3400 561 3449 de
573 3400 720 3451 elvltatls
730 3401 898 3462 regimine.
916 3402 996 3451 -ld
1010 3402 1101 3452 Febr.
1118 3401 1209 3451 1892.
1337 3413 1402 3467 pag.
1454 3390 1483 3461 36

419 3499 475 3553 Pro
500 3514 605 3567 magna
635 3514 688 3552 sua
713 3498 742 3552 in
766 3499 908 3553 Gallicam
930 3512 1045 3569 gentem
1072 3501 1279 3569 benevolentia,
1309 3501 1482 3555 vehementer

382 3584 459 3639 dolet
473 3585 602 3639 Pontifex
620 3602 655 3639 eo
668 3585 759 3641 adniti
773 3588 897 3642 nefarios
910 3589 1041 3644 homines
1063 3600 1094 3643 ut
1111 3590 1187 3659 apud
1202 3588 1279 3644 illam
1295 3589 1381 3643 Fides
1392 3588 1482 3645 catho-

381 3668 437 3724 lica
457 3680 486 3724 et
508 3687 601 3725 mores
614 3673 761 3727 christiani
774 3673 933 3744 deleantur,
943 3692 1049 3746 magno
1063 3692 1127 3731 cum
1142 3676 1230 3746 ipsius
1243 3677 1282 3731 rei
1301 3674 1390 3731 civilis
1402 3671 1480 3727 detri·

381 3765 478 3811 mento
491 3757 533 3823 36.
542 3786 576 3797 -
593 3758 732 3814 Solarium
745 3759 800 3830 ipsi
814 3760 935 3817 afferunt
950 3762 1051 3819 Gallici
1067 3763 1189 3831 Fideles,
1202 3781 1267 3819 sese
1288 3762 1480 3819 devotissimos

381 3842 411 3897 S.
425 3841 493 3897 Sedi
514 3852 541 3898 et
564 3844 667 3898 summi
691 3846 818 3902 Pastoris
831 3848 894 3904 voci
908 3852 1101 3920 obsequentes
1114 3849 1275 3905 exhibendo
1294 3852 1337 3921 36.
1356 3879 1390 3889 -
1403 3849 1479 3917 Ipsos

380 3929 418 3983 ad
437 3928 519 3983 Fidei
544 3946 655 3986 necnon
683 3943 711 3988 et
740 3934 851 4003 patriae
878 3936 1076 3992 defensionem
1102 3938 1163 4007 jam
1196 3949 1281 3993 autea
1311 3939 1477 3997 adhortatus,

379 4016 576 4087 praesentibus
586 4019 687 4074 litteris
700 4022 798 4077 statuit
811 4040 868 4077 non
888 4034 999 4079 tantum
1015 4026 1188 4093 catholicos,
1203 4028 1294 4081 sedet
1308 4043 1405 4081 omnes
1418 4021 1478 4079 Gai·

377 4104 434 4160 liae
455 4105 561 4174 probos
582 4117 669 4177 atque
689 4111 823 4165 cordatos
836 4112 913 4168 cives
926 4113 1036 4168 enixius
1049 4114 1168 4170 incitare
1182 4124 1211 4169 ut
1230 4114 1363 4171 extinctis
1379 4112 1477 4167 dissen-

379 4194 507 4248 sionibus
519 4194 652 4264 politicis,
664 4213 699 4251 eo
713 4200 832 4254 tendant
846 4200 1004 4271 conjunctis
1023 4202 1129 4257 viribus
1143 4213 1172 4257 ut
1192 4220 1248 4273 pax
1261 4204 1310 4259 diu
1328 4202 1477 4259 desiderata

379 4281 489 4351 patriae
514 4281 630 4337 tandem
652 4284 789 4341 reddatur
810 4300 851 4355 37.
874 4316 904 4327 —-
930 4290 997 4343 Sola
1018 4290 1156 4360 religione
1173 4292 1318 4346 vinculum
1344 4284 1476 4345 societatis

379 4370 523 4423 humanae
538 4372 637 4439 creari,
650 4382 736 4443 atque
758 4389 814 4442 pax
826 4373 855 4428 in
869 4376 985 4431 natione
1004 4377 1110 4431 servari
1124 4388 1217 4449 potest
1241 4392 1283 4447 37.
1297 4408 1331 4418 -
1347 4374 1475 4433 Homines
