3117 4859
78 1713 83 1725 “
166 1717 291 1759 momenta

324 372 367 441 14
524 372 706 423 eprsroun
732 370 945 423 aucrcmcn
975 359 995 387 “
1017 370 1183 423 ocrosru
1205 350 1222 379 ''

166 533 236 581 Sunt
246 534 294 599 qui
319 524 341 586 ii
358 524 496 604 quidem
522 524 679 599 sentiant,
695 522 753 587 sed
777 524 857 605 quia
872 521 957 585 nihil
973 522 1085 586 adhuc
1101 524 1145 586 de
1159 525 1302 606 speratis
1317 482 1433 605 rebus,

158 599 293 729 fflffss‘ff
319 626 362 689 de
379 647 463 710 pace
480 628 512 690 in
538 626 654 709 primis
680 634 714 691 et
739 624 983 707 tranquillitate
999 626 1183 705 Ecclesiae,
1198 629 1434 712 impetratum,

148 728 294 859 amb
320 730 425 794 immo
441 729 582 795 sortasse
599 740 753 813 tempora
769 730 917 794 deterius
930 729 1059 793 misceri
1072 731 1197 807 vident,
1209 751 1284 795 eam
1302 734 1434 798 idcirco

158 861 195 909 „a
207 860 292 910 Ecce·
320 834 529 917 diligentiam
547 844 581 898 et
597 833 811 899 affectionem
836 834 994 917 precandi
1010 834 1103 898 velut
1118 833 1296 919 defatigati
1312 847 1347 901 et
1361 838 1430 901 dif-

146 926 293 1040 ³⁶gmp
319 937 370 1003 fisi
395 940 631 1004 intermittant.
649 940 818 1003 Homines
842 938 1033 1002 istiusmodi
1056 939 1195 1003 videant
1218 940 1282 1022 ipsi
1298 950 1376 1006 ante
1394 954 1432 1007 et

138 1057 290 1106 ralasvirru·
319 1040 480 1119 laborent,
497 1052 543 1117 ut,
557 1062 642 1124 quas
660 1042 735 1106 Deo
762 1042 947 1107 adhibeant
973 1062 1097 1124 preces,
1121 1043 1210 1123 aptis
1238 1044 1433 1124 virtutibus,

139 1120 292 1251 ”lxm
318 1168 361 1210 ex
375 1148 499 1212 Christi
513 1148 653 1211 Domini
671 1148 918 1230 praeceptione,
933 1156 1105 1212 ornentur:
1120 1168 1207 1230 quae
1217 1149 1244 1212 si
1255 1148 1339 1214 tales
1355 1148 1430 1215 iue-

150 1268 218 1313 Μ,
234 1254 291 1301 am·-
318 1252 607 1329 rint,considerent
617 1254 907 1336 porro‚indignum
914 1272 987 1316 esse
998 1262 1033 1315 et
1046 1252 1235 1331 netas,vetle
1247 1274 1283 1317 se
1292 1265 1431 1338 tempus

151 1333 293 1447 ⁰²⁰qungss
318 1358 538 1421 subveniendi
556 1359 763 1439 modumque
786 1358 990 1421 constituere
1007 1354 1092 1434 Deo,
1109 1358 1206 1420 nobis
1223 1358 1305 1421 nihil
1328 1361 1432 1441 quid·

172 1464 291 1563 {zm
318 1482 418 1545 quam
436 1461 583 1539 debenti,
598 1462 645 1524 ita
671 1470 708 1523 ut
731 1481 834 1543 quum
851 1460 946 1525 audit
959 1470 1097 1524 orantes
1113 1469 1146 1525 et
1161 1473 1294 1525 coronat
1307 1462 1433 1527 merita

148 1594 216 1629 nosse
232 1586 291 1629 rem·
319 1576 439 1641 nostra,
455 1564 545 1627 nihil
565 1564 664 1627 aliud
684 1574 811 1627 coronet
834 1584 935 1645 quam
961 1584 1100 1627 munera
1122 1565 1249 1648 sua(¹),
1264 1576 1299 1629 et
1321 1584 1430 1649 quum

169 1652 232 1708 ''⁰'‘
252 1646 294 1694 vet
319 1670 429 1732 minus
445 1668 630 1731 sententiae
647 1676 781 1731 nostrae
797 1667 1015 1745 obsecundat,
1031 1669 1245 1749 providenter
1257 1676 1336 1750 agat
1348 1686 1430 1730 cum

138 1792 202 1841 quae
214 1776 293 1853 Pfttfr
317 1772 393 1835 filiis
409 1780 505 1853 pater
522 1772 640 1847 bonus,
656 1790 772 1833 eorum
799 1770 963 1833 miserans
991 1771 1230 1851 insipientiam,
1245 1770 1431 1834 consulens

162 1844 289 1971 mi?
317 1875 462 1939 utilitati.
481 1912 525 1923 -
550 1874 644 1959 Quas
674 1894 753 1938 vero
784 1893 911 1956 preces,
938 1883 975 1937 ut
1001 1876 1224 1957 propitiemus
1252 1874 1428 1937 Ecclesiae

219 1979 288 2022 Μ’·
318 1979 439 2055 Deum,
470 1998 545 2041 cum
587 1974 754 2059 suffragiis
785 1978 983 2041 coniunctas
1025 1975 1194 2039 Caelitum
1230 1986 1428 2040 sanctorum

172 2087 291 2153 Certaque
317 2081 484 2164 supplices
515 2082 706 2158 deferimus,
737 2100 795 2143 eas
836 2080 909 2161 ipse
943 2100 1128 2163 numquam
1162 2099 1229 2143 non
1254 2081 1430 2164 benignis·

135 2154 289 2283 ἵζ”ἱζῖζζ
317 2187 400 2250 sime
426 2186 578 2251 admittit
602 2195 637 2249 et
660 2186 777 2266 explet
809 2184 912 2260 Deus,
934 2194 1006 2250 tum
1034 2205 1121 2268 quae
1147 2186 1236 2249 bona
1253 2186 1431 2249 Ecclesiae

136 2284 290 2414 3²72?ssss
316 2292 487 2371 attingunt
513 2290 664 2353 maxima
687 2299 720 2353 et
744 2289 946 2354 immortalia
962 2301 1033 2353 tum
1058 2309 1144 2373 quae
1167 2290 1339 2372 attingunt
1361 2290 1428 2353 rni-

177 2414 291 2467 Eccresra
316 2414 397 2455 nora
421 2402 453 2455 et
474 2392 572 2456 huius
597 2394 768 2474 temporis,
784 2402 976 2475 opportuna
993 2404 1108 2457 tamen
1140 2394 1182 2456 ad
1207 2393 1271 2458 illa
1288 2392 1430 2477 Quippe

133 2478 289 2609 dam}
315 2496 387 2558 istis
411 2496 564 2577 precibus
587 2497 719 2577 pondus
735 2506 770 2559 et
785 2497 939 2578 gratiam,
957 2517 1038 2560 sane
1061 2497 1251 2579 plurimam,
1267 2498 1426 2578 precibus

138 2608 289 2685 tusconen·
315 2600 410 2663 addit
436 2600 629 2682 meritisque
656 2601 723 2662 suis
754 2600 908 2666 Christus
937 2600 1114 2675 Dominus,
1136 2602 1194 2682 qui
1217 2598 1427 2663 dilexit'Ec·

138 2675 292 2803 mli-³5:2⁹
315 2704 454 2782 clerium,
483 2716 515 2768 et
538 2706 679 2787 rubrum
714 2706 860 2769 tradidit
886 2717 951 2789 pro
978 2727 1026 2783 ea,
1053 2716 1091 2770 ut
1121 2707 1215 2769 illam
1242 2705 1427 2788 sanctifica-

182 2806 290 2919 {mi}
315 2824 364 2874 ret
375 2860 499 2875 .........
518 2821 556 2873 ut
568 2810 729 2875 exhiberet
742 2810 1064 2893 ipsesibigloriosam
1075 2808 1254 2875 Ecclesiam
1266 2812 1320 2893 (²),
1332 2813 1425 2874 idem

133 2944 182 3000 pro
206 2936 287 2985 Ecca·
315 2936 466 2979 summus
482 2916 631 2979 eiusdem
652 2914 820 2991 Pontifex,
836 2924 981 2992 sanctus,
992 2915 1163 2993 innocens,
1174 2929 1299 2997 semper
1308 2916 1428 2978 vivens

131 3003 291 3132 mm
313 3018 363 3082 ad
375 3020 646 3103 interpellandum
654 3032 718 3103 pro
734 3019 833 3098 nobes,
848 3021 942 3084 cuius
966 3022 1238 3103 deprecationem
1255 3019 1425 3102 supplica-

170 3132 286 3196 tnrerpel-
315 3126 508 3206 tionemque
533 3144 665 3205 semper
692 3124 825 3187 evenire
851 3122 966 3187 divina
994 3123 1059 3187 fide
1081 3134 1244 3189 tenemus.
1260 3162 1303 3173 —
1320 3123 1424 3207 Quod

180 3198 287 3247 landum
360 3230 367 3244 .
856 3228 864 3242 ,
1183 3230 1190 3244 ,
1272 3229 1280 3244 ‚

150 3270 198 3327 p„
209 3264 284 3313 nobis.
314 3250 403 3293 emm
421 3237 550 3313 spectat
566 3230 609 3291 ad
627 3228 715 3292 bona
733 3228 907 3292 Ecclesiae
923 3239 1066 3293 externa
1083 3240 1116 3293 et
1132 3230 1232 3293 huius
1247 3238 1348 3305 vitae,
1362 3248 1425 3311 pa-

190 3379 288 3428 mm
315 3334 382 3398 lam
399 3343 460 3411 est,
476 3352 546 3396 rem
563 3333 627 3415 ipsi
639 3334 773 3416 saepius
789 3353 863 3398 esse
878 3353 954 3397 cum
971 3333 1170 3398 adversariis
1184 3334 1425 3398 malevolentia

163 3446 287 3522 oretanis
314 3448 348 3503 et
363 3440 515 3522 potentia
531 3438 720 3516 acerrimis;
745 3438 789 3525 ab
812 3438 860 3500 eis
876 3437 1017 3501 nimium
1034 3438 1099 3502 sibi
1115 3438 1299 3502 dolendum
1318 3434 1425 3501 lacul-

150 3508 290 3625 imm
314 3554 401 3607 tates
416 3544 574 3625 direptas,
590 3542 779 3607 libertatem
808 3542 1018 3607 deminutam
1045 3553 1081 3608 et
1095 3563 1302 3625 oppressam,
1318 3542 1425 3606 laces-

170 3640 285 3755 inpfrus,
314 3649 413 3711 sitam
432 3656 465 3711 et
481 3645 675 3729 despectam
704 3645 949 3725 auctoritatem,
971 3648 1097 3711 damna
1125 3657 1297 3730 postremo
1313 3656 1347 3710 et
1361 3646 1425 3709 ho·

143 3721 289 3823 tilium
314 3751 403 3814 stilia
418 3770 518 3814 omne
545 3768 651 3830 genus
680 3749 795 3813 multa.
812 3748 966 3833 Quorum
991 3751 1189 3832 improbitas
1205 3752 1233 3811 si
1249 3748 1424 3831 quaeritur

165 3838 289 3953 ml?
314 3874 372 3918 cur
387 3873 455 3916 non
471 3871 512 3916 eo
529 3872 634 3935 usque
650 3852 799 3930 iniuriae,
814 3871 882 3935 quo
908 3853 1129 3917 deliberatum
1148 3854 1274 3918 habent
1291 3862 1323 3917 et
1341 3871 1421 3915 con·

278 3940 285 3965 ’
314 3956 475 4033 nituntur,
491 3975 525 4019 re
541 3954 681 4018 tandem
707 3954 807 4037 plena
833 3958 1014 4038 procedat3
1042 3957 1193 4020 Ecclesia
1219 3966 1347 4032 contra,
1369 3964 1424 4019 tot

314 4062 400 4124 inter
409 4078 519 4123 rerum
530 4079 636 4136 casus,
647 4057 767 4122 eadem
778 4058 836 4122 illa
848 4078 910 4123 sua
921 4060 1144 4142 amplitudine
1158 4072 1189 4125 et
1202 4061 1318 4143 gloria,
1328 4059 1426 4124 vario

314 4184 519 4247 quamquam
547 4165 658 4241 modo,
685 4163 833 4228 emineat
860 4183 990 4247 semper
1015 4174 1117 4248 atque
1134 4167 1220 4229 adeo
1235 4166 1429 4242 increscat;

344 4352 364 4384 1.
382 4337 407 4384 S.
421 4337 535 4395 August..
557 4336 602 4396 Ep.
620 4346 711 4390 cxctv.
729 4336 759 4383 el.
781 4347 833 4396 105,
854 4336 886 4383 ad
904 4334 1006 4389 Sixtum,
1027 4349 1048 4383 c.
1062 4346 1085 4387 v,
1105 4350 1128 4381 n.
1151 4349 1186 4394 19
1204 4360 1235 4370 -
1248 4349 1270 4381 2.
1285 4334 1382 4394 ΕΜ,
1394 4342 1423 4386 v,

314 4418 390 4465 25⁴7·
