3117 4859
468 370 520 419 na
547 368 711 421 Rosxruo
738 368 910 419 Mauram.
1171 369 1239 437 193

132 509 339 594 dubitamus,
355 521 434 601 quin
453 521 548 585 multi
565 542 583 583 e
600 516 881 584 Christifrdelibus
905 518 1020 581 animo
1047 520 1174 582 alacres
1189 520 1239 583 lu·
1331 529 1349 574 8

132 615 198 677 turi
215 618 290 697 sint,
307 624 363 703 qui
380 632 451 686 tum
469 623 578 688 eidem
593 623 771 689 Sodalitati
789 625 870 686 dent
883 642 1016 699 nomen,
1028 634 1100 688 tum
1114 625 1239 687 eximie
1290 588 1381 706 ⁸582}

132 721 293 788 studeant
308 726 398 790 bona
414 728 542 805 intima,
557 748 645 811 quae
661 729 892 811 exposuimus,
907 726 1049 810 assequi,
1065 726 1122 790 illa
1143 731 1240 792 nimi·
1340 757 1417 807 Soda-

133 841 207 887 rum
224 828 346 908 quibus
363 832 448 895 ratio
465 841 498 896 et
524 832 777 915 quodammodo
803 848 861 894 res·
883 830 1015 919 Rosarii
1041 832 1241 897 continetur.
1267 822 1417 935 lapsuum-

132 925 193 991 Ab
209 932 369 1015 exemplo
393 946 505 999 autem
531 936 706 1002 Sodalium
733 938 840 999 maior
863 938 1029 1018 quaedam
1049 938 1241 1001 reverentia
1261 896 1420 1019 iciciiiiud

132 1040 168 1093 et
190 1034 297 1115 pietas
317 1056 396 1120 erga
422 1038 531 1122 ipsum
560 1040 693 1103 Rosarii
716 1040 844 1103 cultum
867 1039 910 1102 ad
925 1050 1065 1103 ceteros
1091 1042 1241 1105 manabit
1267 1020 1419 1133 ῗὲοῇρέζ

132 1134 265 1202 fideles:
277 1142 335 1223 qul
352 1143 396 1207 ita
411 1145 561 1223 excitari,
571 1144 751 1227 ampliores
768 1144 966 1226 impendent
982 1164 1078 1207 curas
1094 1154 1140 1222 ut,
1149 1148 1241 1227 quod
1268 1150 1306 1199 πῖ
1315 1150 1406 1200 cultus.

133 1241 244 1306 Nobis
269 1246 591 1314 desideratissimum
616 1260 677 1327 est,
702 1250 898 1313 eorumdem
923 1248 1120 1313 salutarium
1137 1249 1241 1314 bono-

133 1364 208 1409 rum
226 1352 357 1432 copiam
372 1352 505 1417 abunde
523 1354 732 1437 participent.

181 1452 277 1519 Haec
296 1458 403 1523 Nobis
420 1460 520 1542 igitur
536 1459 706 1541 praelucet
722 1478 809 1540 spes,
824 1458 886 1522 hac
911 1458 1065 1522 ducimur
1081 1467 1184 1540 atque
1208 1458 1240 1522 in
1329 1492 1421 1557 sm,

132 1559 238 1623 tantis
255 1562 457 1643 reipublicae
471 1561 604 1626 damnis
629 1561 727 1625 valde
742 1582 948 1625 recreamur:
973 1582 1059 1644 quae
1085 1570 1122 1623 ut
1142 1559 1242 1642 plena
1269 1558 1387 1623 Pontifex

133 1666 304 1743 succedat,
321 1667 394 1749 ipsa
406 1676 548 1730 exorata
559 1666 682 1729 efficiat
695 1666 828 1729 Rosarii
841 1666 1011 1729 inventrix
1025 1676 1057 1728 et
1072 1665 1242 1746 magistra,
1262 1629 1419 1738 lli-miii.

134 1770 202 1833 Dei
218 1780 252 1835 et
267 1771 441 1835 hominum
455 1772 574 1849 Mater,
584 1772 723 1835 MARIA.
735 1772 821 1834 Fore
837 1778 949 1833 autern
962 1771 1073 1832 vestra
1089 1768 1239 1831 omnium
1268 1754 1421 1833 zabennus

109 1873 246 1958 opera,
271 1874 490 1951 Venerabiles
516 1876 660 1950 Fratres,
684 1872 894 1949 confidir'nus,
919 1883 955 1935 ut
979 1872 1183 1934 documenta
1208 1880 1241 1934 et
1264 1820 1407 1949 {aem
1477 1952 1480 1957 Ι

133 1988 215 2043 vota
232 1979 358 2042 Nostra
374 1980 416 2042 ad
434 1978 635 2043 familiarum
656 1977 924 2060 prosperitatem,
939 1977 981 2038 ad
1000 1996 1118 2057 pacem
1135 1994 1241 2057 popu·
1263 1952 1345 2014 Μ’·

133 2085 243 2147 lorum
275 2094 308 2147 et
340 2104 440 2147 omne
470 2083 597 2147 bonum
629 2082 794 2145 eveniant.
819 2114 863 2124 -
888 2082 1022 2143 Interea
1052 2081 1241 2143 divinorum
1312 2115 1422 2165 Benedi-

133 2208 311 2253 munerum
329 2190 499 2271 auspicem
516 2208 554 2249 ac
571 2186 826 2251 benevolentiae
844 2185 988 2247 Nostrae
1005 2194 1136 2260 testem,
1148 2184 1242 2247 vobis
1269 2181 1311 2231 cit.

131 2293 275 2376 siugulIs
293 2300 327 2355 et
342 2292 431 2355 clero
448 2293 640 2376 populoque
659 2302 771 2354 vestro
788 2289 1022 2371 Apostolicam
1039 2277 1242 2351 benedictio-

133 2416 213 2461 nem
229 2407 443 2479 peramanter
459 2398 491 2459 in
509 2397 659 2459 Domino
676 2395 896 2476 impertimus.

178 2502 310 2567 Datum
340 2502 471 2565 Romae
498 2502 588 2583 apud
621 2498 653 2563 S.
684 2500 820 2563 Petrum
848 2500 904 2562 die
932 2512 1002 2562 V111
1031 2494 1244 2578 Septembris

134 2620 368 2685 MDcccxclH,
386 2604 604 2669 Pontificatus
621 2604 737 2668 Nostri
754 2624 844 2667 anno
858 2603 992 2666 decimo
1004 2610 1113 2664 sexto.

790 2768 886 2833 LEO
911 2768 974 2830 ΡΡ.
999 2757 1101 2830 XIII.

181 4498 242 4539 acu
255 4494 334 4539 Leonis
348 4494 416 4537 XIII.
