3117 4859
370 316 444 387 3¹4
472 310 705 365 rusnaucrro
721 288 1188 373 “Qu1ausr1uuoaa1a''3.
1204 310 1238 360 c.
1254 308 1309 359 aa.
1325 309 1375 359 ar
1390 312 1479 361 neo.

370 477 548 540 puerorum
579 467 716 521 aeterna
747 456 838 521 salus
866 465 901 520 et
930 456 1134 537 reipublicae
1159 456 1287 517 bonurn
1316 455 1479 535 postulat.

370 558 531 625 Similiter
557 560 711 643 parochis
742 568 777 623 et
807 578 923 623 eornm
954 558 1164 624 adiutoribus
1194 557 1413 640 praecipiant,
1441 568 1479 621 ut

369 683 436 727 non
453 673 554 728 antea
569 664 752 747 hungarica
768 662 885 747 lingua
908 663 943 727 in
969 663 1187 727 concionibus
1212 669 1362 738 utantur,
1376 682 1478 743 quam

367 776 578 850 compertum
609 767 757 832 habeant
787 788 863 832 earn
893 787 915 831 a
951 767 1163 851 parochianis
1193 766 1297 849 probe
1326 764 1477 847 intelligi

369 870 470 955 Quod
498 872 524 935 si
552 871 746 955 parochiani
771 870 845 935 aliis
872 881 973 954 atque
999 871 1074 934 aliis
1101 870 1223 953 linguis
1246 880 1396 947 utantur,
1417 888 1477 932 nec

367 994 485 1039 omnes
500 974 721 1058 hungaricurn
749 976 876 1039 idioma
903 974 1106 1039 sufficienter
1120 973 1324 1056 intelligant,
1338 974 1474 1055 parochi

366 1098 503 1144 omnem
519 1080 601 1143 dent
617 1098 764 1161 operam,
781 1091 818 1143 ut
833 1078 873 1143 iis
888 1098 1021 1161 quoque
1038 1076 1192 1142 fidelibus
1207 1078 1348 1141 verbum
1361 1078 1427 1141 Dei
1441 1078 1473 1139 in

310 1256 314 1269 Ι
367 1182 502 1265 propria
519 1182 633 1265 lingua
648 1182 887 1247 convenienter
902 1182 1128 1247 annuntietur.

213 1306 277 1370 ‚roo
284 1298 340 1369 ara-
412 1284 455 1351 X.
472 1287 525 1350 De
541 1285 796 1365 Sodaiitatibus,
810 1306 898 1370 quae
914 1287 957 1351 ad
973 1306 1114 1368 scopum
1129 1286 1280 1351 culturae
1302 1288 1473 1370 popularis

188 1364 315 1479 ῗῖἕῗῗ,
367 1390 617 1471 promovendae
649 1389 824 1455 institutae
854 1398 944 1467 sunt,
968 1408 1073 1471 quum
1097 1390 1255 1454 omnibus
1282 1391 1471 1454 hominibus

187 1492 333 1583 maritus
367 1494 553 1577 quamlibet
576 1494 771 1577 religionem
797 1492 1031 1576 profitentibus
1057 1503 1206 1575 pateant,
1228 1514 1339 1577 neque
1362 1496 1471 1559 catho

188 1596 329 1667 miltun
367 1596 466 1662 licam
506 1597 648 1663 sormam
686 1598 998 1681 institutionemque
1029 1618 1109 1681 prae
1139 1618 1176 1661 se
1205 1598 1324 1674 ierant,
1354 1600 1472 1663 idcirco

188 1661 343 1762 ‘mitid
368 1702 545 1785 iniungant
563 1702 722 1785 Episcopi
750 1702 905 1785 parochis
930 1712 967 1765 ut
990 1700 1248 1785 diligentissime
1267 1712 1419 1779 caveant,
1433 1722 1472 1765 ne

185 1779 277 1835 '‘m''
368 1804 492 1885 fideles,
512 1824 568 1869 eas
592 1808 754 1869 adeuntes
777 1806 983 1882 sodalitates,
1005 1808 1128 1869 sensim
1156 1808 1228 1870 sine
1254 1826 1355 1871 sensu
1377 1808 1472 1871 indil-

368 1910 553 1977 ierentismi
578 1929 687 1973 errore
718 1928 914 1991 venenoque
944 1908 1142 1986 inficiantur,
1172 1920 1232 1974 aut
1260 1910 1371 1974 simile
1399 1912 1471 1973 huic

367 2026 523 2083 aeternae
539 2013 656 2077 salutis
671 2012 910 2077 detrimentum
927 2013 1019 2077 aliud
1035 2014 1215 2080 incurrant.

207 2136 342 2207 n’Defq-
412 2119 473 2184 Xl.
489 2119 641 2183 Praestat
655 2120 921 2201 quammaxime,
934 2118 1077 2201 singulis
1093 2120 1272 2199 provinciis
1298 2138 1378 2183 suas
1403 2140 1471 2183 esse

213 2197 342 2304 mm?
368 2222 551 2289 catholicas
563 2221 804 2304 ephemerides,
819 2222 931 2304 plures
940 2222 1043 2286 etiam
1053 2242 1156 2305 quam
1168 2242 1255 2304 quae
1265 2223 1299 2286 in
1308 2223 1470 2304 aliquibus

191 2317 342 2423 ,2222f5'“
368 2327 449 2393 loeis
466 2336 692 2403 numerantur,
707 2336 741 2389 et
760 2346 828 2390 non
847 2325 1032 2409 hungarico
1046 2335 1180 2390 tantum
1192 2326 1330 2391 sedalio
1342 2346 1470 2409 quoque

367 2431 530 2494 idiomate
545 2431 760 2511 conscriptas,
770 2440 871 2512 prout
885 2432 1046 2513 cuiusque
1062 2450 1134 2494 mos
1151 2428 1214 2493 lert
1230 2431 1469 2513 provinciaejet

368 2535 410 2597 ad
424 2545 560 2615 captum
577 2532 820 2615 intelligentiae
836 2534 952 2616 populi
968 2534 1250 2600 accommodatas.

229 2666 269 2708 12⁰
280 2662 339 2721 Epi.
411 2638 493 2702 Xli.
512 2638 616 2702 Hisce
632 2639 746 2720 itaque
762 2639 795 2701 in
813 2639 1000 2720 proiectum
1017 2639 1262 2703 ecclesiasticae
1275 2639 1468 2722 disciplinae

187 2724 323 2781 '‘mim‘'
367 2752 401 2805 et
417 2741 450 2803 in
467 2741 592 2805 bonurn
611 2740 759 2806 fidelium
776 2743 993 2823 praestitutis,
1010 2742 1152 2807 multum
1168 2762 1251 2806 sane
1268 2742 1468 2806 efficacitatis

206 2787 294 2827 salem
303 2794 339 2827 ΟΥ·

187 2840 340 2887 dimum
366 2847 408 2908 ad
425 2853 583 2927 optatum
596 2847 726 2909 exitum
743 2846 881 2910 accedet
897 2866 942 2909 ex
959 2848 1032 2928 ipsa
1048 2845 1304 2911 ordinariorum
1321 2846 1469 2910 sollertia

181 2906 340 3019 maxe
366 2947 434 3033 Qui
472 2949 609 3032 quidem
649 2950 681 3012 in
712 2951 871 3013 omnibus
897 2951 1025 3033 seipsos
1049 2950 1245 3032 exemplum
1276 2951 1470 3031 praebentes

366 3056 530 3118 bonorum
546 3074 695 3135 operum,
711 3056 744 3117 in
760 3054 924 3131 doctrina,
940 3056 973 3117 in
990 3056 1184 3135 integritate
1199 3064 1233 3117 et
1244 3053 1470 3136 gravitate(¹),

363 3161 456 3221 omni
472 3168 561 3221 certe
577 3158 735 3240 pastorali
746 3158 971 3223 sollicitudine
982 3160 1068 3222 hanc
1078 3158 1328 3223 ordinationem
1341 3158 1469 3222 debitae

363 3262 555 3324 executioni
572 3263 792 3339 mandabunt,
806 3264 1024 3345 districteque
1039 3283 1101 3326 suo
1116 3264 1257 3345 quisque
1273 3261 1373 3327 Clero
1382 3281 1469 3345 prae·

362 3365 487 3446 cipient
504 3374 541 3428 ut
557 3364 666 3427 eidem
684 3384 812 3429 morem
829 3378 958 3448 gerant,
978 3366 1197 3449 singulasque
1212 3365 1365 3430 eiusdem
1382 3383 1470 3447 prae·

362 3468 562 3548 scriptiones
592 3468 771 3549 diligenter
802 3468 1020 3552 adimpleant.
1049 3470 1165 3552 Atque
1190 3470 1225 3533 in
1254 3469 1346 3533 hunc
1373 3468 1467 3532 finem

362 3569 534 3635 Ordinarii
559 3571 592 3634 in
617 3572 842 3655 pastoralibus
864 3574 1123 3652 visitationibus,
1146 3574 1243 3638 statis
1268 3574 1468 3655 temporibus

362 3677 573 3758 peragendis,
603 3680 767 3741 rationem
800 3679 989 3760 specialiter
1027 3679 1070 3741 de
1108 3688 1231 3742 exacta
1259 3676 1468 3760 perfectaque

363 3798 476 3841 earum
493 3781 645 3843 omniurn
661 3782 876 3846 observantia
891 3803 912 3845 a
923 3782 1065 3865 singulis
1080 3782 1210 3845 clericis
1224 3782 1408 3863 exquirant
1420 3790 1467 3858 ;et

363 3882 390 3944 si
407 3901 491 3964 quos
505 3881 676 3947 invenient
687 3886 873 3948 desidiosos
885 3886 1116 3963 exstimulent,
1128 3887 1252 3967 siquos
1264 3885 1467 3967 negligentes

198 4021 295 4081 „mm
310 4022 338 4069 d,
364 3988 575 4068 redarguant,
592 3989 618 4051 si
644 4008 728 4073 quos
752 3990 1000 4053 recalcitrantes
1027 3992 1202 4073 castigent.
1220 3989 1325 4054 Omni
1342 3990 1470 4069 insuper

185 4080 337 4186 regmae·
364 4109 431 4171 quo
457 4102 629 4171 praestant
661 4092 733 4156 zelo
759 4093 1017 4175 diligentissime
1041 4106 1158 4159 curent
1185 4103 1223 4157 ut
1249 4092 1469 4157 ecclesiastica

179 4140 338 4244 mallatione
364 4193 526 4256 beneficia
554 4216 620 4258 non
640 4197 741 4258 modo
765 4195 975 4277 denegentur
1000 4198 1158 4279 indignis,
1177 4199 1237 4261 sed
1264 4197 1470 4279 dignioribus

365 4292 676 4303 *ψῃ-..ὴ
