3117 4859
124 1289 315 1363 QX
339 1303 408 1366 quo
434 1284 579 1365 primum
612 1283 856 1348 Benedictinae
888 1285 1053 1351 Familiae
1085 1291 1238 1356 Beuro-.
1297 1321 1328 1366 η

261 1363 286 1438 ff
310 1389 406 1450 nensi
422 1388 594 1450 decretum
612 1386 752 1450 feliciter
764 1388 836 1465 luit,
848 1391 1028 1454 nonnullos
1041 1395 1210 1461 destinare
1244 1365 1380 1483 Affi‘ssls

155 1396 235 1566 E
261 1519 286 1586 p
310 1491 504 1567 monachos,
529 1491 588 1572 qui
615 1493 648 1553 in
676 1490 984 1575 Congregationem
1012 1496 1208 1565 Brasilicam
1293 1535 1389 1580 om„

95 1601 286 1670 ara-rua
308 1594 458 1658 eiusdem
476 1593 604 1658 ordinis
620 1595 753 1671 adlecti,
765 1615 840 1658 eam
854 1616 940 1678 pene
952 1598 1208 1668 intermortuam
1236 1593 1350 1652 Porum

97 1705 131 1765 in
145 1702 323 1784 pristinum
342 1700 445 1761 decus
457 1706 662 1774 revocarent,
674 1700 836 1780 praeclari
849 1701 960 1782 operis
972 1706 1208 1771 executionem
1234 1653 1386 1758 miili*

96 1804 393 1868 commendatione
417 1802 543 1864 Nostra
570 1805 756 1882 urgendam
783 1805 981 1869 curavimus.
1006 1808 1081 1870 Nec
1108 1811 1209 1891 plane
1235 1773 1386 1878 lma&

95 1911 221 1990 exigue
237 1907 395 1971 delectati
412 1925 528 1969 sumus
544 1909 634 1986 quod
652 1914 699 1982 tu,
709 1906 826 1969 statim
843 1909 888 1971 ab
904 1924 963 1971 tuo
979 1911 1012 1972 in
1029 1913 1207 1979 Brasiliam
1233 1892 1388 1996 ss‘ssffi,

95 2014 255 2088 adventu,
286 2011 534 2092 Episcoporum
568 2011 803 2073 benevolentia
833 2030 873 2074 ac
903 2012 1018 2077 lavore
1048 2017 1093 2078 sis
1120 2038 1209 2097 usus,
1234 2012 1348 2115 2234

95 2117 207 2199 ipsum
231 2135 310 2178 vero
335 2113 575 2177 Bebedictinae
592 2112 862 2177 consociationis
878 2116 911 2178 in
928 2117 1070 2182 Brasilia
1086 2125 1209 2203 praesi-
1235 2129 1336 2188 beriam
1352 2129 1387 2175 ‘'l‘'

97 2221 187 2296 dem,
202 2239 264 2302 pro
289 2238 329 2281 ea
351 2237 417 2300 qua
443 2229 582 2280 ornatur
604 2219 740 2300 pietate,
765 2221 1036 2285 amantissimum
1053 2224 1210 2292 habueris
1227 2195 1353 2307 filiii&

99 2333 402 2405 susceptorumque
417 2322 576 2386 itinerum
592 2325 750 2386 comitem
774 2327 877 2405 opera
903 2324 1003 2389 simul
1020 2338 1054 2391 et
1069 2334 1210 2396 consilio

96 2431 287 2512 perutilem.
311 2426 536 2490 Accesserunt
563 2437 676 2489 autem
708 2425 788 2489 cleri
819 2429 1000 2492 universim
1028 2436 1211 2519 populique

99 2535 215 2597 studia
230 2550 414 2613 eorumque
429 2533 487 2613 qui
504 2531 600 2593 civile
617 2531 765 2612 regimen
778 2531 934 2596 obtinent
946 2536 989 2597 ad
1002 2539 1210 2617 praeclarum

100 2655 188 2720 opus
204 2637 468 2719 provehendum,
484 2635 574 2697 unde
594 2645 628 2698 et
644 2635 808 2698 utilitates
825 2637 955 2718 patriae
970 2658 1031 2703 nec
1047 2643 1210 2725 exiguum

95 2753 235 2825 paratur
264 2741 377 2804 decus.
405 2737 506 2820 Quod
532 2747 646 2801 tamen
671 2749 774 2821 caput
804 2748 864 2816 est,
893 2742 972 2805 inde
1002 2744 1064 2806 tibi
1091 2747 1209 2813 laetari

97 2847 219 2909 merito
249 2844 337 2921 licet,
367 2843 459 2925 quod
494 2841 634 2906 caritate
665 2843 828 2924 singulari
858 2847 1014 2911 universa
1048 2850 1210 2916 Brasiliae

97 2949 397 3026 Benedictinorum
424 2945 550 3010 familia
575 2945 828 3010 Beuronensem
852 2951 1003 3014 sodalem
1028 2960 1210 3039 exceperit.
1308 3014 1313 3024 .

99 3053 302 3118 inchoatum
319 3072 340 3116 a
355 3063 389 3115 te
406 3070 491 3136 opus
514 3069 626 3113 carere
647 3048 901 3116 difficultatibus
917 3056 1069 3137 proiecto
1085 3080 1209 3143 nequa·
1237 3015 1387 3119 affini}

96 3178 200 3241 quam
228 3165 362 3238 poterat
371 3177 380 3234 ;
403 3163 456 3218 ast
482 3173 542 3217 eae
570 3155 757 3217 maximam
784 3168 915 3238 partem
942 3161 1096 3225 devictae
1121 3179 1210 3247 sunt,
1235 3135 1387 3250 iiipi‘oiirin

96 3262 289 3344 opitulante
320 3259 417 3340 Deo;
445 3259 579 3340 iamque
604 3259 713 3320 felicia
740 3260 783 3322 de
808 3261 903 3324 exitu
925 3264 1068 3328 ominari
1098 3270 1210 3336 datur.
1235 3256 1359 3309 garona,

98 3366 308 3430 Tirocinium
335 3364 482 3430 Otindae
511 3384 549 3425 ac
576 3361 787 3426 Coenobium
812 3365 1057 3432 instituendum
1074 3373 1210 3456 placuit,

99 3474 199 3546 unde,
210 3480 311 3532 aucto
322 3467 563 3532 monachorum
575 3486 725 3545 numero,
734 3467 897 3532 Brasiliae
909 3469 1090 3539 Coenobiis
1102 3501 1209 3547 novus

99 3576 240 3639 indatur
255 3575 350 3655 vigor
366 3593 405 3637 ac
421 3572 581 3654 splendor
597 3573 757 3653 pristinus
769 3575 973 3640 restituatur.
987 3577 1084 3643 Haec
1095 3588 1209 3650 omnia
1235 3611 1371 3669 oporam.

98 3682 143 3744 ad
156 3681 230 3742 Nos
245 3698 369 3760 magna
381 3678 485 3741 animi
499 3675 614 3739 Nostri
627 3676 801 3757 voluptate
813 3677 928 3742 delata
938 3693 1025 3746 sunt.
1038 3685 1207 3767 Quoniam
1231 3676 1302 3730 W
1311 3671 1365 3716 B‘l'

1230 3733 1386 3798 gira-perpe-
1453 3741 1458 3747 '

97 3787 201 3870 igitur
217 3785 354 3866 egregio
369 3783 463 3864 operi
480 3780 684 3862 perficiendo
707 3782 823 3864 ampla
838 3796 917 3848 sunt
939 3806 1025 3868 opus
1051 3793 1209 3873 subsidia,
1234 3796 1372 3894 milred

99 3895 253 3957 maxime
268 3898 381 3950 autem
399 3885 469 3962 viri,
484 3887 541 3967 qui
559 3885 708 3949 volentes
724 3907 760 3948 se
777 3889 840 3969 ipsi
856 3890 993 3968 dedant,
1009 3894 1209 3960 confidimus
1235 3909 1359 3954 rissocivs·

95 4001 130 4062 jn
161 3995 300 4075 Belgica
325 3999 439 4073 gente,
460 4009 547 4072 quae
568 3988 732 4070 largitatis
748 3994 943 4057 testimonia
958 4014 1209 4084 generosaeque

97 4099 284 4166 voluntatis
308 4106 503 4159 constanter
524 4095 688 4170 exhibuit,
709 4097 849 4159 minime
874 4097 935 4160 tibi
957 4100 1130 4168 defuturos
1152 4107 1208 4188 qui

99 4207 274 4287 suppetias
290 4210 369 4264 eant
385 4219 444 4262 seu
461 4199 548 4280 stipe
559 4197 683 4261 collata
693 4220 750 4262 seu
765 4201 941 4282 religiosae
952 4206 1042 4268 vitae
1054 4209 1209 4274 instituto

98 4321 267 4391 suscepto.
285 4307 420 4372 Interea
436 4305 497 4368 tibi
513 4316 548 4370 et
564 4307 734 4384 universis,
749 4308 807 4388 qui
823 4319 857 4371 te
872 4307 986 4371 lavore
1004 4331 1209 4395 prosequan,
1234 4332 1276 4380 m.
1287 4271 1387 4317 Βοιώ.

146 4446 427 4490 Ac·r·a1,ronrsx111.-
448 4445 486 4485 V1.
1123 4471 1135 4504 4
