3117 4859
332 705 1431 1004 ³

367 895 1431 1055 ³

603 1106 669 1166 DE
707 1107 903 1170 STUDIIS
949 1109 1177 1172 BIBLICIS.

332 1240 442 1318 g
386 1283 1204 1297 „„„„„„„„„„„„„„„„
1174 1248 1300 1299 ,-,,-,«;
1349 1282 1363 1299 ,,
1386 1282 1402 1298 ,.

218 1453 249 1498 14
331 1433 604 1740 {amunte
621 1429 729 1494 Nobis
740 1431 834 1494 cordi
850 1432 893 1496 sit
905 1431 1140 1496 utdivinorum
1152 1432 1312 1498 librorum
1329 1434 1442 1500 studia

196 1499 271 1617 ῗεςρῗ.
366 1506 517 1747 m*
540 1535 685 1616 vigeant,
699 1535 835 1598 abunde
850 1546 1017 1604 testantur
1037 1539 1178 1617 litterae,
1192 1561 1278 1624 quas
1293 1541 1337 1606 de
1353 1539 1442 1608 Scri·

179 1665 306 1738 emm,
498 1679 507 1715 1,
541 1637 648 1724 pturis
663 1639 765 1702 sacris
774 1641 818 1703 ad
837 1641 1008 1707 universos
1020 1644 1111 1708 orbis
1127 1643 1284 1709 catholici
1301 1645 1442 1728 Episco-

124 1727 309 1832 '020523‘2
339 1774 353 1801 -ι
383 1772 401 1792 ›·
458 1772 477 1791 ι·
502 1774 512 1804 ;-
541 1765 603 1827 pos
632 1743 756 1809 abhinc
787 1746 893 1810 tribus
923 1747 1019 1812 annis
1049 1749 1213 1814 dedimus.
1241 1748 1280 1813 ln
1311 1749 1444 1834 quibus,

180 1859 309 1950 2223ss
333 1852 514 1916 bibliorum
534 1869 704 1914 sacrorum
731 1847 899 1930 dignitate
926 1871 964 1914 ac
992 1850 1170 1934 multiplici
1197 1851 1343 1916 utilitate
1367 1852 1444 1918 illu·

157 1963 265 2075 'mu
263 1978 309 2068 εἴ
334 1967 449 2034 strata,
463 1955 536 2020 susc
550 1955 595 2020 de
616 1951 816 2019 ordinandis
841 1973 956 2018 eorum
973 1955 1093 2020 studiis
1110 1956 1387 2040 perscripsimus;
1411 1967 1444 2023 et

158 2083 202 2129 rus
221 2083 310 2128 atriu
336 2071 372 2126 ut
386 2059 605 2144 gliscentibus
621 2079 770 2124 errorum
783 2058 998 2142 opinionibus
1011 2060 1142 2142 plenior
1157 2067 1192 2124 et
1206 2061 1394 2125 accuratior
1410 2062 1442 2125 in

160 2157 307 2256 ,pfffl’
335 2187 430 2232 sacro
444 2163 558 2228 clero
550 2164 716 2226 institutio
739 2171 941 2245 opponatur,
957 2163 1100 2245 aptam
1090 2163 1261 2228 innuimus
1277 2164 1442 2228 rationem

335 2283 369 2336 et
385 2272 473 2335 viam
490 2268 680 2351 praeclarae
703 2267 803 2331 huius
827 2266 1024 2350 disciplinae
1048 2269 1241 2334 tradendae.
1262 2267 1341 2352 Qua
1356 2269 1389 2334 in
1409 2289 1445 2335 re

336 2378 369 2442 id
395 2373 606 2458 peculiariter
620 2373 897 2438 commendatum
920 2372 1098 2451 voluimus,
1120 2385 1156 2437 ut
1180 2393 1268 2456 quae
1283 2395 1303 2437 a
1319 2375 1443 2438 doctri-

336 2499 454 2543 narum
485 2488 702 2543 externarum
734 2477 859 2560 peritis,
889 2478 1084 2561 eisdemque
1115 2479 1148 2542 in
1181 2477 1247 2543 fide
1277 2479 1443 2544 catholica

337 2583 450 2659 firmis,
465 2604 509 2646 ex
527 2581 716 2666 linguarum
734 2581 933 2646 biblicarum
950 2583 1080 2661 notitia,
1096 2603 1140 2646 ex
1156 2603 1191 2646 re
1215 2582 1376 2647 historica
1392 2583 1442 2647 vel

336 2709 381 2751 ex
402 2688 618 2770 physicorum
643 2686 830 2769 disciplinis
854 2687 1085 2770 similibusque
1109 2686 1229 2752 studiis
1253 2697 1444 2770 opportune

337 2803 570 2875 suggeruntur,
586 2811 626 2856 ea
642 2791 803 2855 librorum
825 2791 1015 2854 divinorum
1032 2811 1091 2854 seu
1107 2791 1296 2855 sententiae
1312 2790 1443 2873 plenius

338 2896 548 2979 arripiendae
564 2914 622 2959 seu
639 2895 773 2960 veritati
789 2895 1013 2960 vindicandae
1031 2895 1168 2958 minime
1185 2901 1443 2976 praetereantur.

159 2999 312 3130 ‘aiffa'
336 3040 380 3051 -
397 3002 492 3065 Haec
517 3001 644 3064 Nostra
659 3019 764 3084 quum
790 2999 856 3063 sint
882 3009 1008 3080 optata,
1033 3019 1091 3063 eos
1119 2999 1297 3080 perutilem
1322 3018 1445 3062 navare

182 3120 311 3165 „roum-
336 3125 473 3189 operam
490 3105 734 3177 existimamus,
751 3105 955 3186 quicumque
966 3103 1139 3184 scripturis
1155 3102 1257 3167 sacris
1273 3102 1336 3166 rite
1352 3120 1445 3166 enar·

157 3179 313 3299 'wad'
337 3210 449 3274 randis
476 3209 677 3290 tuendisque
705 3207 821 3272 animo
850 3227 889 3271 ac
916 3207 1128 3289 diligentiam
1160 3207 1349 3272 intendunt.
1374 3205 1445 3270 Vos

159 3311 313 3428 ,mfflssss
337 3324 461 3392 autem,
476 3313 590 3378 dilecti
607 3312 676 3390 filii,
692 3313 753 3377 hos
770 3313 857 3376 inter
873 3331 949 3376 curn
968 3311 1066 3375 laude
1079 3327 1375 3389 connumeramus,
1389 3309 1445 3392 qui

177 3417 312 3524 „ss‘fffssussf
337 3421 463 3484 iamdiu
480 3419 594 3483 labore
617 3419 707 3482 haud
733 3418 859 3499 exiguo
884 3417 1017 3499 acrique
1042 3416 1179 3498 ingenio
1203 3415 1307 3479 libros
1329 3433 1445 3478 omues

200 3537 311 3582 urci-suu
337 3544 449 3588 sacros
476 3525 647 3609 perpetuis
675 3523 908 3586 notationibus
935 3521 1152 3586 illustrandos
1177 3519 1381 3604 suscepistis.
1404 3555 1446 3568 -

181 3596 312 3714 “iffi
338 3628 474 3709 Egregii
502 3627 614 3710 operis
640 3627 822 3702 volumina,
848 3645 936 3709 quae
965 3625 1078 3690 adhuc
1104 3625 1267 3702 edidistis,
1295 3643 1448 3707 quaeque

198 3729 314 3846 sjffi
337 3731 478 3795 Nomini
509 3731 637 3796 Nostro
671 3731 817 3796 dicanda
849 3730 993 3795 libenter
1023 3729 1260 3806 concessimus
1290 3737 1448 3812 pergrato

160 3835 312 3954 lgbgrw
337 3839 452 3900 animo
472 3837 672 3919 accepimus.
687 3835 796 3900 Vobis
821 3845 935 3899 autem
960 3836 1042 3900 dum
1068 3835 1110 3898 de
1140 3853 1279 3899 emensa
1310 3832 1450 3897 l'eliciter

225 3959 271 4006 tus.
282 3967 311 3998 ea
338 3942 462 4007 laboris
488 3953 582 4024 parte
606 3941 825 4023 gratulamur,
840 3939 961 4004 virium
979 3940 1135 4022 vitaeque
1160 3957 1294 4003 usuram
1320 3937 1448 4002 divino·

175 4013 314 4133 0ἳέῗῶ
338 4065 481 4128 rumque
505 4064 680 4110 munerum
707 4044 895 4108 ubertatem
921 4043 1152 4126 adprecamur,
1175 4061 1244 4127 quo
1268 4052 1391 4126 coepta
1405 4041 1448 4106 ad

158 4139 314 4249 9722}ssss
339 4149 549 4230 auspicatum
573 4150 710 4213 demum
733 4148 865 4212 exitum
888 4148 1074 4214 deducatis.
1098 4147 1232 4212 interea
1252 4169 1298 4212 ex
1324 4147 1449 4212 Nostra

176 4248 317 4353 “pssffi
339 4255 574 4320 benevolentia
601 4257 758 4320 solatium
787 4269 821 4320 et
847 4257 1055 4321 alacritatem
1081 4258 1213 4335 sumite,
1238 4257 1331 4320 cuius
1353 4254 1448 4321 testis

165 4368 235 4414 exitu
218 4381 267 4414 m
342 4369 414 4424 esto
432 4359 629 4444 Apostolica
641 4361 840 4438 benedictio,
855 4362 1063 4443 quamvobis
1075 4363 1260 4444 ceterisque
1275 4359 1446 4425 sodalibus
