3117 4859
234 278 284 327 DE
308 277 507 329 DOCTRINA
533 278 564 329 S.
594 277 756 329 THOMAE
783 278 824 327 IN
854 278 931 328 SOC.
962 278 1059 329 IESU.
1133 270 1199 345 135

104 426 280 491 catholicos
307 429 392 490 inter
409 427 564 491 doctores
589 429 700 489 minus
722 429 901 493 conveniat
919 452 927 493 ε
942 429 985 491 In
1003 424 1207 509 opinionibus
1271 446 1334 535 ἧος

105 532 210 609 etiam,
223 531 258 594 iu
274 530 392 613 quiduis
405 531 557 595 catholici
572 530 713 594 doctores
738 530 875 594 variant
891 532 978 595 inter
998 552 1031 595 se
1057 530 1110 593 uel
1135 549 1206 593 con·
1275 524 1349 610 rapi.

107 636 205 699 trorii
216 647 302 714 suut,
321 646 359 700 nt
367 635 581 717 conformitas
596 636 631 698 in
648 634 807 698 Societoto
820 637 875 713 rit,
888 636 1071 699 curandum
1094 643 1142 695 est
1155 630 1206 713 (¹).
1232 672 1288 709 rum
1298 662 1384 729 dap„

108 740 250 823 Quando
265 742 354 806 eoim
372 763 390 805 e
406 744 480 825 lege
507 742 606 805 unius
629 739 797 822 scriptoris
820 740 967 804 doctrina
999 738 1034 801 in
1049 737 1208 801 Societote
1234 727 1365 845 2:¹⁰sz

104 844 247 927 eligenda
262 855 311 907 est
323 846 376 928 (²),
387 847 466 910 ideo
481 866 539 929 per
554 866 590 909 se
606 852 756 927 apparet,
771 843 947 926 opiniones
960 843 1040 905 item
1057 841 1205 922 disputa·
1232 809 1348 909 catius

106 958 153 1010 tas
166 955 201 1009 et
216 948 439 1029 disputabifes
457 970 498 1012 eo
518 950 592 1031 ipso
618 948 825 1031 praescripto
855 946 1029 1023 contineri,
1044 962 1146 1027 quum
1172 944 1204 1005 in
1231 923 1383 1039 fffffim

104 1051 273 1114 sententiis
287 1054 533 1131 communibus,
546 1072 760 1134 quocumque
777 1052 915 1115 demum
942 1056 1125 1130 praeeunte
1148 1064 1204 1109 au·
1232 1060 1271 1102 ter
1284 1071 1315 1105 se.

104 1161 195 1230 ctore,
210 1155 294 1218 nihil
310 1157 353 1219 de
369 1156 443 1238 ipsa
466 1157 619 1221 doctrina
644 1158 775 1219 accidat
807 1156 1032 1219 immutatum.
1048 1188 1093 1199 -
1109 1150 1204 1213 Haec

104 1278 177 1321 vero
193 1259 309 1341 legifer
326 1261 591 1344 Pater,'provida
604 1272 717 1324 mente
728 1270 762 1323 et
778 1269 904 1336 sancta,
914 1258 957 1321 ad
973 1255 1093 1320 altiora
1105 1273 1205 1337 quae-

104 1363 175 1425 dam
202 1363 338 1441 direxit,
353 1374 390 1429 ut
421 1363 650 1428 coniunctioni
674 1365 941 1447 concordiaeque
971 1370 1005 1425 et
1030 1360 1205 1423 universae
1275 1422 1381 1471 liacon-

107 1467 194 1547 quasi
228 1470 379 1550 corporis
410 1468 591 1533 Societatis
615 1476 650 1531 et
680 1470 770 1532 varia
813 1468 899 1531 inter
941 1466 1011 1530 eius
1054 1463 1205 1527 membra
1230 1488 1361 1565 sorum

1231 1561 1334 1603 cantato

106 1572 303 1652 prospiceret
316 1597 323 1636 ε
334 1593 422 1654 quae
433 1574 574 1637 virtutes
585 1581 714 1655 quanto
730 1572 838 1653 magis
849 1569 1056 1633 necessariae
1073 1565 1204 1631 suntad
1232 1620 1301 1667 turer
1316 1620 1383 1679 filios

105 1674 242 1757 religiosi
270 1676 434 1741 fervorem
451 1678 587 1759 spiritus
614 1677 830 1740 nutriendum
846 1674 1101 1755 ubertatemque
1118 1671 1203 1733 salu·
1231 1685 1385 1750 sooslegryor

108 1778 220 1842 tarium
247 1779 413 1844 fructuum
439 1782 657 1863 gignendam,
682 1789 780 1844 tanto
814 1778 945 1842 facilius
983 1776 1017 1838 in
1042 1774 1205 1838 varietate
1230 1751 1381 1879 fp‘jffffl'

108 1882 297 1961 opinionum
314 1886 475 1969 languent
504 1895 605 1967 atque
629 1887 807 1961 intereunt,
835 1902 939 1964 quum
965 1880 1204 1944 dissimilitudo

108 1986 266 2051 sentiendi
282 1989 541 2053 disiunctionem
557 1991 691 2072 saepius
704 1988 804 2051 faciat
820 1987 1009 2051 animorum
1027 1985 1209 2049 :quotod

107 2089 248 2153 unionem
275 2092 492 2157 membrorum
519 2094 618 2159 ionius
635 2092 808 2158 Societotis
829 2093 917 2156 inter
936 2112 971 2154 so
989 2100 1020 2153 et
1044 2110 1116 2152 cum
1146 2110 1204 2151 suo

106 2191 198 2269 capite
200 2242 282 2258 ......
299 2194 412 2258 eodem
427 2197 577 2261 doctrina
593 2196 647 2280 (³).
664 2198 720 2261 Ad
738 2216 814 2260 eum
832 2197 933 2278 igitur
957 2194 1202 2275 assequendum

106 2299 296 2363 concordiae
311 2310 345 2363 et
358 2303 509 2367 caritatis
520 2304 658 2367 modurn
671 2322 771 2385 quem
786 2300 948 2367 Societatf
958 2299 1203 2385 praestituerat,

108 2400 226 2479 optime
239 2402 325 2468 vidit
342 2405 496 2487 ignatius
513 2407 612 2471 Pater
627 2407 888 2491 haudquaquam
902 2405 984 2470 satis
1000 2425 1072 2469 esse
1087 2403 1201 2486 vulga·

105 2508 167 2565 tam
183 2496 430 2590 probatamque
460 2510 620 2590 regulam,
635 2510 810 2592 opiniones
826 2510 976 2590 dispares
998 2508 1201 2581 tolerandas,

105 2609 279 2672 secundum
297 2610 388 2686 illud,
404 2610 439 2673 in
454 2612 566 2676 dubiis
587 2613 729 2689 libertas,
744 2615 803 2677 sed
831 2614 1054 2677 necessarium
1071 2612 1200 2694 opinio·

105 2727 157 2771 nes
166 2712 248 2776 tales
261 2716 399 2779 minime
409 2715 524 2779 baberi
541 2718 575 2779 in
587 2717 766 2795 Societate,
778 2737 902 2799 easque
917 2718 1065 2800 praecise
1075 2718 1119 2780 ab
1129 2717 1201 2797 ipsa
1228 2718 1278 2766 tati
1287 2718 1331 2765 dat

104 2812 273 2890 prohibuit
287 2856 331 2865 -
347 2818 401 2881 Ne
417 2820 470 2882 cui
486 2840 565 2884 vero
581 2821 644 2884 hoc
664 2821 706 2883 de
729 2820 887 2885 uniformi
903 2822 1055 2885 doctrina
1067 2841 1200 2903 praece·
1228 2798 1377 2911 impii.

104 2924 192 2995 ptum
206 2929 340 3002 saperet
363 2922 486 3002 durius,
501 2925 592 2988 idem
608 2934 705 2988 caute
718 2925 895 3005 consuluit,
910 2937 947 2988 ut
963 2924 1088 2989 sodalis
1112 2924 1198 3005 quis·
1223 2920 1269 2976 gaf
1289 2913 1377 2961 ‘²0⁶‘st-

1260 2586 1379 2646 Quicum·

1227 2667 1274 2715 que
1290 2652 1368 2701 Socie-

105 3036 170 3097 que,
182 3023 376 3105 priusquam
393 3046 466 3089 sese
478 3030 632 3092 votorum
649 3028 811 3110 religione
820 3029 1053 3111 obstringeret,
1069 3046 1200 3109 rogare·
1227 2995 1282 3037 nae,

105 3129 160 3199 tur,
174 3125 267 3189 Num
275 3138 420 3211 paratus
433 3131 480 3193 sit
494 3131 543 3193 od
562 3131 721 3194 indicium
736 3152 833 3195 suurn
848 3130 1116 3207 submittendum,
1131 3151 1200 3193 sen-

105 3227 304 3315 tiendumque
318 3234 470 3315 utfuerit
483 3235 692 3299 constitutum
711 3236 747 3297 in
764 3234 923 3299 Socictote
938 3232 981 3315 (4)
996 3256 1003 3295 :
1018 3252 1087 3313 quo
1097 3231 1201 3294 modo

105 3327 163 3394 iarn
179 3342 251 3399 tum
266 3338 361 3419 optio
371 3339 472 3402 datur
487 3339 559 3401 eius
575 3339 621 3401 rei
631 3337 806 3421 eligendae
822 3356 917 3420 quae,
934 3334 1062 3418 exlege
1079 3333 1201 3399 deinde

106 3430 263 3516 imposita,
278 3441 337 3503 vix
353 3440 537 3506 tolerabilis
552 3444 659 3525 possit
674 3443 787 3506 videri.

147 3539 262 3626 Itaque
278 3545 379 3629 longe
394 3548 541 3611 alienum
559 3546 657 3610 fuerit
673 3567 693 3609 a
710 3556 830 3611 natura
846 3544 1045 3627 scriptisque
1072 3542 1202 3625 legibus
1229 3590 1272 3622 nec
1283 3575 1340 3623 lp„
1354 3577 1380 3625 „-

108 3637 289 3725 Societatis,
304 3660 342 3713 ut
354 3651 428 3733 quis
445 3652 478 3714 in
494 3671 535 3714 ea
554 3651 656 3714 talem
688 3650 851 3733 opinandi
881 3648 1075 3712 facultatem
1098 3668 1202 3730 expo·
1229 3643 1371 3755 maji]

108 3756 174 3810 scat
188 3752 277 3831 quali
294 3764 392 3818 extra
406 3773 482 3819 eam
496 3753 647 3836 plerique
663 3752 843 3835 potiantur.
857 3751 1022 3835 Quamvis
1046 3753 1136 3817 enim
1161 3754 1203 3816 de
1229 3722 1380 3821 iii‘hiiil

107 3850 312 3929 opinionibus
329 3868 484 3940 ageretur
493 3856 831 3940 valdeprobabifibus
849 3867 951 3940 atque
961 3857 1080 3921 doctos
1096 3857 1203 3920 nactis
1227 3838 1339 3953 {fflf'

108 3963 266 4038 patronos,
281 3980 368 4043 quae
384 3972 498 4025 tamen
515 3960 688 4025 doctrinae
700 3958 946 4043 refragarentur
969 3960 1203 4043 praescriptae,

109 4072 159 4118 eas
173 4062 228 4141 qui
242 4074 468 4147 sequerentur,
483 4065 777 4147 reprehensionem
795 4066 931 4148 quidem
953 4065 1098 4129 vitarent
1111 4064 1203 4127 novi·
1244 4130 1247 4133 .

114 4163 1203 4188 Ἢ-

136 4213 155 4246 1.
173 4204 258 4260 Consu,
271 4222 295 4266 p.
309 4220 348 4263 11¹,
367 4224 386 4256 o
408 4222 425 4262 1.
445 4212 506 4257 decl.
520 4211 549 4257 0.
563 4234 592 4245 -·
607 4224 628 4255 a.
643 4212 732 4263 Const„
746 4225 769 4269 p.
784 4220 841 4263 vrri,
854 4224 874 4256 c.
887 4220 903 4262 r,
914 4211 961 4257 litt.
975 4210 1007 4255 K.
1021 4234 1051 4243 -
1067 4210 1163 4268 Congu..
1177 4218 1203 4260 v,

110 4266 166 4315 (Μῦ-
179 4272 213 4330 5⁶·
225 4299 255 4309 -
264 4291 285 4336 3.
301 4278 388 4331 Consu,
401 4292 425 4337 p.
434 4289 461 4331 x,
474 4280 518 4335 to
530 4303 560 4312 —
574 4293 596 4337 4
609 4278 709 4332 Eram..
721 4292 743 4326 c.
755 4288 794 4329 ur.
807 4276 820 4335 ἕ
832 4292 868 4323 rr.
