3117 4859
71 353 126 403 DE
145 353 319 403 CLERlClS
337 352 485 403 CIVILES
498 348 719 401 ncnuutltns
738 351 1065 405 CELEBRANTIBUS.
1093 354 1162 423 321

47 495 189 559 admitti
213 498 317 559 etiarn
341 506 509 578 poterunt,
525 504 626 579 caute
645 504 758 559 tamen
788 505 822 559 et
845 497 1055 579 approbante
1071 497 1165 561 Assi-
1225 477 1315 564 ru’irr

47 608 165 663 stente
186 599 421 677 ecclesiastico,
436 599 610 679 studentes
627 598 836 664 saeculares:
859 608 896 663 at
919 601 940 663 ii
957 610 1090 665 tantum
1107 602 1165 685 qui
1198 664 1204 674 ,
1227 574 1301 638 ¹⁸⁹⁶·

47 703 222 768 sentiendi
239 722 345 785 aeque
361 724 399 767 ac
416 704 540 785 agendi
557 704 686 768 ratione
713 704 799 768 bene
815 706 956 769 audiant
970 728 980 785 ;
995 706 1164 789 religione,
1189 670 1314 770 lilim

48 806 182 887 pietate
196 818 230 871 et
246 808 383 888 optimis
399 807 549 871 moribus
561 810 849 873 commendentur.
1189 786 1321 895 {Zenon

100 910 198 975 XIV.
215 908 375 993 Episcopi
392 921 426 974 et
444 910 640 993 Superiores
655 911 802 993 religiosi
825 932 904 975 suos
931 914 1072 996 quisque
1095 925 1163 979 stu·
1198 936 1342 991 roduan-

47 1018 172 1078 dentes
199 1016 301 1078 enixe
331 1016 508 1079 hortentur
535 1025 572 1078 ut
603 1016 635 1077 in
667 1027 805 1080 sanctae
830 1017 1015 1081 vocationis
1046 1020 1164 1101 spiritu
1190 998 1323 1113 ἵζξζῒῇῖ

47 1119 193 1181 firmiter
209 1128 431 1200 perseverent.
446 1118 504 1182 Ad
520 1138 620 1201 quem
637 1118 737 1182 finem
755 1120 875 1183 mediis
886 1120 1045 1185 omnibus
1056 1122 1166 1187 effica-
1192 1114 1246 1159 '¹²¹‘

47 1222 199 1286 cioribus
215 1223 369 1286 alacriter
381 1232 539 1287 utantur:
554 1223 707 1286 oratione
723 1222 859 1301 scilicet,
870 1223 1164 1291 Sacrameotorum

47 1326 251 1409 frequentia,
267 1327 399 1409 piorum
426 1338 562 1390 actuum
588 1327 760 1403 exercitio,
776 1328 964 1391 vanitatum
991 1330 1166 1415 despectu,

49 1429 220 1493 malorum
245 1441 280 1493 et
294 1432 395 1494 etiam
420 1430 665 1495 desidiosorum
682 1430 858 1495 hominum
880 1431 968 1514 luga.
983 1432 1166 1534 Religiosis
1189 1449 1336 1521 etrengiosq

48 1534 249 1615 praesertim
261 1534 477 1598 studentibus
487 1535 759 1599 commendanda
771 1546 822 1598 est
833 1534 978 1599 fidelitas
988 1536 1022 1599 in
1034 1537 1164 1602 actibus
1190 1508 1343 1623 mgna

47 1636 286 1699 observantiae
302 1638 359 1719 qui
376 1658 490 1701 eorum
515 1638 616 1702 statui
642 1639 859 1702 consentanei
884 1650 972 1718 sunt,
986 1640 1164 1707 videlicet:

47 1742 195 1823 singulis
211 1740 328 1805 diebus
346 1742 502 1805 mentalis
519 1743 636 1818 orati0,
651 1762 796 1807 examen
813 1744 1048 1823 conscientiae,
1063 1744 1163 1811 lectio

48 1844 246 1929 spiritualis,
262 1844 431 1908 silentium
449 1856 481 1908 et
498 1866 657 1911 recessus.
1188 1867 1218 1899 ac
1229 1855 1327 1901 dereli-

96 1947 307 2011 Annualium
356 1949 569 2013 vacationum
615 1962 767 2033 tempore
805 1952 979 2016 studentes
1017 1953 1164 2035 religiosi
1187 1926 1339 2021 {laistida

48 2052 193 2115 redeant
207 2054 347 2117 omnino
363 2054 406 2117 ad
423 2074 520 2117 suum
548 2065 750 2119 conventum
780 2056 831 2118 vel
858 2058 901 2120 ad
927 2058 1067 2121 domurn
1088 2058 1162 2121 reli·
1183 2035 1341 2137 {wffl

45 2157 180 2238 giosam
207 2157 256 2219 sui
284 2158 454 2235 instituti;
484 2158 596 2240 ibique
623 2159 784 2241 regularis
808 2160 1043 2225 observantiae
1067 2174 1162 2228 actus
1182 2157 1340 2271 ζῖἑῇᾪζζ

46 2280 126 2323 cum
143 2262 386 2324 communitate
402 2272 583 2326 resumant.
600 2261 730 2327 Omnes
747 2266 921 2329 studentes
945 2286 963 2327 e
979 2266 1068 2330 clero
1091 2267 1161 2331 sive
1185 2271 1296 2375 5:2⁶&

45 2363 211 2427 saeculari
222 2366 291 2427 sive
303 2365 456 2447 regulari,
468 2366 634 2430 dictarum
648 2368 863 2432 vacationum
877 2378 1028 2450 tempore
1040 2380 1161 2435 vacent
1181 2338 1323 2446 guills-⁷⁰⁸

45 2468 175 2532 sanctis
191 2468 419 2549 spiritualibus
436 2471 615 2535 exercitiis.

95 2571 173 2636 XV.
191 2570 228 2637 Si
241 2592 328 2651 vero,
344 2593 410 2636 non
427 2573 643 2638 obstantibus
658 2576 799 2640 cautelis
824 2589 858 2642 et
883 2579 1067 2661 diligentiis
1093 2580 1159 2643 huc
1184 2575 1338 2682 defaltis*

45 2695 154 2756 usque
170 2676 336 2752 indicatis,
352 2676 492 2758 aliisque
507 2697 590 2760 quas
607 2680 784 2760 pastoralis
811 2702 849 2745 ac
874 2692 1015 2763 paterna
1037 2682 1158 2747 sollici·
1180 2695 1329 2763 periclitan-

42 2780 131 2844 tudo
146 2780 359 2861 suggesserit,
375 2780 536 2865 Episcopi
553 2794 612 2845 aut
630 2781 825 2866 Superiores
842 2787 987 2869 religiosi
1004 2789 1158 2852 noverint
1183 2753 1254 2801 ”m

43 2884 193 2964 aliquem
209 2903 254 2945 ex
271 2884 338 2946 suis
355 2885 533 2949 subditisa
561 2897 652 2951 recto
679 2891 813 2963 tramite
836 2892 985 2954 veritatis
1012 2902 1070 2955 aut
1092 2894 1157 2956 vir·

42 2987 127 3050 tutis
143 2986 321 3065 declinare,
344 2987 565 3067 aberrantem,
587 2991 714 3074 absque
738 3013 841 3071 mora,
856 2993 900 3058 ab
927 2994 1158 3061 Universitate

42 3099 204 3153 revocent
219 3111 227 3168 ;
243 3100 394 3171 praestat
410 3093 500 3156 enirn
514 3094 585 3157 eius
599 3114 732 3158 cursum
743 3098 932 3161 studiorum
945 3099 1156 3181 abrumpere,

43 3192 261 3292 potiusquam
279 3193 326 3256 ita
343 3196 536 3275 permittere
552 3208 589 3260 ut
600 3198 734 3260 animae
750 3199 806 3261 ille
819 3220 900 3264 suae
914 3203 1154 3267 detrimentum

43 3289 202 3361 patratur.

90 3380 218 3446 Datum
245 3384 377 3448 Romae
404 3406 448 3450 ex
476 3386 665 3453 Secretaria
691 3401 899 3456 memoratae
923 3413 1038 3457 sacrae
1066 3393 1156 3460 Con·

42 3487 252 3569 gregationis
283 3488 532 3573 Episcoporum
564 3505 597 3557 et
629 3495 858 3577 Regularium,
895 3497 951 3559 die
980 3511 1047 3562 xxt
1080 3499 1156 3563 Iulii

46 3602 270 3657 MDCCCXCVI.

465 3700 489 3765 1.
507 3700 620 3766 Cnuu.
637 3702 816 3769 VERGA.
829 3706 1072 3772 Pmrracrus

489 3855 534 3921 A.
550 3856 799 3937 TROMBETTA,
814 3859 1115 3928 Pro-Secretarius.

467 4006 772 4162 t

122 4449 189 4491 Aera
202 4448 332 4493 Laoma-
348 4450 388 4493 Vl.
