3117 4859
360 346 426 417 182
458 366 573 416 sarar.
597 366 755 417 sueves.
778 350 1368 423 “constitum1rvuonaonuu.”

354 518 417 581 sibi
433 526 606 580 assumant
631 518 846 601 habeantque
873 521 1093 597 carissimum,
1118 542 1194 587 curn
1222 532 1353 588 certum
1379 524 1461 586 sita

354 638 436 681 sana
459 617 580 700 piaque
605 618 741 699 puerilis
768 620 889 682 aetatis
916 620 1138 700 institutione,
1166 644 1234 687 non
1261 622 1460 687 familiarum

354 716 474 793 solum,
488 718 546 779 sed
565 717 611 779 rei
628 716 732 797 ipsius
749 718 904 799 publicae
919 720 1187 785 incolumitatem
1213 742 1372 804 magnam
1390 742 1461 805 par·

354 828 423 883 tem
440 818 594 900 pendere.
613 817 732 901 Neque
748 819 947 884 industriam
964 821 1203 904 solertiamque
1219 823 1345 905 putetis
1363 821 1461 885 ullam

355 922 424 987 fore
440 930 580 999 tantam,
596 923 675 1005 quin
693 923 736 986 sit
752 921 945 986 adhibenda
972 922 1078 985 maior
1094 931 1132 984 ut
1147 922 1283 985 scholae
1299 918 1461 985 eiusmodi

233 1050 330 1111 Impar·
355 1027 443 1092 laeta
459 1027 611 1110 quotidie
623 1028 832 1091 incrementa
850 1026 996 1107 capiant.
1015 1025 1103 1089 Illud
1115 1026 1212 1089 valde
1235 1036 1462 1109 opportunum

176 1114 330 1228 'lorcam
354 1125 500 1204 fueritin
513 1144 716 1209 unaquaque
727 1127 886 1190 Dioecesi
896 1125 1092 1206 Inspectores
1104 1125 1293 1190 scholarum
1308 1135 1342 1189 et
1352 1124 1463 1188 dioece-

203 1245 330 1322 decanalef
353 1251 472 1294 sanum
489 1238 522 1294 et
533 1230 701 1293 decanales
712 1230 881 1303 constitui,
894 1230 1095 1313 quibuscum
1107 1231 1290 1312 quotannis
1304 1227 1476 1311 Episcopi,

181 1318 328 1425 ,wffih'
354 1337 397 1399 de
413 1334 602 1397 scholarum
620 1345 709 1398 statu
725 1344 759 1398 et
774 1334 978 1411 conditione,
994 1334 1099 1397 immo
1122 1343 1156 1398 et
1172 1336 1216 1397 de
1233 1336 1354 1397 ceteris
1370 1335 1464 1398 rebus

355 1436 398 1499 ad
427 1432 538 1513 tidem,
565 1428 752 1511 ad'mores,
777 1436 819 1498 ad
852 1434 1039 1498 animarum
1071 1454 1183 1499 curam
1212 1436 1464 1517 pertinentibus,

245 1592 331 1643 Novae
356 1537 494 1603 consilia
525 1536 707 1603 conserant.
733 1538 876 1621 Quodsi
904 1558 1039 1601 necesse
1055 1539 1098 1599 sit
1126 1546 1162 1598 ut
1178 1535 1231 1599 vel
1247 1554 1356 1599 novae
1373 1534 1462 1598 insti·

179 1660 270 1709 scholae
281 1661 330 1709 m·-
356 1647 501 1714 tuantur,
517 1658 578 1719 pro
594 1638 744 1702 locorum
761 1640 900 1715 ratione,
915 1638 1060 1715 scholae,
1083 1637 1136 1700 vel
1161 1646 1197 1699 ut
1214 1637 1281 1699 iam
1310 1635 1464 1699 conditae

219 1730 329 1853 §22²5ss
356 1741 610 1823 amplificentur,
627 1743 766 1807 minime
796 1744 991 1807 dubitamus
1008 1743 1089 1825 quin
1106 1750 1228 1817 vestra,
1244 1739 1463 1803 Venerabiles

218 1855 329 1933 conditae
356 1842 499 1920 Fratres,
523 1842 636 1906 multis
650 1844 717 1905 iam
734 1844 913 1924 explorata
941 1842 1159 1924 argumentis,
1175 1841 1325 1923 itemque
1350 1839 1460 1903 catho·

197 1920 330 2045 affl&
357 1942 497 2005 licorum
510 1939 685 2005 hominum
702 1962 747 2005 ex
764 1943 856 2006 omni
872 1943 990 2006 ordine
1006 1942 1190 2004 liberalitas
1207 1948 1368 2021 prompta
1377 1939 1421 2001 sit
1432 1945 1464 1999 et

181 2053 327 2102 accessesit.
357 2061 520 2123 generosa
536 2041 705 2107 adiutura.

231 2169 265 2215 J„
282 2183 330 2216 me-
403 2142 456 2205 De
473 2142 591 2205 mediis
609 2163 694 2219 ver0,
712 2152 748 2206 ut
765 2143 869 2218 aiunt,
896 2142 1004 2223 deque
1027 2141 1190 2203 maiorum
1213 2138 1463 2220 disciplinarum

97 2330 100 2337 ,
195 2232 330 2346 d‘j'jss‘ss’,
358 2246 491 2322 scholis,
507 2247 717 2328 perstudiose
733 2247 921 2310 cavendum
936 2266 978 2309 ne
993 2246 1083 2309 bona
1099 2244 1157 2307 illa
1173 2242 1264 2307 velut
1280 2242 1411 2306 semina
1432 2241 1461 2303 in

181 2378 240 2439 rung
258 2315 330 2412 dissci-
359 2349 488 2411 animos
505 2369 683 2430 puerorum
700 2350 820 2425 inlusa,
846 2352 964 2412 misere
981 2350 1014 2412 in
1031 2347 1303 2411 adolescentibus
1321 2353 1463 2429 pereant.

179 2429 331 2553 52²2}ssssss
359 2447 533 2530 Quantum
552 2448 653 2530 igitur
675 2450 727 2513 vel
752 2452 887 2531 agendo
911 2449 962 2513 vel
991 2449 1142 2531 rogando
1167 2448 1319 2529 potestis,
1334 2454 1462 2510 tantum

192 2558 331 2636 [φωρ.
358 2548 561 2624 contendite,
578 2548 797 2611 Venerabiles
814 2550 957 2623 Fratres,
986 2556 1022 2610 ut
1049 2547 1215 2609 eiusmodi
1241 2546 1391 2628 pericula
1415 2542 1463 2605 vel

180 2625 332 2740 ffissssm
359 2658 579 2715 amoveantur
594 2649 646 2713 vel
665 2652 879 2716 minuantur:
896 2652 1127 2732 imprimisque
1141 2650 1318 2733 pastoralis
1331 2647 1464 2712 solertia

358 2758 467 2813 vestra
485 2750 516 2812 in
534 2770 574 2812 eo
591 2750 710 2829 valeat,
729 2762 764 2816 ut
777 2751 1058 2833 praelectionibus
1070 2752 1112 2813 de
1123 2750 1284 2831 religione
1297 2748 1464 2812 tradendis

359 2848 455 2928 probi
487 2849 679 2931 deligantur
708 2852 867 2934 doctique
899 2853 968 2928 viri,
1001 2860 1104 2933 utque
1143 2871 1203 2913 eae
1234 2858 1465 2913 removeantur

359 2967 505 3026 caussae,
518 2968 603 3032 quae
620 2950 800 3014 salutarem
823 2961 925 3033 atque
950 2952 1086 3014 uberem
1110 2950 1305 3013 earumdem
1322 2948 1463 3012 fructum

272 3082 331 3130 Stu-
359 3050 457 3113 nimis
468 3071 568 3133 saepe
580 3052 775 3135 impediunt.
788 3090 831 3100 -
844 3053 1013 3127 Ceterum,
1022 3052 1086 3114 etsi
1098 3052 1206 3115 Nobis
1217 3051 1303 3115 bene
1313 3050 1465 3133 cognitae

207 3146 330 3195 deaan·
357 3159 436 3214 sunt
462 3150 693 3235 probataeque
721 3173 821 3216 curae
849 3150 1133 3233 avobismetipsis
1158 3149 1303 3213 collatae
1329 3157 1366 3212 ut
1382 3149 1463 3210 istae

175 3212 331 3340 mgr
357 3256 543 3318 studiorum
572 3256 776 3336 optimorum
805 3258 911 3329 sedes,
927 3276 1012 3338 quae
1040 3276 1085 3317 ex
1111 3264 1287 3317 auctorum
1305 3264 1417 3317 mente
1431 3250 1462 3312 in

180 3348 330 3455 ,ssimi
358 3353 528 3417 Ecclesiae
545 3364 646 3436 atque
664 3354 913 3437 Episcoporum
938 3362 1107 3437 potestate
1134 3373 1207 3415 esse
1232 3353 1368 3428 debent,
1384 3350 1463 3415 tales

180 3487 238 3521 ner-e
266 3489 329 3537 quae
357 3466 579 3538 perseverent,
595 3457 711 3539 quales
728 3457 771 3520 ab
788 3457 869 3538 ipsis
882 3458 1097 3533 constitutae,
1113 3455 1276 3518 maiorem
1294 3463 1406 3518 tamen
1429 3452 1461 3514 in

195 3537 332 3665 sffffl
357 3558 495 3618 modum
508 3575 565 3617 vos
582 3555 764 3632 hortamur,
781 3566 818 3619 ut
834 3556 927 3618 omni
943 3555 1058 3618 oblata
1070 3553 1328 3637 opportunitate
1339 3552 1371 3617 in
1383 3552 1462 3631 idip-

176 3666 329 3745 fundatori·
357 3672 430 3715 sum
447 3655 594 3735 pergatis
611 3656 781 3717 communi
798 3654 948 3730 consili0,
964 3654 1012 3717 uti
1029 3662 1176 3716 vestrum
1193 3653 1244 3715 ius
1261 3662 1313 3714 est
1343 3660 1377 3715 et
1397 3646 1461 3712 offi-

178 3732 224 3779 Μ
242 3740 329 3782 conso-
357 3752 455 3829 cium,
471 3751 671 3817 incumbere.
697 3754 799 3837 Quod
828 3756 917 3817 enim
944 3752 1220 3816 dissentientibus
1251 3772 1272 3813 a
1290 3737 1460 3814 'catholico

358 3851 493 3914 nomine
509 3872 702 3915 concessum
720 3864 779 3929 est,
796 3853 957 3936 aequitati
975 3852 1099 3935 pariter
1126 3850 1342 3932 iustitiaeque
1372 3864 1462 3929 repu-

357 3963 440 4038 gnat
456 3953 488 4015 id
506 3954 680 4019 catholicis
695 3958 854 4038 denegari
871 3980 877 4019 :
894 3956 1026 4039 publice
1043 3963 1155 4017 autem
1171 3953 1280 4030 refert,
1291 3963 1330 4016 ut
1347 3969 1429 4036 quae
1443 3966 1461 4009 a

358 4054 541 4117 maioribus
572 4064 641 4117 tam
674 4056 728 4135 pie
759 4056 995 4139 sapienterque
1026 4054 1182 4117 instituta
1211 4063 1300 4129 sunt,
1333 4071 1398 4116 non
1428 4048 1458 4109 in

358 4149 529 4213 Ecclesiae
545 4148 690 4231 fideique
705 4150 891 4214 catholicae
907 4152 1159 4229 detrimentum,
1174 4154 1233 4216 sed
1246 4154 1279 4215 in
1293 4153 1460 4230 utriusque

357 4249 497 4312 tutelam
514 4269 552 4311 ac
568 4249 780 4329 praesidium,
804 4260 906 4332 atque
930 4251 1017 4314 adeo
1044 4251 1077 4314 in
1109 4252 1214 4334 ipsius
1239 4252 1285 4315 rei
1312 4248 1460 4335 publicae

356 4350 492 4425 bonum,
509 4358 672 4431 perpetuo
688 4349 919 4413 adhibeantur¹
1398 4332 1407 4350 ’

178 3804 254 3847 tutae.
