3117 4859
264 382 316 433 os
340 384 500 449 Juruaus
527 384 555 434 s,
577 383 684 434 sams
712 385 978 438 vrumcnuurs.
1110 370 1177 457 163

71 534 164 617 pacis
190 534 363 618 civilisque
390 533 500 598 cultus
530 533 696 616 proficisci
724 536 803 599 inde
830 536 993 601 uberiora.
1008 574 1052 586 —
1074 536 1178 602 Cuius
1238 560 1329 649 usqam

70 638 174 703 divini
201 638 332 703 consilii
361 638 496 702 excelsa
529 639 615 701 ratio
643 658 810 721 nusquam
836 640 993 723 apparuit
1015 640 1177 705 illustrius
1245 660 1318 723 1893·

71 763 170 826 quam
187 744 222 806 in
248 742 313 807 hac
329 742 435 819 Urbe,
452 762 539 827 quae
555 746 653 807 sedes
674 754 725 808 est
752 744 910 829 princeps
930 743 1100 827 religionis
1125 766 1178 810 ca·
1288 776 1356 836 On„

71 847 215 911 tholicae
233 846 287 912 :in
318 866 385 930 qua
416 865 539 929 nempe
569 847 701 929 quoties
724 848 815 911 beati
840 848 928 912 Petri
954 850 1025 912 iura
1051 848 1179 914 nefario
1204 842 1308 902 quotes-

71 960 147 1015 snnt
173 970 257 1014 ausu
288 950 424 1027 violata,
453 950 556 1014 toties
579 951 744 1032 pernicies
769 972 881 1015 rerum
914 962 1097 1017 consecuta
1128 966 1179 1017 est
1196 921 1311 1033 mlii

70 1058 185 1123 multis
196 1060 306 1124 modis
317 1060 771 1125 miserabiliumRemotiora
786 1061 1178 1144 dimittimus,propterea
1205 1038 1320 1153 2252‘22,

69 1165 156 1245 quod
189 1165 289 1227 nimis
320 1165 469 1228 clamant
501 1166 692 1248 praesentia
707 1175 871 1247 quantam
901 1165 934 1229 in
959 1164 1071 1229 labem
1084 1164 1172 1230 cala·
1204 1168 1281 1244 naula,
1300 1184 1354 1218 nos-

71 1265 291 1349 mitatemque
307 1267 485 1330 sacerrima
502 1265 573 1330 eius
591 1267 751 1329 maiestas
760 1268 804 1330 sit
817 1266 1004 1330 deturbata.
1015 1266 1175 1331 Errorum
1202 1240 1332 1347 ffiff

71 1370 102 1432 in
118 1370 280 1434 maximis
301 1370 400 1433 rebus
422 1370 617 1452 impunitas,
642 1368 820 1433 libidinum
848 1368 1016 1453 flagitiosa
1032 1369 1177 1449 licentia,
1203 1366 1355 1479 {imma

70 1484 271 1556 praepotens
297 1472 622 1557 improbissimarum
650 1474 840 1537 dominatio
867 1482 1044 1553 sectarum,
1068 1474 1177 1555 quoti·
1203 1466 1272 1543 sun'r.

71 1578 169 1641 diana
201 1576 234 1640 in
262 1597 425 1659 personas
453 1597 572 1659 resque
599 1587 762 1659 augustas
790 1576 988 1659 petulantia,
1013 1578 1177 1661 plurimae

71 1683 277 1766 callidaeque
288 1691 379 1747 artes
395 1690 463 1746 uta
481 1680 546 1745 fide
574 1693 608 1747 et
633 1682 819 1746 reverentia
847 1682 1019 1747 Ecclesiae
1047 1704 1174 1747 succre-

71 1808 163 1853 scens
179 1789 336 1852 iuventus
352 1784 507 1850 deficiat:
523 1785 605 1850 talia
621 1786 739 1865 multa,
756 1797 793 1850 nt
809 1786 1043 1852 iustam-bonis
1068 1789 1176 1853 omni·

70 1893 129 1957 bus
144 1891 356 1975 indignantis
371 1890 591 1973 aegritudinis
601 1888 747 1955 afferunt
757 1892 976 1967 caussam,sic
988 1911 1029 1953 eo
1039 1892 1177 1956 convin-

71 2004 147 2059 cunt
177 1996 327 2077 apertius
354 1994 472 2077 quanti
503 1993 557 2073 sit,
571 1994 772 2058 caelestibus
803 1995 846 2058 de
876 1994 941 2059 hac
971 2015 1064 2059 sacra
1083 1995 1177 2061 Urbe

71 2099 283 2182 praescriptis
300 2119 360 2180 per
375 2098 560 2181 nequitiam
574 2106 608 2161 et
624 2100 691 2162 vim
708 2118 781 2162 esse
793 2108 1026 2182 repugnatum.
1041 2138 1085 2149 -
1102 2100 1174 2165 Nos
1272 2165 1352 2215 Omni

68 2206 220 2287 equidem
240 2224 341 2287 super
353 2203 418 2267 boc
434 2223 544 2267 rerum
568 2214 658 2267 statu
671 2204 890 2268 vehementer
911 2204 1056 2281 solliciti,
1072 2214 1107 2269 et
1129 2206 1173 2269 de
1200 2231 1331 2292 opesruue-

69 2306 245 2371 obfirmata
256 2317 374 2371 contra
386 2306 624 2390 Apostolicam
641 2307 765 2372 Sedem
789 2308 909 2372 iniuria
936 2309 1105 2391 conqueri,
1135 2318 1172 2373 ut
1200 2294 1334 2345 bl'pffl‘lf·

69 2419 209 2493 oportet,
233 2420 496 2493 perseverantes,
507 2409 536 2473 si
567 2410 752 2496 quidquam
786 2411 972 2476 rationibus
999 2411 1173 2476 Ecclesiae
1192 2360 1350 2476 {emes-

67 2523 163 2599 atque
181 2516 286 2582 Urbis
310 2517 399 2580 beati
414 2515 503 2579 Petri
525 2515 684 2597 prodesse
700 2515 811 2579 adhuc
838 2517 1040 2594 studuimus,
1069 2517 1173 2581 nihilo
1199 2491 1341 2606 23233ζῷ

68 2620 174 2685 minus
187 2621 323 2685 studere
338 2620 372 2683 in
389 2632 577 2702 posterum,
593 2619 675 2683 dum
691 2620 761 2683 vita
776 2630 946 2703 suppetat,
963 2640 1170 2705 magnopere
1192 2621 1286 2685 frenas.

67 2726 318 2803 contendemus,
333 2724 409 2789 freti
426 2724 513 2802 Deo,
529 2724 624 2788 cuius
649 2724 817 2806 praesenti
832 2744 897 2807 ope
918 2744 957 2790 ac
974 2725 1096 2789 solatio
1112 2728 1172 2791 ad·

67 2827 261 2892 mirabiliter
271 2836 500 2892 sustentamur
513 2847 522 2905 ;
534 2846 635 2909 quern
647 2825 804 2890 eumdem
816 2827 983 2891 vindicem
997 2828 1170 2894 Ecclesiae

67 2950 143 2993 suae
157 2931 263 2995 enixa
279 2950 377 3014 prece
398 2931 626 2996 obsecramus.

107 3034 209 3099 Nunc
232 3053 312 3099 vero
337 3036 521 3100 iucundum
537 3046 571 3100 et
587 3035 745 3100 laetabile
760 3044 820 3114 est,
836 3034 1056 3100 Venerabiles
1089 3036 1169 3100 Fra·
1252 3072 1345 3121 erean-

66 3150 137 3217 tres,
152 3140 356 3207 utilitatibus
368 3142 542 3206 christiani
560 3140 686 3224 populi,
703 3141 798 3205 novis
811 3141 977 3224 episcopis
988 3142 1167 3223 designan-
1197 3140 1314 3250 ‘grffvi

66 3248 123 3324 dis,
133 3247 307 3312 consulere
325 3269 334 3327 ;
350 3249 498 3333 itemque
510 3246 668 3330 supplere
684 3246 965 3329 perhonorificum
977 3247 1165 3331 Collegium
1197 3218 1253 3319 leis
1270 3218 1325 3251 ma-

65 3363 220 3429 vestrum,
236 3372 280 3415 ex
296 3372 365 3436 quo
380 3353 472 3415 brevi
497 3350 659 3433 temporis
690 3350 868 3416 intervallo
894 3352 1075 3416 desiderati
1100 3372 1168 3417 non

66 3456 158 3535 pauci
186 3464 275 3532 sunt,
290 3457 334 3520 ad
362 3475 519 3520 mansura
533 3456 666 3519 virtutis
697 3454 846 3537 praemia
877 3457 1015 3521 evocati.
1040 3456 1079 3521 In
1105 3455 1170 3520 hoc

67 3559 162 3641 igitur
178 3560 268 3625 viros
281 3562 428 3644 quinque
444 3568 604 3645 cooptare
616 3560 834 3637 decrevimus,
850 3580 894 3622 ex
907 3560 1024 3623 ordine
1041 3563 1169 3645 episco-

67 3664 129 3745 pali
144 3664 307 3742 delectos,
324 3667 380 3747 qui
398 3664 449 3729 vel
479 3664 640 3749 pastorali
665 3663 845 3746 prudentia
866 3672 900 3727 et
917 3663 1100 3745 alacritate,
1114 3666 1167 3731 vel

67 3770 190 3860 consilii
205 3769 446 3851 doctrinaeque
462 3767 626 3833 fructibus
642 3767 813 3851 egregiam
838 3787 975 3850 operam
1001 3780 1167 3837 navarunt

67 3873 243 3939 Ecclesiae.
262 3873 310 3937 Hi
327 3881 440 3937 autem
458 3883 558 3938 sunt:

103 4014 1164 4099 VICTORLUOEANUSLucoT,ArchiepiscopusBurdigalensis:

107 4162 291 4229 losernus
318 4164 451 4228 Maura
476 4162 740 4239 Gunuursmo,
768 4161 1053 4244 Archlepiscopus
1070 4162 1166 4228 Titu-

149 4260 227 4323 laris
248 4258 486 4338 Caesariensis,
501 4259 595 4325 Sacri
612 4257 752 4323 Consilii
775 4258 1023 4342 Episcoporum
1049 4268 1083 4322 et
1101 4260 1169 4323 Re-

150 4365 315 4447 gularium
333 4363 560 4430 Secretarius:
