3117 4859
497 346 619 395 runux
647 325 899 396 nuxnxrrcus
1174 341 1247 414 347

172 498 218 548 61.
245 499 527 551 CONSTITUTIO
541 500 804 551 APOSTOLIGA
821 501 861 550 de
883 499 1108 561 prohibitione
1125 501 1157 548 et

136 588 456 638 censurallbrorum.
481 588 564 639 -25
582 588 766 639 dan.1897.
1090 598 1155 651 pag.
1193 594 1243 646 241

172 687 282 741 Summi
297 688 444 743 Pontificis
466 698 510 744 est
533 687 600 743 fidei
618 704 788 758 morumque
809 687 1029 742 christianorum
1052 686 1246 755 integritatem

135 774 207 829 tueri
220 784 319 830 nostra
332 776 502 846 praesertim
515 785 610 831 aetate
624 790 683 841 241.
692 807 728 815 -
746 777 818 829 Sunt
828 786 924 830 autem
937 773 1063 845 perversi
1078 774 1142 828 libri
1156 773 1246 843 pestis

134 862 259 917 maxima
274 863 339 918 fidei
353 881 387 919 ac
413 864 548 932 moribus,
569 864 692 934 ideoque
712 864 846 917 omnibus
864 873 942 918 retro
962 862 1084 918 saeculis
1105 860 1246 929 Ecclesia,

135 950 254 1005 historia
273 961 353 1019 teste,
366 952 499 1007 homines
519 951 664 1021 prohibuit
692 952 749 1005 isto
770 966 883 1005 veneno
906 964 965 1015 241.
985 969 1024 989 ·—
1049 952 1245 1004 Romanorum

136 1036 306 1092 Pontificum
325 1040 380 1096 lrac
404 1039 442 1094 de
461 1056 492 1093 re
512 1049 597 1108 gesta
622 1048 803 1108 exponuntur
822 1052 949 1104 241-242.
966 1038 1166 1107 —Comperta
1185 1045 1247 1091 arte

135 1123 258 1194 libraria,
268 1128 347 1196 leges
360 1145 377 1181 a
391 1128 419 1182 S.
436 1128 511 1181 Sede
532 1127 609 1183 latae
629 1136 695 1181 sunt
712 1126 923 1191 officinatorum
944 1126 1127 1179 librariorum
1152 1123 1247 1179 officia

134 1223 298 1281 spectantes
312 1230 371 1282 242·
382 1246 417 1256 -
428 1216 535 1270 Exorta
545 1216 657 1271 haeresi
670 1214 854 1283 Lutheriana,
864 1214 1045 1269 sollicitiores
1055 1214 1150 1267 adhuc
1163 1229 1246 1266 curas

137 1300 165 1355 S.
192 1302 284 1357 Sedes
309 1302 338 1357 in
363 1320 514 1373 perversos
539 1304 627 1359 libros
654 1303 850 1373 prohibendos
863 1302 984 1357 contulit
997 1298 1246 1366 242.2-Primum

136 1398 204 1443 tunc
217 1391 310 1445 editus
324 1399 367 1445 est
381 1392 466 1445 index
479 1392 616 1445 librorum
629 1391 841 1463 prohibitorum
866 1405 926 1457 242.
947 1422 982 1429 —
1008 1391 1113 1443 Postea
1122 1386 1247 1442 conscri-

136 1486 202 1545 ptae
216 1488 282 1532 sunt
296 1480 425 1548 Regulae
439 1478 555 1548 Iudicis,
565 1496 637 1550 quas
650 1480 820 1549 approbavit
841 1479 909 1533 Pius
926 1480 974 1545 lV,
997 1495 1031 1532 ac
1054 1476 1125 1531 varii
1135 1486 1247 1546 postea

137 1564 291 1621 Pontifices
300 1577 471 1622 curaverunt
486 1568 673 1637 explicandas
695 1560 877 1636 temporique
896 1565 1160 1636 accommodandas
1183 1577 1248 1629 242-

136 1666 196 1721 243.
217 1685 252 1694 -
269 1656 365 1709 Tanta
378 1657 432 1725 Ap.
453 1656 537 1711 Sedis
557 1654 720 1709 sollicitudo
733 1654 773 1711 rei
788 1656 908 1709 multum
918 1654 1023 1724 profuit
1036 1652 1247 1725 quamdiueum

138 1740 271 1797 Ecclesia
283 1759 454 1798 consensere
469 1742 616 1798 civitatum
631 1756 757 1798 rectores
772 1757 832 1809 ²43·
846 1773 881 1781 —
895 1743 1000 1797 Postea
1017 1759 1085 1794 vero
1112 1739 1247 1794 Ecclesia

137 1827 233 1898 plures
248 1830 356 1885 Indicis
370 1832 495 1900 Regulos
515 1828 578 1900 ipsa
592 1832 713 1899 sustulit,
727 1832 772 1884 vel
786 1848 837 1884 usu
864 1830 1006 1900 antiquari
1029 1830 1155 1897 benigne
1176 1826 1243 1881 sivit

138 1930 198 1985 253.
217 1948 252 1957 -
271 1918 443 1973 Recentiore
469 1920 615 1985 memoria,
638 1918 734 1972 eximii
755 1917 878 1973 scientia
902 1919 964 1987 viri,
986 1916 1056 1973 Cclii
1071 1916 1163 1970 Vatic.
1184 1916 1245 1985 plu-

136 2003 200 2058 rimi
216 2005 326 2061 Patres.
342 2007 480 2077 Episcopi
491 2007 573 2062 multi
585 2024 700 2062 sensere
714 2006 936 2062 commutandas
949 2023 1014 2059 esse
1029 2006 1093 2059 illas
1107 2005 1246 2073 Regulas:

136 2094 212 2163 quod
234 2094 351 2164 quidem
373 2106 566 2165 opportunum
586 2112 652 2150 esse
677 2105 796 2149 nostrae
830 2095 917 2149 aetati
942 2093 1074 2147 Pontifex
1095 2093 1221 2147 ostendit
1239 2111 1246 2156 ;

136 2178 259 2251 ideoque
268 2183 355 2252 jussit
370 2183 501 2237 Indicem
511 2183 680 2252 recognosci
694 2198 821 2251 243·244.
836 2183 1000 2236 —Decrcta
1009 2183 1159 2250 generalia
1172 2179 1245 2234 infra

137 2270 232 2338 posita
242 2272 303 2326 sola
313 2271 374 2339 jam
388 2272 445 2326 virn
459 2272 531 2341 legis
544 2272 653 2327 habent
666 2280 819 2342 ceteraque
829 2271 885 2324 hac
898 2272 934 2324 de
944 2286 975 2324 re
987 2279 1097 2324 statuta
1109 2270 1248 2337 abrogata

137 2368 203 2412 sunt
212 2370 334 2430 excepta
347 2362 406 2416 Cst.
423 2361 528 2415 Bened.
540 2361 611 2415 XIV
627 2360 759 2413 Sollicita
771 2359 934 2429 etprovida
948 2373 1008 2422 244.
1025 2387 1058 2395 -
1072 2358 1199 2411 Decreta
1211 2356 1247 2410 de

138 2446 331 2514 prohibitione
344 2460 372 2501 et
387 2466 508 2503 censura
521 2449 659 2503 librorum
674 2460 772 2517 245-25
777 2462 801 2515 3.
815 2477 850 2485 -
877 2447 1075 2501 Praesentium
1089 2446 1248 2499 litterarum

137 2535 338 2591 auctoritatem
359 2536 489 2591 Pontifex
509 2536 637 2591 vindicat
655 2548 716 2605 253.

172 2645 224 2696 62.
246 2647 453 2697 EPISTOLA
475 2646 516 2696 ad
536 2646 569 2697 J.
585 2648 619 2693 B.
641 2644 755 2697 Ceschi
778 2646 842 2713 aS.
861 2645 972 2703 cruce,
996 2656 1159 2706 magnum

136 2735 334 2797 magistrum
348 2734 480 2786 Ordinis
500 2734 805 2796 Hierosolymitanl,
825 2733 865 2783 de
885 2735 985 2783 laude
1015 2733 1156 2783 Ordinis.

137 2822 276 2871 7Fehr.
304 2822 394 2872 1897.
1095 2832 1160 2886 pag.
1197 2826 1247 2883 255

173 2922 338 2977 Gratulatur
354 2922 485 2976 Pontifex
504 2922 623 2977 Ordinis
638 2922 718 2977 Hier.
734 2922 886 2990 Magistro,
899 2921 1058 2988 magisterii
1072 2920 1116 2974 sui
1135 2936 1243 2974 annum

137 3009 228 3064 XXV.
243 3010 410 3080 propediem
424 3013 571 3079 expletura
585 3023 618 3079 25
624 3023 646 3078 5.
666 3041 701 3047 ·—
722 3010 874 3062 Praeclara
888 3009 973 3061 laude
986 3008 1128 3060 Ordinem
1150 3007 1244 3075 hujus·

136 3114 192 3167 que
207 3099 379 3168 Magistrum
393 3109 484 3167 ornat,
498 3098 627 3169 ipsisque
644 3096 822 3152 faustissima
833 3106 1005 3165 apprecatus
1017 3093 1162 3149 benedicit
1182 3106 1214 3163 25
1220 3106 1247 3163 5-

137 3186 198 3255 256.

170 3295 222 3347 63.
238 3294 461 3345 LITTERAE
476 3294 769 3345 APOSTOLICAE
790 3294 831 3341 de
844 3304 931 3341 nova
951 3292 1158 3340 circumseri-

136 3385 247 3447 ptloue
260 3388 292 3433 et
305 3385 468 3433 erectione
481 3384 688 3433 Dloeceslum
703 3383 738 3430 in
754 3382 942 3441 Republica
962 3380 1156 3441 Argentlna.

137 3472 385 3523 15Febr.1897.
1089 3480 1155 3533 pag.
1194 3476 1245 3532 257

170 3572 253 3626 Votis
267 3573 400 3639 gubernii
418 3589 549 3626 annuens
564 3571 703 3638 Pontifex,
718 3588 824 3624 novam
843 3569 971 3624 decrevit
992 3569 1171 3623 dioecesium
1193 3566 1245 3623 cir-

134 3660 388 3727 cumscriptionem
401 3660 636 3727 erectionemque
649 3660 734 3712 trium
754 3674 894 3712 novarum
908 3657 1021 3710 sedium
1039 3655 1246 3725 episcopalium

135 3745 163 3799 in
175 3745 336 3815 Republica
352 3746 519 3814 Argentina‚
533 3746 655 3815 ideoque
669 3746 821 3814 supprimit
835 3745 1051 3799 ecclesiasticae
1069 3742 1246 3797 circumscri-

135 3833 240 3903 ptionis
253 3845 359 3889 statum
379 3834 427 3904 qui
441 3844 509 3889 actu
530 3833 634 3888 existit.
659 3834 786 3902 257-258.
806 3866 841 3872 -
859 3834 933 3887 Tres
950 3849 1039 3886 novas
1055 3831 1245 3901 Episcopales

134 3922 218 3976 sedes
231 3922 384 3989 erigendas
398 3921 555 3987 constituit,
569 3922 670 3991 eisque
683 3920 817 3976 civitates
827 3920 1016 3990 episcopales,
1032 3917 1190 3973 dioecesim
1211 3933 1244 3972 ac

133 4008 307 4063 territorium
321 4009 460 4078 assignat,
475 4025 637 4077 novamque
650 4008 678 4061 in
697 4007 858 4076 Republica
883 4006 1182 4076 circumscriptionem
1198 4018 1245 4059 ec·

134 4096 325 4153 clesiasticam
339 4098 437 4153 definit
459 4099 585 4166 258-259.
600 4128 635 4137 —-
648 4096 797 4151 Ecclesias
811 4096 992 4151 cathedrales
1012 4096 1039 4149 in
1062 4095 1145 4149 novis
1167 4090 1245 4146 dioe-

133 4185 247 4239 cesibus
269 4185 338 4255 erigi
358 4186 449 4254 jubet,
463 4184 603 4256 novisque
618 4183 771 4254 Episcopis
785 4184 925 4255 pecuniae
950 4184 1081 4238 subsidia
1104 4178 1246 4245 attribuit,

134 4288 242 4344 eosque
255 4274 314 4328 vult
336 4292 422 4345 quam
446 4275 569 4345 primurn
591 4272 717 4343 capitula
726 4273 860 4341 erigere:
885 4272 932 4326 his
957 4282 1054 4327 autem
1081 4270 1248 4325 facultatem

136 4357 263 4429 impertit
276 4358 445 4416 conficiendi
458 4370 574 4415 statuta.
590 4357 716 4428 asp-260.
729 4388 765 4397 -
775 4358 854 4412 Dum
865 4356 990 4427 capitula
1011 4365 1108 4411 erecta
1127 4353 1246 4410 nonfue·
