3117 4859
364 337 436 409 208
464 358 655 410 emanue
672 359 931 412 nrosrourcnu
952 349 972 378 ‘¹
992 362 1251 416 apostoncae
1268 363 1404 416 cuasa.
1424 340 1441 370 '’

362 501 421 565 sed
452 501 674 569 intentionem
705 504 813 568 immo
844 504 960 569 haberi
988 517 1200 572 sacramento
1229 509 1406 572 adversam
1435 516 1467 571 et

360 617 615 688 repugnantem.

231 731 335 776 eausa„
407 711 542 775 Isthaec
567 712 682 776 omnia
697 713 756 777 diu
783 711 995 804 multumque
1020 715 1250 799 reputavimus
1276 717 1366 798 apud
1398 715 1466 779 Nos

182 793 335 908 „siim
361 825 488 879 etcum
506 815 766 880 Venerabilibus
783 817 956 883 Fratribus
974 818 1107 882 Nostris
1124 818 1157 882 in
1175 816 1340 902 Suprema
1355 819 1466 884 iudici-

182 910 337 1026 ”iiim
363 920 447 998 b¹¹83
469 939 610 1002 quorum
636 920 739 984 etiam
757 920 901 987 Coetum
929 921 1142 1004 singulariter
1157 942 1270 987 coram
1288 923 1398 988 Nobis
1413 924 1464 987 ad·

199 1029 336 1133 Saltem
363 1046 483 1090 vocare
499 1025 625 1108 placuit
649 1024 731 1088 feria
746 1039 779 1102 v,
796 1026 850 1090 die
866 1039 931 1090 xvt
948 1027 1018 1090 iulii
1036 1027 1193 1109 proximi,
1211 1028 1244 1090 in
1267 1047 1466 1092 commemo·

197 1161 336 1194 mescon-
363 1131 492 1195 ratione
510 1129 639 1193 Mariae
656 1129 698 1192 D.
716 1129 757 1193 N.
775 1129 1013 1198 Carmelitidis.
1038 1131 1134 1214 lique
1150 1131 1193 1196 ad
1211 1152 1315 1196 unum
1332 1151 1466 1196 consen·

205 1221 337 1323 ’ξῖξὲᾸῖ
362 1256 444 1311 sere,
468 1235 676 1316 propositam
692 1254 845 1298 caussam
863 1235 930 1299 iam
947 1235 1077 1320 pridem
1094 1237 1138 1300 ab
1155 1235 1358 1319 Apostolica
1382 1234 1465 1301 Sede

203 1325 336 1443 epm:
363 1339 462 1420 plene
478 1339 580 1403 tuisse
604 1349 639 1403 et
655 1341 826 1422 cognitam
843 1349 876 1403 et
905 1339 1109 1421 iudicatam3
1133 1341 1204 1405 eius
1220 1352 1333 1405 autem
1360 1339 1466 1402 denuo

183 1457 337 1548 mmm:
361 1445 516 1508 instituta
532 1445 675 1525 actaque
691 1444 899 1526 quaestione,
910 1445 1085 1508 emersisse
1101 1444 1262 1508 illustrius
1275 1452 1405 1527 quantu
1415 1441 1465 1504 illa

176 1562 338 1632 sesamae·
363 1549 511 1613 iustitiae
527 1549 779 1630 sapientiaeque
792 1548 942 1630 pondere
957 1556 1066 1612 totam
1084 1568 1152 1612 rem
1170 1547 1379 1613 absolvisset
1404 1544 1465 1609 Ve-

193 1627 336 1727 Zmil.
363 1664 554 1718 rumtamen
570 1651 738 1734 optimum
755 1651 846 1716 lactu
863 1651 1025 1716 duximus
1041 1653 1260 1734 supersedere
1276 1650 1467 1724 sententiae,

179 1741 335 1861 „2⁸:³7⁸”
362 1778 430 1842 quo
446 1768 480 1822 et
506 1756 624 1820 melius
641 1757 926 1838 perpenderemus
950 1759 1144 1820 conveniret
1160 1777 1202 1820 ne
1229 1757 1465 1838 expediretque

362 1864 518 1928 eamdem
534 1881 605 1925 rem
621 1861 823 1924 auctoritate
841 1859 967 1925 Nostra
983 1881 1096 1924 rursus
1111 1862 1284 1939 declarari,
1297 1870 1330 1924 et
1343 1859 1465 1923 uberio-

361 1987 432 2031 rem
448 1965 553 2030 divini
569 1965 705 2029 luminis
717 1965 851 2048 copiam
865 1964 1033 2048 supplices
1047 1967 1312 2047 imploraremus.
1327 2003 1373 2014 -
1383 1963 1464 2026 Tum

362 2071 655 2136 considerantibus
672 2069 781 2133 Nobis
807 2081 843 2133 ut
861 2071 950 2133 idem
967 2081 1080 2153 caput,
1094 2071 1158 2134 etsi
1175 2071 1246 2134 iure
1270 2071 1339 2134 iam
1355 2067 1465 2133 defini-

362 2187 445 2254 tum,
461 2196 480 2238 a
496 2175 698 2258 quibusdam
715 2184 909 2238 revocatum
920 2175 964 2238 sit
981 2175 1013 2237 in
1027 2175 1301 2252 controversiam,
1313 2191 1465 2257 quacum·

361 2300 427 2363 que
442 2281 580 2342 demum
597 2279 770 2342 caussasit
786 2287 993 2356 revocatum;
1008 2299 1053 2341 ex
1071 2298 1179 2361 eoque
1191 2298 1336 2360 pronum
1354 2275 1422 2345 lore
1434 2284 1465 2337 ut

362 2383 567 2468 perniciosus
594 2403 685 2446 error
710 2384 870 2464 gignatur
899 2401 967 2446 non
995 2383 1110 2466 paucis
1137 2382 1195 2465 qui
1220 2392 1341 2464 putent
1358 2369 1402 2444 ¹se
1425 2377 1464 2442 ibi

363 2489 502 2554 Ordinis
529 2497 775 2552 sacramentum
793 2496 827 2552 et
844 2487 971 2551 fructus
987 2487 1131 2570 reperire
1148 2486 1203 2551 ubi
1221 2486 1360 2550 minime
1386 2491 1465 2557 sunt,

364 2595 472 2659 visum
486 2602 537 2656 est
553 2593 587 2656 in
604 2591 755 2656 Domino
771 2592 977 2656 sententiam
994 2591 1158 2656 Nostram
1175 2592 1317 2656 edicere.

201 2714 291 2760 irritas
300 2713 338 2759 ue-
410 2698 531 2780 Itaque
542 2695 701 2761 omnibus
714 2693 915 2761 Pontificum
924 2694 1149 2760 Decessorum
1160 2694 1263 2759 inhac
1277 2696 1464 2776 ipsacaussa

200 2774 340 2879 {iffi-32,
365 2801 509 2864 decretis
526 2819 767 2882 usquequaque
784 2800 1016 2877 assentientes,
1028 2819 1135 2882 eaque
1151 2799 1346 2882 plenissime
1356 2793 1464 2862 confir·

186 2893 339 3012 medam
365 2915 498 2969 mantes
515 2925 554 2969 ac
570 2904 672 2969 veluti
690 2914 889 2968 renovantes
906 2905 1108 2969 auctoritate
1126 2903 1261 2980 Nostra,
1278 2911 1372 2966 motu
1397 2919 1464 2982 pro

186 3017 269 3064 actas:
363 3009 445 3090 prio,
467 3019 559 3072 certa
574 3009 723 3084 scientia,
747 3009 1009 3091 pronunciamus
1026 3016 1059 3072 et
1086 3006 1307 3083 declaramus,
1330 3005 1464 3072 Ordina-

363 3114 472 3178 tiones
488 3116 552 3178 ritu
580 3114 761 3194 anglicano
786 3122 889 3192 actas,
914 3113 1023 3177 irritas
1051 3133 1186 3196 prorsus
1203 3112 1304 3176 luisse
1335 3120 1369 3176 et
1392 3126 1466 3182 esse,

363 3219 570 3301 omninoque
586 3217 702 3282 nullas.

234 3353 337 3412 ΜΨ,
409 3323 486 3387 Hoc
499 3331 613 3400 restat,
629 3332 665 3386 ut
692 3341 761 3403 quo
773 3321 914 3403 ingressi
931 3341 1046 3385 sumus
1062 3320 1218 3385 Pastoris
1233 3319 1352 3402 magni
1372 3313 1467 3382 nomi·

184 3413 336 3531 d¹q¹2²fg²222
363 3447 405 3490 ne
421 3437 454 3490 et
470 3429 584 3490 animo
600 3427 776 3491 veritatem
794 3436 864 3490 tam
877 3426 988 3507 gravis
1005 3426 1051 3488 rei
1067 3425 1290 3490 certissimam
1301 3439 1466 3488 common·

184 3531 337 3648 ”ssgm
363 3543 477 3609 strare,
493 3533 613 3595 eodem
631 3531 850 3594 adhortemur
866 3550 924 3595 eos
945 3531 1002 3614 qui
1019 3529 1187 3595 Ordinum
1206 3540 1309 3612 atque
1338 3529 1466 3592 Hierar·

196 3655 261 3700 runt.
284 3651 336 3694 tor·
362 3638 458 3702 chiae
470 3636 633 3700 beneficia
644 3637 774 3698 sincera
787 3636 963 3700 voluntate
972 3644 1091 3716 optent
1103 3654 1141 3698 ac
1158 3635 1339 3716 requirant.
1357 3633 1467 3714 Usque

184 3713 255 3753 tatur
264 3715 293 3753 ut
304 3711 339 3754 ad
702 3740 709 3753 .
785 3739 792 3752 .
900 3739 908 3753 .
945 3740 953 3753 .
1070 3738 1078 3753 .

185 3770 337 3814 unicumre-
362 3742 473 3805 adhuc
500 3740 651 3816 sortasse,
678 3749 811 3802 virtutis
838 3739 1041 3802 christianae
1068 3739 1283 3802 intendentes
1310 3737 1468 3808 ardorem,

185 3829 338 3940 dm'ghss'ffi‘
363 3847 551 3928 religiosius
578 3844 791 3907 consulentes
816 3843 949 3907 divinas
981 3843 1118 3920 litteras,
1158 3843 1231 3924 pias
1261 3841 1468 3922 duplicantes

185 3947 338 4062 ”2qussssng
364 3971 488 4034 preces,
503 3948 621 4012 incerti
647 3958 759 4011 tamen
777 3947 957 4011 haeserunt
982 3956 1015 4011 et
1032 3948 1126 4010 anxii
1143 3949 1186 4009 ad
1204 3965 1321 4009 vocem
1350 3939 1467 4010 Christi

184 4065 219 4107 aa
234 4065 337 4133 santam
363 4053 490 4116 iamdiu
512 4054 630 4115 intime
646 4053 871 4115 admonentis.
894 4051 1003 4114 Probe
1017 4051 1084 4113 iam
1101 4050 1217 4114 vident
1231 4069 1299 4132 quo
1316 4069 1353 4110 se
1366 4049 1468 4110 bonus

186 4127 313 4178 '‘p‘'‘m
363 4157 420 4220 ille
430 4157 549 4219 invitet
559 4177 598 4220 ac
610 4156 700 4220 velit.
713 4157 770 4219 Ad
783 4157 919 4219 unicum
934 4155 1004 4218 eius
1015 4155 1102 4218 ovile
1113 4154 1140 4216 si
1151 4155 1300 4231 redeant,
1312 4162 1384 4217 tum
1395 4169 1468 4213 vero

364 4270 398 4322 et
414 4259 566 4340 quaesita
583 4258 745 4322 beneficia
757 4261 941 4322 assecuturi
953 4268 1033 4323 sunt
1049 4268 1082 4322 et
1099 4259 1342 4340 consequentia
1357 4251 1468 4319 salutis

368 4361 544 4441 praesidia,
560 4382 702 4442 quorum
719 4362 953 4426 administram
971 4362 1049 4427 lecit
1066 4364 1137 4445 ipse
1153 4361 1353 4438 Ecclesiam,
1377 4354 1466 4442 quasi
