3117 4859
312 389 357 462 74
474 389 657 442 mussona
686 376 707 408 ‘⁴
726 389 838 454 Quuu
861 389 991 442 uuvun
1017 390 1213 444 murenas.
1236 369 1253 396 '¹

309 541 472 605 momenti
488 539 630 604 consilio
645 540 740 604 vobis
756 549 792 604 et
806 559 872 622 ope
894 559 962 604 non
985 539 1173 606 deerimus:
1194 543 1330 625 iamque
1354 541 1423 626 pri·

307 647 386 710 dem
399 643 443 708 ad
456 643 678 709 sustentanda
691 643 766 707 istic
779 642 951 724 religionis
963 653 999 707 et
1009 644 1293 710 reconciliationis
1306 665 1423 730 opera,

141 772 164 814 er
175 769 284 815 metm
309 750 462 814 misimus
477 746 638 825 subsidia,
655 748 914 830 nuperrimeque
930 747 1051 812 iterum
1069 747 1233 814 misimus.
1259 747 1421 816 Ceterum

130 827 282 946 ,9,ζῖ
307 854 375 918 vim
401 852 520 916 auxilii
546 851 733 916 maximam
761 860 983 934 expectemus
1004 861 1038 916 et
1054 853 1274 935 imploremus
1289 873 1311 917 a
1334 853 1423 918 Deo.

308 958 362 1022 Eo
386 955 585 1038 opitulante,
610 954 812 1019 confidimus
837 975 898 1018 vos
924 954 1023 1019 facile
1049 954 1093 1020 ad
1114 956 1264 1021 laborem
1279 977 1421 1022 omnem

306 1063 495 1136 duraturos,
520 1071 623 1144 atque
647 1057 825 1126 effecturos
849 1068 888 1123 ut
909 1059 968 1141 qui
990 1069 1106 1124 sunta
1120 1058 1217 1125 vobis
1232 1060 1369 1139 divulsi,
1386 1063 1420 1125 in

305 1163 504 1247 amplexum
529 1171 679 1227 vestrum
707 1172 928 1242 revertantur,
951 1171 986 1226 et
1003 1161 1186 1228 Orientalis
1202 1163 1359 1228 Ecclesia
1375 1166 1419 1229 ad

304 1267 481 1349 pristinam
500 1267 769 1349 magnitudinem
798 1267 987 1331 revirescat
1012 1265 1090 1330 Tibi
1113 1268 1252 1344 interea,
1266 1266 1420 1332 Venera-

304 1371 380 1437 bilis
397 1371 523 1448 Frater,
546 1371 636 1434 clero
664 1380 697 1435 et
723 1370 851 1454 populo
866 1381 945 1434 tuae
961 1367 1039 1434 fidei
1060 1373 1252 1450 commisso,
1267 1372 1421 1455 itemque

303 1474 535 1540 aberrantibus
560 1473 728 1550 iratribus,
754 1475 926 1557 auspicem
953 1475 1150 1540 caelestium
1177 1495 1355 1541 munerum
1384 1485 1421 1541 et

301 1579 481 1662 singularis
497 1577 756 1643 benevolentiae
771 1578 921 1642 Nostrae
944 1588 1078 1655 testem,
1092 1579 1332 1662 Apostolicam
1358 1579 1418 1645 bc·

303 1683 531 1747 nedictionem
549 1693 762 1765 peramanter
779 1682 813 1745 in
831 1681 984 1746 Domino
999 1684 1221 1764 impertimus.

346 1787 474 1851 Datum
503 1785 635 1850 Romae
663 1787 753 1868 apud
784 1785 819 1850 S.
837 1787 972 1851 Petrum
1001 1788 1057 1852 die
1077 1805 1090 1851 1
1112 1788 1190 1852 Iulii
1207 1801 1419 1866 ntDcccxcv,

303 1898 523 1964 Pontificatus
540 1899 657 1963 Nostri
674 1919 764 1963 anno
780 1899 914 1962 decimo
930 1909 1061 1964 octavo.

1012 2070 1109 2137 LEO
1133 2073 1197 2139 PP.
1220 2072 1324 2136 XIII.

687 2905 1042 3248 eps
