3117 4859
405 370 479 457 318
508 378 783 443 rnsrxucr10“
804 390 1051 444 neesracvuu
1069 392 1138 444 asr
1151 368 1169 397 '²
1189 392 1219 443 s.
1233 392 1268 447 c.
1288 394 1345 443 aa
1361 394 1407 444 ar
1423 395 1487 445 vno.

403 542 565 599 tenacem.
581 532 649 599 Sed
667 554 881 617 summopere
896 534 1140 619 inspiciendum
1157 545 1210 599 est
1232 556 1400 619 quaenam
1417 538 1453 601 sit
1464 539 1487 598 in

401 636 590 720 deligendis
607 638 712 703 animi
728 638 890 703 honestas
904 660 943 703 ac
954 658 1086 703 morum
1101 640 1287 723 integritas.
1297 640 1375 706 Sint
1382 650 1488 723 oportet

402 741 540 807 iuvenes
555 742 613 826 qui
629 744 757 808 donum
776 742 855 808 fidei
871 754 905 807 et
919 744 1132 807 vocationem
1156 763 1222 826 qua
1245 744 1281 807 ln
1305 754 1423 808 sortem
1437 744 1487 806 Do

402 847 484 911 mini
509 850 619 914 vocati
650 858 729 914 sunt
761 846 903 913 maximi
935 847 1069 923 iaciant,
1098 848 1301 913 catholicam
1330 848 1486 913 Ecclesiam

399 952 558 1017 ardenter
567 952 976 1035 diligant,venerationem
988 952 1258 1017 etobedientiam
1270 952 1486 1035 ergaSanctan

400 1055 524 1122 Sedem
550 1056 786 1139 Apostolicam
814 1067 935 1134 mente,
957 1059 1061 1120 verbo
1083 1066 1118 1122 et
1142 1077 1244 1141 opere
1274 1057 1486 1141 profiteantur;

400 1158 536 1225 iuvenes
566 1162 623 1244 qui
654 1162 887 1226 sanctissimae
924 1162 1095 1243 religionis
1131 1171 1269 1225 nostrae
1306 1159 1485 1226 documentis

399 1264 519 1329 imbuti
535 1276 570 1331 et
587 1266 649 1349 piis
665 1267 967 1333 exercitationibus
980 1265 1118 1343 addicti,
1128 1286 1260 1331 morum
1278 1268 1290 1329 i
1315 1268 1484 1349 tegritateet
1543 1258 1545 1267 '

400 1370 489 1435 vitae
504 1392 582 1436 vere
608 1372 856 1437 ecclesiasticae
878 1370 978 1435 laude
993 1370 1234 1454 praefulgeant.
1249 1288 1355 1435 ‘sdes
1368 1370 1482 1450 deniqne

398 1472 590 1557 deligantur
606 1476 662 1559 qui
679 1475 858 1541 fundatam
874 1476 1029 1558 ingerant
1044 1494 1140 1558 spem
1156 1475 1227 1539 iore
1240 1484 1282 1540 ut
1297 1496 1358 1539 sua
1372 1473 1483 1557 quisque

399 1580 522 1659 agendi
550 1580 681 1644 ratione
708 1580 939 1645 ecclesiastico
963 1580 1074 1644 coetui
1100 1579 1265 1645 honorem
1298 1579 1418 1643 addant
1442 1593 1482 1656 per

398 1682 716 1765 supereminentiam
734 1684 767 1747 in
785 1684 943 1761 scientiis,
954 1702 993 1747 ac
1004 1684 1253 1749 venerationem
1272 1684 1482 1761 vindicenrpo

398 1804 533 1850 suarum
550 1786 684 1851 laudem
702 1788 876 1853 virtutum.

226 1893 369 1950 rdeclm'·
441 1888 524 1955 Vll.
541 1890 598 1955 Ad
615 1890 761 1973 pericula
779 1892 885 1955 tutius
900 1892 1131 1974 praecavenda
1156 1901 1277 1956 curent
1293 1888 1439 1974 Episcopi
1455 1894 1481 1947 ut

217 1967 363 2083 illlrluflr‘
399 1994 448 2057 sui
472 1995 687 2059 ecclesiastici
711 1995 847 2073 alumni,
862 1994 1024 2078 quamdiu
1042 1994 1308 2060 Universitatem
1334 1994 1479 2062 celebrant,

214 2072 374 2123 mum*
399 2110 572 2166 morentur
587 2100 620 2163 in
639 2098 848 2165 Seminario:
865 2098 930 2165 hoc
953 2118 1019 2163 non
1044 2108 1193 2177 extante,
1208 2100 1244 2162 in
1270 2098 1383 2183 aliqua
1404 2096 1480 2158 dono

396 2202 561 2287 religiosa,
584 2204 636 2269 vel
660 2204 779 2269 saltem
804 2204 896 2286 apud
920 2200 1065 2286 aliquem
1093 2203 1274 2287 probatum
1303 2200 1478 2268 sacerdotem

395 2306 616 2387 saecularem
632 2306 694 2371 nisi
711 2308 798 2372 iortc
813 2306 1018 2371 habeantibi
1033 2315 1190 2389 parentes
1204 2307 1239 2369 in
1249 2325 1391 2389 quorum
1401 2304 1476 2366 dono

393 2410 546 2477 habitare
561 2413 702 2495 possint.
719 2410 839 2477 Laude
861 2412 965 2476 etiam
994 2431 1033 2475 ac
1058 2411 1171 2475 lavore
1196 2411 1294 2493 digni
1320 2409 1476 2475 viderentur

393 2516 544 2581 sollertes
561 2518 763 2595 sacerdotes,
779 2516 831 2581 vel
848 2517 1037 2581 saeculares
1046 2516 1106 2579 viri
1117 2524 1291 2599 spectatae
1306 2511 1428 2598 pietatis
1436 2503 1476 2589 qul

393 2620 615 2697 instituerent,
639 2622 696 2686 ubi
720 2619 791 2685 fieri
818 2629 940 2703 potest,
965 2618 1113 2703 aliquam
1139 2618 1344 2702 hospitalem
1368 2616 1476 2679 domun

393 2744 453 2805 pro
469 2726 685 2790 studentibus
701 2724 957 2803 ecclesiasticis;
973 2724 1007 2789 in
1018 2742 1086 2808 qua
1097 2722 1152 2787 isti
1164 2723 1363 2800 invenirent,
1373 2714 1475 2783 modico

392 2826 575 2908 impendio,
604 2830 853 2895 habitationem
879 2836 999 2903 tutam,
1025 2827 1212 2892 studiorum
1238 2826 1346 2911 quieti
1370 2834 1400 2886 et
1421 2818 1475 2900 piae

307 2996 309 3001 .
394 2932 482 2995 vitae
499 2934 799 2999 exercitationibus
815 2932 1116 2998 accommodatam.

234 3060 366 3109 sunm
437 3036 540 3103 VIII.
557 3037 593 3103 Si
610 3037 823 3103 Universitas
849 3036 913 3101 sita
935 3044 987 3100 est
1015 3044 1114 3099 extra
1128 3034 1324 3113 dioecesim,
1339 3020 1475 3096 ordinarii
1543 3074 1545 3093 .

214 3120 366 3239 ’ΨΜ
394 3140 605 3206 alumnorum
622 3142 684 3206 hos
700 3140 944 3205 commendent
962 3138 1134 3221 Episcopo
1155 3139 1220 3202 loci
1234 3160 1244 3219 ;
1258 3138 1315 3203 cui
1329 3130 1439 3201 alumni
1450 3144 1475 3188 se

255 3182 366 3227 emadan

215 3242 368 3346 „ww
393 3244 510 3311 sistere
524 3266 600 3310 curn
617 3244 824 3322 advenerint,
839 3253 874 3307 et
898 3241 1085 3306 identidem
1112 3241 1313 3325 obsequium
1336 3242 1474 3323 praestate

215 3415 228 3461 1
253 3359 366 3444 {poem
392 3355 569 3414 teneantur
584 3351 666 3415 dum
683 3350 729 3414 ibi
754 3347 1011 3431 permanserint
1034 3347 1233 3413 Ordinarius
1258 3355 1293 3412 et
1317 3344 1473 3427 Episcopus

225 3430 272 3469 Μ’
390 3453 454 3517 1οοί
479 3464 596 3519 mutuo
622 3453 825 3518 conveniant
847 3460 885 3517 ut
911 3451 1040 3516 alumni
1065 3454 1321 3517 committantur
1345 3462 1430 3512 curae
1449 3445 1473 3500 et

389 3558 583 3639 vigilantiae
600 3559 739 3625 alicuius
757 3555 943 3622 sacerdotis
954 3557 1090 3635 virtute,
1103 3558 1245 3621 scientia
1259 3576 1299 3620 ac
1320 3541 1471 3619 iuventutis

388 3662 597 3745 experientia
614 3663 828 3745 praestantis,
850 3662 907 3745 qui
924 3680 985 3725 eos
1000 3660 1124 3744 dirigat
1140 3670 1174 3726 et
1189 3662 1232 3726 de
1247 3678 1360 3726 eorum
1375 3642 1471 3735 agendi

388 3766 517 3830 ratione
542 3767 727 3831 identidem
753 3765 972 3831 Ordinarium
1002 3764 1202 3829 instructum
1231 3755 1470 3833 reddasssxigat

387 3878 559 3949 praeterea
577 3870 767 3953 Episcopus
781 3890 802 3933 a
817 3870 886 3933 suis
902 3866 1048 3936 alumnis
1065 3867 1258 3951 trequentes
1272 3860 1469 3950 epistolant

297 3981 306 4017 '-
387 3971 459 4053 ipse
474 3973 538 4037 hoc
554 3973 726 4056 epistolari
743 3971 947 4036 commercio
962 3969 1111 4035 libenter
1125 3980 1240 4035 utatur
1249 3981 1286 4035 ut
1299 3961 1431 4033 consiliis
1445 3962 1470 4017 et

388 4076 525 4140 monitis
541 4096 598 4139 eos
610 4078 762 4154 instruat,
775 4076 903 4141 excitet
913 4073 991 4139 etin
1006 4083 1126 4140 sancto
1135 4074 1310 4158 proposito
1317 4066 1468 4136 confirmet

220 4172 360 4226 &Wi-
434 4177 494 4240 IX.
512 4176 708 4261 Superiores
724 4180 893 4246 Ordinum
917 4186 951 4243 et
977 4177 1289 4263 congregationum
1311 4167 1468 4258 praeterant

210 4228 300 4275 ratione
317 4236 361 4279 cle-

210 4285 360 4399 ’ἕως
388 4298 520 4360 semper
537 4280 783 4347 Universitates
800 4283 950 4347 locorum
968 4282 1003 4345 in
1018 4283 1139 4365 quibus
1154 4283 1282 4348 babent
1295 4278 1344 4344 sni
1359 4264 1466 4341 Ordinis

353 4384 359 4403 ’
388 4378 438 4439 Vel
463 4380 742 4465 C⁰nsregationis
767 4385 917 4464 domum,
940 4396 975 4453 et
1000 4388 1033 4450 in
1061 4386 1135 4450 hac·
1149 4388 1324 4451 studentes
1345 4374 1468 4445 habitare
