3117 4859
339 342 411 415 274
503 348 686 399 sersaoni
710 348 944 401 anosronicii
973 335 994 365 ‘⁴
1014 348 1236 401 senecensi
1254 326 1272 353 ”

178 569 184 579 ,
229 502 311 580 ἱιτζι·
336 498 380 561 ad
396 498 515 561 ultima
531 499 604 562 loca
619 501 837 581 progressuri,
852 520 897 563 ex
908 502 1110 565 auctoritate
1123 500 1249 565 Nostra
1259 520 1446 583 praecones

159 568 311 683 '⁸ss14²‘ssssss
336 602 513 686 Evangelii
529 606 771 689 :quotidieque
786 626 807 669 a
824 604 899 669 Deo
914 606 1150 670 contendimus
1167 617 1204 670 ut
1215 606 1446 689 multiplicare

197 700 308 764 *ΨΜ
335 706 481 790 benigne
496 710 576 771 velit
603 730 773 773 sacrorum
800 711 1028 787 administros,
1053 711 1175 794 dignos
1202 730 1340 774 munere
1362 731 1446 793 apo·

334 809 524 893 stolico,qui
535 811 661 875 scilicet
677 812 858 876 commoda
873 834 933 877 sua
949 823 984 878 et
999 814 1268 877 incolumitatem
1284 824 1318 877 et
1336 815 1444 877 vitam

334 913 452 996 ipsam,
467 916 494 978 si
517 934 569 979 res
596 916 825 998 postulaverit,
846 936 907 999 pro
924 916 1048 982 Christi
1070 936 1176 999 regno
1201 914 1448 999 amplificando

334 1040 400 1083 non
417 1019 573 1082 dubitent
588 1018 763 1082 devovere.

188 1117 308 1181 crsasum
376 1122 429 1186 Tu
446 1143 524 1186 vero
541 1143 691 1207 propera,
706 1123 845 1187 humani
862 1124 994 1207 generis
1010 1136 1160 1189 servator
1169 1135 1204 1187 et
1214 1144 1335 1208 parens
1350 1124 1445 1190 lusu

156 1184 310 1314 differ&
332 1228 517 1295 Calliste:
533 1230 656 1310 exequi
672 1249 714 1291 ne
729 1226 865 1292 differas
880 1230 970 1311 quod
988 1230 1069 1307 olim
1081 1239 1116 1293 te
1131 1230 1250 1293 dixisti
1262 1230 1446 1303 facturum,

154 1315 308 1433 {ww
332 1344 369 1397 ut
384 1354 459 1397 cuin
470 1333 640 1397 exaltatus
656 1353 747 1396 esses
762 1353 783 1395 a
799 1344 896 1408 terra,
907 1336 1023 1397 omnia
1040 1334 1189 1397 traheres
1206 1335 1248 1399 ad
1265 1345 1300 1398 te
1316 1334 1443 1417 ipsum.

334 1438 425 1521 Ergo
440 1437 575 1499 illabere
591 1436 784 1518 aliquando,
800 1446 903 1519 atque
925 1439 1069 1502 ostende
1084 1448 1117 1501 te
1135 1437 1343 1502 multitudini
1361 1436 1439 1500 infi-

331 1544 430 1615 nitae,
445 1539 672 1604 benificiorum
691 1541 928 1618 maximorum,
943 1561 1031 1622 quae
1047 1561 1163 1605 cruore
1190 1552 1250 1605 tuo
1277 1542 1441 1623 peperisti

331 1641 536 1717 mortalibus,
551 1641 661 1703 adhuc
674 1640 806 1720 experti
825 1664 832 1704 :
849 1643 963 1704 excita
989 1642 1146 1704 sedentes
1174 1640 1374 1705 intenebris
1400 1653 1440 1707 et

331 1746 448 1808 umbra
460 1745 586 1820 mortis,
597 1754 634 1807 ut
650 1744 751 1806 radiis
764 1744 919 1807 illustrati
933 1744 1119 1827 sapientiae
1131 1744 1329 1826 virtutisque
1345 1753 1439 1821 tua'e,

330 1850 364 1912 in
380 1860 414 1911 te
428 1859 462 1911 et
478 1870 536 1930 per
551 1857 585 1912 te
601 1850 667 1911 sint
681 1849 901 1911 consummati
912 1848 947 1911 i'n
961 1870 1073 1913 unum.

180 1999 254 2046 Alias
265 2014 303 2047 ve-
373 1953 477 2018 Cuius
486 1950 621 2034 quidem
635 1952 772 2015 unitatis
785 1963 1033 2015 sacramentum
1044 1952 1281 2035 cogitantibus,
1290 1953 1439 2017 occurrit

169 2070 301 2127 mma,
329 2057 437 2121 Nobis
454 2056 650 2119 universitas
668 2035 882 2137 populorum,0
896 2076 981 2138 quos
996 2058 1041 2119 ab
1068 2055 1234 2119 erroribus
1262 2054 1434 2119 diuturnis

188 2130 303 2177 nm'tatr's
532 2163 538 2173 .
701 2161 709 2174 .
773 2159 781 2173 .
890 2162 931 2175 ..
1019 2162 1026 2175 .
1127 2162 1134 2175 .
1221 2160 1228 2173 .
1397 2160 1407 2174 .

151 2194 302 2258 oiimperfu-
328 2162 371 2224 ad
388 2161 615 2243 evangelicam
639 2169 839 2241 sapientiam
864 2162 978 2223 divina
993 2169 1102 2241 pietas
1126 2162 1252 2223 iamdiu
1268 2160 1434 2224 traduxit.

58 2271 61 2280 “
151 2260 300 2320 “¹³¹¹‘me
329 2264 422 2329 Nihil
439 2264 588 2346 profecto
603 2264 647 2327 ad
674 2264 943 2327 recordationem
969 2264 1156 2339 iucundius,
1169 2283 1278 2345 neque
1293 2263 1336 2326 ad
1360 2262 1435 2326 lau·

327 2373 404 2434 dem
422 2368 703 2452 providentissimi
721 2370 868 2431 numinis
885 2368 1088 2450 praeclarius
1105 2378 1255 2431 veterum
1268 2368 1435 2432 memoria

327 2482 527 2553 temporum,
541 2490 617 2534 cum
635 2469 716 2534 fides
733 2472 894 2535 divinitus
911 2481 1050 2552 accepta
1077 2472 1319 2552 patrimonium
1336 2490 1432 2534 com-

328 2595 428 2638 mune
449 2586 551 2656 atque
576 2574 786 2637 individuum
812 2575 915 2656 vulgo
942 2574 1131 2637 habebatur
1148 2598 1155 2638 :
1172 2594 1249 2639 cuin
1276 2574 1434 2639 excultas

326 2677 535 2739 humanitate
551 2689 678 2757 gentes,
688 2677 778 2752 locis,
792 2678 937 2759 ingenio,
950 2678 1097 2742 moribus
1110 2677 1256 2756 dissitas,
1271 2678 1348 2741 licet
1358 2678 1436 2741 aliis

325 2783 369 2845 de
410 2783 507 2843 rebus
537 2800 637 2861 saepe
679 2782 889 2857 dissiderent,
916 2783 1129 2859 dimicarent,
1151 2782 1370 2847 nihilominus
1398 2784 1432 2847 in

325 2905 376 2963 eo,
390 2886 482 2967 quod
498 2886 540 2947 ad
553 2884 749 2967 religionem
769 2886 925 2966 pertinet,
942 2884 1025 2949 fides
1052 2886 1235 2951 christiana
1261 2888 1434 2951 universas

150 3023 213 3072 ff„
223 3025 252 3071 d,
267 3025 299 3072 „2
326 2991 537 3073 coniugabat.
555 2990 610 3053 Ad
627 2990 725 3052 huius
738 2990 1002 3054 recordationem
1018 2992 1208 3067 memoriae,
1222 2991 1321 3054 nimis
1333 3012 1435 3075 aegre

168 3090 300 3167 euacua·
327 3091 390 3154 sert
411 3091 553 3166 animus,
569 3090 659 3171 quod
686 3108 840 3152 successu
866 3098 1027 3166 aetatum,
1050 3090 1297 3171 suspicionibus
1322 3091 1434 3155 inimi·

165 3154 301 3283 {aheim
326 3199 478 3281 citiisque
493 3198 681 3273 commotis,
699 3216 840 3279 magnas
857 3218 895 3260 ac
923 3198 1080 3261 florentes
1104 3198 1259 3262 nationes
1285 3199 1329 3262 de
1355 3199 1431 3261 sinu

164 3292 300 3413 edormi
328 3302 498 3367 Ecclesiae
522 3321 682 3366 romanae
724 3302 813 3363 male
855 3302 1028 3383 auspicata
1070 3312 1224 3385 tempora
1256 3302 1433 3367 abstraxe·

148 3432 199 3476 sus,
217 3416 300 3465 lorra-
326 3408 400 3470 rint.
436 3406 632 3487 Utcumque
673 3404 725 3479 sit,
758 3404 831 3467 Nos
866 3406 1002 3487 quidem
1035 3409 1143 3487 gratia
1180 3404 1299 3470 confisi
1332 3408 1431 3471 mise·

150 3488 301 3596 ‘'22:2⁴an
326 3510 532 3591 ricordiaque
557 3509 800 3589 omnipotentis
829 3508 903 3585 Dei,
929 3510 987 3592 qui
1012 3512 1107 3575 novit
1132 3531 1218 3574 unus
1240 3511 1430 3594 opitulandi

168 3619 218 3661 rem
232 3615 299 3663 rede.
327 3615 544 3689 maturitates,
559 3623 594 3675 et
620 3613 714 3676 cuius
738 3614 769 3675 in
789 3622 958 3693 potestate
983 3624 1035 3677 est
1051 3634 1100 3692 eo,
1117 3635 1184 3696 quo
1211 3615 1294 3692 vult,
1310 3617 1429 3681 volun·

149 3684 204 3727 ω’
325 3724 413 3779 tates
436 3715 608 3777 hominum
634 3715 775 3792 flectere,
802 3716 844 3779 ad
873 3736 929 3779 eas
960 3718 1051 3799 ipsas
1082 3718 1236 3782 nationes
1253 3718 1432 3784 adiicimus

325 3821 484 3894 animum,
516 3819 718 3900 easdemque
761 3820 900 3883 caritate
935 3830 1076 3899 paterna
1117 3821 1293 3885 hortamur
1326 3832 1431 3904 atque

324 3922 546 3996 obsecramus,
562 3929 598 3982 ut
615 3923 720 3985 redire
752 3922 950 4005 compositis
966 3923 1123 4003 dissidiis,
1138 3926 1244 3990 velint
1260 3925 1302 3989 ad
1320 3928 1432 3991 unita·

325 4036 402 4089 tem.

161 4162 301 4215 0„·„„„1„
369 4132 422 4195 Ac
439 4130 546 4210 primo
573 4139 785 4211 peramanter
802 4130 998 4213 respicimus
1027 4132 1069 4195 ad
1088 4132 1272 4211 Orientem,
1288 4136 1380 4198 unde
1396 4134 1431 4201 in

176 4228 299 4305 Egelestae
324 4236 440 4299 orbem
457 4234 647 4297 universum
664 4233 761 4297 initio
776 4232 927 4317 profecta
938 4236 1037 4299 salus.
1049 4230 1221 4301 Videlicet'
1234 4242 1434 4321 expectatio

147 4305 299 4412 mm
324 4338 478 4403 desiderii
496 4336 610 4400 Nostri
626 4339 807 4401 iucundam
836 4358 930 4420 spem
947 4339 1104 4405 inchoare
1123 4342 1225 4419 iubet,
1244 4360 1311 4406 non
1327 4342 1433 4425 longe
