3117 4859
204 355 255 404 DE
282 356 480 409 DOCTRINA
508 361 536 409 S.
566 359 727 410 THOMAE
753 360 796 411 IN
825 361 902 411 SOC.
933 361 1031 413 IESU.
1104 364 1173 432 139

78 506 193 570 fructus
208 529 311 571 nemo
325 513 461 592 quidem
483 514 556 577 sine
580 514 707 578 iactura
733 514 931 595 neglexerit.
952 514 1002 577 At
1025 515 1175 577 maxime
1240 526 1309 613 92⁰⁶·

77 630 148 673 vero
162 615 348 678 cavendum
366 635 408 677 ne
425 615 520 694 sorte,
535 637 580 681 ex
605 619 767 700 opinione
784 638 851 701 qua
876 616 924 680 illi
945 616 1085 681 floreant
1102 618 1174 681 exi·
1240 626 1310 689 1892.

80 716 130 777 mii
144 727 295 780 auctores
319 739 364 781 ex
390 720 531 804 ipsoque
558 722 672 787 studio
698 724 790 805 quod
819 723 1034 804 impendatur
1058 742 1173 785 eorum
1199 741 1337 789 cavendum

79 818 208 899 scriptis,
222 821 337 901 potius
360 842 461 903 quam
479 826 685 904 adiumenta,
701 836 738 889 ut
765 826 975 908 propositum
1002 834 1090 889 recte
1114 836 1175 903 est,
1200 816 1352 920 2:2⁸5}ss

79 924 119 986 ad
133 945 239 989 veram
265 928 443 991 colendam
466 926 500 992 S.
516 929 670 993 Thomae
694 931 883 994 doctrinam
908 929 1175 1011 suppeditentur,
1200 944 1328 1015 ’νωθρή

79 1028 193 1111 aliquid
209 1030 336 1094 oriatur
350 1034 441 1114 quod
455 1034 613 1097 uniformi
630 1035 801 1098 doctrinae
818 1032 963 1097 officiat:
982 1033 1064 1096 haec
1085 1034 1174 1095 enim
1193 1019 1335 1131 mim

80 1132 162 1195 nullo
183 1145 282 1216 pacto
302 1137 472 1217 speranda
498 1138 570 1213 erit,
596 1139 659 1201 nisi
685 1136 866 1202 Societatis
893 1135 1020 1198 alumni
1048 1137 1175 1199 auctori
1201 1134 1328 1182 doctrinae

81 1234 271 1300 adhaereant
288 1239 355 1315 uni,
370 1240 401 1302 ei
417 1240 544 1304 scilicet
572 1241 815 1349 iamxprobato,
831 1244 874 1305 de
897 1260 964 1322 quo
990 1260 1057 1303 uno
1081 1259 1175 1321 prae·
1202 1205 1292 1258 ’‘m‘'

81 1350 409 1425 ceptum-sequantur
424 1345 460 1409 S.
482 1345 512 1408 T
508 1344 648 1422 hemam,
667 1366 802 1429 eumque
817 1345 868 1407 uti
879 1345 1054 1426 proprium
1073 1343 1176 1407 docto-

82 1463 141 1505 rem
153 1444 296 1510 habeant.
321 1446 378 1509 Ex
398 1468 467 1529 quo
491 1450 573 1512 illud
603 1450 819 1532 consequitur
836 1459 881 1525 ut,
905 1450 932 1511 si
958 1448 1074 1531 quain
1099 1470 1133 1511 re
1152 1448 1175 1509 ii
1219 1464 1354 1527 ideoquest

82 1546 136 1626 ipsi
150 1560 300 1612 auctores
316 1570 401 1640 quos
415 1552 627 1614 laudavimus
643 1573 663 1614 a
679 1551 894 1615 documentis
911 1549 1062 1631 magistri
1083 1568 1174 1611 com·
1201 1530 1354 1645 ssjssjz'm

82 1650 179 1712 munis
202 1654 398 1731 dissideant,
423 1654 505 1716 nihil
532 1667 612 1716 tunc
636 1653 877 1735 ambigendum
902 1672 988 1737 quae
1016 1663 1106 1716 recta
1130 1652 1230 1742 sit'S.¹
1247 1660 1351 1719 Thomu,

81 1752 299 1837 via3eamque
323 1778 391 1819 non
417 1756 552 1820 difficile
577 1758 639 1821 erit
664 1768 787 1835 tenere,
809 1756 987 1838 propterea
1013 1756 1115 1836 quod,
1140 1756 1172 1816 in
1198 1727 1351 1842 Zz'sequen-

79 1858 279 1922 documentis
295 1880 383 1943 quae
398 1873 490 1925 certo
505 1872 584 1924 sunt
608 1861 641 1927 S.
663 1861 827 1940 Thomae,
842 1884 909 1927 non
936 1865 983 1927 ita
999 1848 1056 1926 fret
1079 1862 1175 1925 facile

82 1970 114 2022 ut
134 1963 308 2045 scriptores
325 1965 504 2029 Societatis
532 1966 575 2029 ab
600 1964 659 2027 illo
682 1983 801 2027 omnes
828 1968 1038 2030 dissentiant.
1062 1964 1175 2047 Quare

82 2066 153 2127 satis
168 2065 275 2145 suerit,
290 2080 390 2149 prout
411 2069 583 2150 postulent
598 2069 822 2150 quaestiones
839 2071 865 2133 si
887 2092 932 2135 ex
953 2070 1018 2133 illis
1033 2068 1175 2132 auctori-

82 2168 137 2231 bus
150 2172 298 2253 deligant
318 2175 466 2257 quicum
483 2174 603 2235 eodem
620 2175 842 2252 consentiant,
858 2179 924 2238 una
941 2195 1043 2256 opera
1067 2173 1175 2255 dupli·

82 2292 145 2336 cem
161 2277 330 2357 capientes
346 2278 536 2353 utilitatem,
552 2278 645 2357 sequi
663 2298 699 2339 se
720 2296 820 2359 posse
836 2278 1019 2341 Ductorem
1038 2276 1176 2359 Angeli-

82 2397 148 2441 cum
163 2390 198 2443 et
211 2381 360 2462 optimos
376 2380 557 2446 Societatis
570 2391 732 2445 auctores.

120 2482 226 2547 Nemo
246 2496 360 2549 autem
376 2488 514 2549 inducat
530 2486 562 2547 in
589 2486 739 2549 animum
763 2486 862 2549 licere
879 2486 942 2549 sibi
965 2486 1029 2549 illis
1053 2485 1176 2567 promi·
1212 2495 1355 2559 Improbum

80 2603 150 2648 seue
174 2590 389 2671 opinionibus
426 2590 484 2667 uti,
510 2610 595 2671 quas
621 2589 706 2652 forte
732 2590 992 2672 deprehenderit
1024 2592 1056 2652 in
1086 2590 1176 2652 libris
1198 2562 1354 2691 zzz-523?

81 2691 268 2772 scriptorum
301 2692 483 2758 Societatis
514 2696 628 2776 eisque
658 2695 701 2758 de
733 2695 983 2758 moderatorum
1012 2692 1178 2774 permissu
1203 2693 1283 2741 bertas
1294 2706 1328 2768 ξ’·

82 2794 179 2859 editis.
194 2796 331 2861 Praeter
345 2798 439 2879 ‚enim
464 2817 565 2880 quam
594 2799 684 2879 quod
710 2818 755 2859 ex
780 2798 854 2861 istis
878 2817 944 2860 non
970 2797 1066 2878 pauci
1095 2796 1177 2859 editi
1203 2757 1355 2885 iiiim-

82 2908 152 2961 sunt
165 2911 345 2985 antequam
362 2913 470 2965 certas
480 2904 523 2964 de
535 2902 656 2964 studiis
668 2902 759 2983 leges
774 2901 926 2965 Societas
938 2901 1178 2976 constituisset,
1203 2904 1355 3003 ffiffl'iff‘m

81 3003 233 3070 eiusmodi
250 3007 396 3070 libertati
413 3026 597 3088 numquam
625 3006 748 3068 summi
765 3006 947 3089 praepositi
965 3024 1032 3069 non
1050 3005 1177 3067 restite·
1203 3018 1357 3082 besemque

83 3120 161 3185 runt,
173 3110 236 3172 hoc
261 3121 435 3192 praeterea
459 3110 649 3191 frequenter
673 3122 867 3192 aperteque,
882 3110 985 3173 etiam
1009 3109 1072 3171 sub
1095 3106 1178 3169 haec
1203 3084 1355 3213 {ww

83 3219 234 3293 tempora,
249 3215 375 3292 testati,
391 3214 425 3275 in
446 3214 649 3295 quibusdam
667 3213 827 3276 librorum
845 3211 1038 3276 censoribus
1055 3220 1089 3273 et
1104 3210 1177 3272 dili·
1204 3216 1283 3291 mfssu
1299 3221 1355 3277 pro-

84 3317 206 3393 gentiae
220 3318 298 3399 plus
313 3330 346 3381 et
363 3317 550 3379 severitatis
566 3316 669 3379 fuisse
688 3318 877 3398 optandum
894 3314 944 3397 (1).
966 3314 1004 3377 ln
1021 3332 1089 3397 quo
1110 3331 1177 3374 non
1203 3281 1355 3433 dxxii-o

85 3418 228 3499 equidem
243 3440 360 3483 sumus
382 3420 494 3497 nescii,
511 3420 711 3501 quibusdam
729 3441 773 3482 ex
800 3419 881 3482 locis
897 3417 1177 3481 constitutionum
1204 3452 1247 3484 nes
1266 3436 1356 3482 erese„

85 3518 198 3602 aliquid
214 3524 333 3586 veniae
356 3524 474 3587 datum
500 3524 614 3597 videri,
638 3532 741 3604 atque
766 3524 867 3587 etiarn
894 3522 994 3604 plane
1019 3520 1083 3583 hoc
1106 3539 1179 3581 esse
1203 3500 1333 3615 lfssffl'

85 3622 283 3705 affirmatum,
307 3628 481 3691 doctrinae
497 3626 536 3691 ·S.
552 3625 707 3690 Thomae
728 3646 796 3689 non
824 3626 871 3688 ita
887 3622 1093 3688 Societatem
1121 3622 1178 3684 ha·
1204 3632 1322 3697 definitae

85 3722 217 3794 bendam
234 3751 307 3794 esse
322 3731 518 3794 adstrictam
536 3741 572 3793 ut
589 3730 682 3791 nulla
693 3741 830 3809 prorsus
845 3729 880 3791 in
896 3750 932 3791 re
943 3728 984 3791 ab
995 3748 1029 3791 eo
1041 3726 1181 3789 recedere
1205 3696 1325 3827 522¹,ss

85 3826 232 3917 lr'eeat(2)‚
253 3834 380 3899 Verum
403 3840 459 3919 qui
476 3841 612 3925 eosdem
631 3840 718 3900 inter
732 3858 768 3900 se
785 3837 1065 3901 constitutionum
1088 3836 1180 3898 locos
1201 3830 1232 3925 ,S'
1252 3829 1277 3877 T
1273 3829 1345 3875 tonza
1380 3820 1382 3825 ¹

85 3935 221 4000 conterat
246 3938 434 4019 diligenter,
459 3941 556 4004 facile
578 3941 753 4023 intelliget,
781 3950 912 4004 tanturn
937 3941 1054 4003 abesse
1079 3948 1116 4000 ut
1141 3957 1180 3999 ea
1205 3894 1293 4009 §lilii

111 4183 128 4215 1·
145 4173 271 4223 Exlitteris
283 4176 309 4221 P.
322 4176 350 4223 C.
361 4178 493 4235 Aquaviva,
509 4190 548 4222 au.
568 4178 633 4235 1613,
645 4177 674 4222 dc
688 4176 834 4221 observanda
845 4177 940 4221 ratione
956 4175 1094 4220 studiorum
1110 4174 1182 4230 deque

86 4232 184 4287 &driu
192 4244 221 4289 S.
234 4245 355 4290 Thomae:
370 4257 400 4291 ex
411 4244 572 4292 Ordinatioue
589 4244 614 4290 P.
629 4244 656 4289 F.
676 4244 830 4290 Picoolomiul
843 4251 888 4303 pro
904 4244 994 4289 studiis
1009 4240 1179 4302 superioribus,

88 4314 121 4349 an
133 4310 198 4369 1651:
208 4311 355 4359 exordinat.
369 4313 396 4358 P.
407 4314 434 4359 P.
449 4313 537 4365 Beekx,
549 4325 589 4359 an.
604 4314 669 4371 1858.

112 4386 131 4420 λ
148 4379 241 4441 congr..
253 4382 353 4433 t',decr.
366 4384 402 4439 56.
