3117 4859
483 339 606 389 tubex
631 337 883 389 nuxnxmcus.
1161 339 1232 411 345

123 489 200 555 dant,
215 487 477 560 discipulorumque
490 490 602 544 animos
612 490 650 545 ad
663 488 811 559 religionis
821 487 906 541 simul
919 496 948 542 et
959 486 1070 558 patriae
1083 488 1232 543 caritatem

124 576 277 631 informant
286 590 347 631 220.
972 589 975 599 ¹

157 703 441 756 52.E1³18TOLa
463 706 504 755 ad
527 706 712 755 vletorlum
737 704 956 763 Constantini,
970 703 1010 754 de
1032 705 1144 754 studlo

122 792 305 855 theologiae
317 794 565 845 moralia-20
578 794 647 844 Oet.
664 792 753 844 1896.
1074 805 1139 856 pag.
1179 802 1229 842 221

158 890 270 947 Laudat
296 892 429 947 Pontifex
464 893 685 947 Institutionum
717 890 885 961 Theologa'ue
915 891 1043 945 choralis
1073 900 1230 960 auctorem,

121 978 227 1048 quippe
239 979 286 1049 qui
300 980 463 1035 universam
476 997 536 1035 rem
551 980 690 1035 moralem
703 982 743 1034 ita
753 988 856 1034 tractet
869 988 899 1033 ut
908 978 1121 1049 philosophiam
1131 980 1232 1049 jubeat

122 1066 256 1145 comitem
269 1084 334 1122 esse
346 1079 434 1137 atque
445 1068 614 1132 adiutricem
628 1068 806 1137 Theologiae
818 1067 920 1122 morali
935 1081 997 1122 221.

155 1202 207 1254 53.
230 1204 441 1255 EPISTOLA
463 1205 504 1255 ad
519 1205 691 1255 praesules
703 1206 762 1266 qul
782 1206 824 1255 oh
836 1205 1034 1254 memoriam
1057 1204 1141 1267 bap-

121 1293 212 1341 tlsmt
237 1302 257 1341 a
286 1291 467 1343 clodovaeo
491 1294 633 1354 suseepti
659 1293 807 1342 Rhemos
837 1296 1072 1352 convenerunt.
1102 1295 1142 1344 de

120 1381 261 1441 peractis
270 1381 494 1431 saecularibus
504 1380 705 1431 testis-24
717 1382 785 1431 Oet.
799 1379 889 1430 1896.
1073 1392 1138 1445 pag.
1177 1392 1227 1431 222

155 1480 270 1535 Gaudet
291 1480 421 1535 Pontifex
439 1479 561 1537 feliciter
583 1496 647 1535 esse
665 1492 783 1553 peracta
803 1482 878 1536 festa
903 1481 1062 1536 saecularia
1089 1481 1227 1537 Clodovei

118 1570 194 1638 regis
207 1567 316 1638 optime
329 1570 365 1623 de
378 1579 464 1639 gente
477 1586 529 1624 sua
542 1578 571 1625 et
583 1568 715 1624 Ecclesia
728 1569 823 1624 meriti
837 1584 898 1624 222.
912 1599 946 1609 —
959 1569 1047 1623 Varia
1059 1580 1156 1625 autem
1169 1569 1226 1640 pie·

118 1656 185 1711 tatis
198 1666 366 1726 argumenta
380 1674 453 1727 quae
467 1656 523 1713 illis
536 1658 639 1712 diebus
649 1674 720 1727 gens
733 1657 840 1727 gallica
852 1658 952 1726 edidit,
970 1658 1045 1712 laete
1059 1658 1120 1728 ipse
1138 1659 1227 1728 perle-

117 1742 157 1812 git
166 1743 297 1812 exposita
310 1742 338 1796 in
350 1742 453 1798 litteris
467 1744 504 1799 ad
519 1761 550 1799 se
563 1744 639 1799 datis
653 1761 671 1800 a
683 1744 867 1799 Praesulibus
884 1763 891 1810 3
904 1761 979 1815 quae
991 1743 1107 1814 quidem
1126 1743 1226 1813 gratis-

117 1830 209 1887 simae
234 1831 365 1891 Pontifici
388 1832 466 1887 fuere
479 1833 534 1887 hoc
556 1832 711 1904 praecipue
728 1833 847 1888 nomine
860 1834 938 1903 quod
952 1842 1094 1887 testantur
1106 1833 1227 1887 multum

117 1917 168 1973 niti
183 1919 282 1973 Gallos
295 1928 325 1973 ut
333 1917 424 1989 ipsius
438 1919 467 1972 in
475 1922 700 1991 promogenitum
712 1920 856 1975 Ecclesiae
866 1921 960 1984 filiam
968 1919 1101 1974 charitati
1111 1934 1226 1988 respon-

117 2007 204 2062 deant
227 2020 357 2077 222-223.
371 2040 406 2049 -
420 2008 502 2063 Fidei
522 2018 550 2063 et
565 2009 742 2063 voluntatum
763 2007 949 2063 concordiam
967 2008 1070 2061 iterum
1096 2005 1226 2061 Pontifex

118 2104 233 2165 exoptat
246 2097 321 2151 inter
334 2097 435 2151 Gallos
448 2095 654 2167 perficiendam
668 2111 702 2149 22
705 2110 729 2163 3.

153 2229 206 2279 54.
228 2229 437 2279 EPISTOLA
449 2229 492 2279 ad
504 2230 708 2279 Germanum
724 2229 846 2289 Morlm
858 2228 899 2279 de
917 2224 1020 2291 ipslus
1036 2228 1136 2281 Com-

117 2318 403 2369 mentarllslnSS.
429 2320 551 2369 Patres.
577 2316 651 2367 -3
673 2318 757 2369 Nou.
787 2318 877 2369 1896.
1068 2330 1133 2383 pag.
1172 2327 1225 2378 224

153 2428 274 2482 Gratum
296 2427 424 2482 animum
440 2436 560 2483 testatur
584 2428 715 2482 Pontifex
729 2428 766 2482 ob
780 2429 878 2482 oblata
892 2426 945 2482 sibi
967 2428 1175 2483 commentaria
1188 2426 1227 2481 de

116 2515 160 2571 Ss.
170 2516 291 2589 ¹Patrum
305 2514 453 2584 doctrinis,
467 2516 694 2587 scriptoremque
713 2516 812 2570 laudat
825 2516 1001 2571 aemulatum
1020 2516 1151 2584 exempla
1165 2514 1225 2569 illo-

115 2617 177 2655 rum
190 2601 446 2657 Benedictinorum
462 2602 509 2673 qui
524 2614 565 2659 tot
579 2604 735 2675 praeclaris
748 2604 884 2673 operibus
896 2603 1004 2673 optime
1016 2604 1053 2659 de
1067 2602 1226 2674 disciplinis

114 2688 315 2745 ecclesiasticis
328 2690 421 2745 meriti
436 2700 503 2745 sunt
513 2706 573 2757 224,

150 2824 200 2876 55.
223 2826 432 2877 EPISTOLA
446 2829 488 2878 ad
502 2826 764 2889 Cardnlchard,
780 2828 933 2891 Arohlep.
951 2828 1125 2877 Parlslens.

116 2913 157 2963 de
182 2914 448 2965 ordinationlbus
468 2916 664 2978 Angllcants
698 2917 790 2966 haud
810 2916 1069 2979 propugnandis.
1101 2941 1136 2950 -

114 3000 388 3053 5Nov.1896....
1067 3015 1132 3067 pag.
1170 3012 1221 3068 225

149 3110 284 3166 Vindicat
297 3112 429 3168 Pontifex
441 3112 500 3167 vim
514 3122 542 3167 et
555 3112 756 3167 auctoritatem
773 3110 994 3166 Constitutionis
1007 3127 1099 3181 nuper
1112 3128 1129 3165 2
1141 3112 1220 3168 sede

113 3198 341 3255 ordinationibus
351 3201 512 3269 anglicanis
532 3200 627 3256 editae
641 3214 674 3253 22
679 3212 702 3269 5.
716 3231 752 3240 -
766 3198 958 3269 Conqueritur
970 3200 1112 3269 quosdam
1125 3202 1221 3255 catho-

113 3287 192 3357 licos,
203 3288 356 3357 praecipue
366 3289 520 3359 scriptores
532 3287 645 3359 aliquos
665 3285 869 3357 Ephemeridis
879 3286 976 3340 Revuc
987 3286 1222 3357 anglo-romaico,

112 3392 170 3430 non
184 3375 223 3430 ita
235 3378 290 3431 hac
303 3378 332 3431 in
346 3394 376 3431 re
389 3392 453 3431 sese
462 3394 563 3445 gerere
576 3386 606 3431 ut
620 3377 727 3431 dehent
748 3390 781 3429 22
786 3388 809 3445 ς.
822 3406 857 3414 —
880 3375 1046 3431 Praesulem
1070 3386 1168 3431 monet
1190 3386 1221 3431 ut

112 3480 147 3518 ea
160 3464 195 3518 de
209 3464 391 3531 ephemeride
404 3476 562 3535 opportune
571 3474 686 3532 statuat,
698 3480 787 3535 quum
799 3463 938 3519 dedeceat
957 3464 1083 3519 maxime
1104 3464 1221 3519 catholi-

112 3568 160 3606 cos
174 3568 205 3607 se
224 3554 318 3607 socios
331 3552 486 3622 adjungere
506 3553 540 3608 iis
563 3553 664 3623 Anglis
686 3552 734 3623 qui
762 3550 1003 3607 constitutionem
1025 3552 1221 3623 Apostolicem

111 3640 188 3694 haud
210 3652 290 3695 recto
303 3640 400 3695 animo
413 3650 584 3711 acceperunt
597 3643 724 3709 225-225.

144 3776 195 3827 56.
217 3776 457 3828 ALLOCUTIO
476 3779 520 3829 ad
540 3778 569 3829 S.
591 3779 631 3828 R.
654 3778 691 3827 E.
713 3777 905 3828 cardinales
925 3778 966 3826 de
997 3778 1132 3828 vlolatls

105 3858 237 3928 juribus
270 3865 549 3925 Apost.sedls.-
568 3865 612 3917 30
634 3865 717 3915 Nou.
735 3864 825 3915 1896.
1062 3878 1127 3931 pag.
1165 3877 1217 3929 227

145 3974 343 4029 Commutatas
353 3974 382 4029 in
396 3976 477 4031 Urbe
486 3992 530 4031 res
540 3975 735 4046 violatumque
741 3976 790 4045 jus
798 3976 854 4043 Ap.
871 3972 956 4029 Sedis
970 3974 1101 4031 Pontifex
1114 3979 1217 4034 iterum

108 4060 297 4131 conqueritur,
312 4063 483 4133 exponitque
495 4072 670 4118 crescentem
681 4064 710 4117 in
723 4062 786 4117 dies
795 4066 936 4119 malorum
947 4066 1110 4130 audaciam,
1120 4066 1218 4121 Ε2212-

108 4146 180 4200 siam
206 4154 234 4201 et
248 4146 275 4201 S.
297 4148 402 4202 Sedem
421 4149 658 4217 impugnantium,
680 4164 785 4217 magno
800 4150 917 4220 quidem
939 4152 1029 4223 ipsius
1043 4149 1218 4221 reipublicae

107 4234 279 4289 detrimento
290 4248 350 4301 227.
364 4266 399 4275 -
412 4235 573 4290 Profitetur
582 4251 615 4291 se
627 4251 679 4290 sua
689 4236 754 4307 jura
767 4252 883 4308 semper
904 4240 1126 4309 vindicaturum,
1147 4256 1214 4295 con·

107 4322 189 4377 fisum
205 4323 277 4378 Deo.
292 4338 325 4375 22
330 4336 352 4391 ς.
366 4354 401 4362 -
415 4322 584 4388 Cardinales
596 4332 730 4381 creantur
742 4326 869 4391 227·228.
