<?xml version="1.0" encoding="UTF-8"?>
<!DOCTYPE html PUBLIC "-//W3C//DTD XHTML 1.0 Transitional//EN"
    "http://www.w3.org/TR/xhtml1/DTD/xhtml1-transitional.dtd">
<html xmlns="http://www.w3.org/1999/xhtml" xml:lang="en" lang="en">
 <head>
  <title>
</title>
<meta http-equiv="Content-Type" content="text/html;charset=utf-8" />
  <meta name='ocr-system' content='tesseract 3.04.00' />
  <meta name='ocr-capabilities' content='ocr_page ocr_carea ocr_par ocr_line ocrx_word'/>
</head>
<body>
  <div class='ocr_page' id='page_1' title='image "./sanctissimidomi04xiiigoog_0221.png"; bbox 0 0 3117 4859; ppageno 0'>
   <div class='ocr_carea' id='block_1_1' title="bbox 289 380 1183 457">
    <p class='ocr_par' dir='ltr' id='par_1_1' title="bbox 289 380 1183 457">
     <span class='ocr_line' id='line_1_1' title="bbox 289 380 1183 457; baseline 0.012 -28"><span class='ocrx_word' id='word_1_1' title='bbox 289 380 340 429; x_wconf 87' lang='lat' dir='ltr'>DE</span> <span class='ocrx_word' id='word_1_2' title='bbox 367 380 517 431; x_wconf 85' lang='lat' dir='ltr'>STUDIIS</span> <span class='ocrx_word' id='word_1_3' title='bbox 546 381 781 431; x_wconf 82' lang='lat' dir='ltr'><strong>SCRIPTURAE</strong></span> <span class='ocrx_word' id='word_1_4' title='bbox 809 381 963 435; x_wconf 79' lang='lat' dir='ltr'><strong>SACRAE.</strong></span> <span class='ocrx_word' id='word_1_5' title='bbox 1111 390 1183 457; x_wconf 86' lang='lat'>209</span> 
     </span>
    </p>
   </div>
   <div class='ocr_carea' id='block_1_2' title="bbox 87 527 1304 615">
    <p class='ocr_par' dir='ltr' id='par_1_2' title="bbox 87 527 1304 615">
     <span class='ocr_line' id='line_1_2' title="bbox 87 527 1304 615; baseline 0.013 -26"><span class='ocrx_word' id='word_1_6' title='bbox 87 527 235 593; x_wconf 85' lang='lat' dir='ltr'>confictas</span> <span class='ocrx_word' id='word_1_7' title='bbox 264 545 341 615; x_wconf 91' lang='lat' dir='ltr'>post</span> <span class='ocrx_word' id='word_1_8' title='bbox 366 544 506 597; x_wconf 90' lang='lat' dir='ltr'>eventus</span> <span class='ocrx_word' id='word_1_9' title='bbox 541 535 788 615; x_wconf 86' lang='lat' dir='ltr'>praedictiones</span> <span class='ocrx_word' id='word_1_10' title='bbox 814 547 872 600; x_wconf 92' lang='lat' dir='ltr'>aut</span> <span class='ocrx_word' id='word_1_11' title='bbox 899 557 944 600; x_wconf 91' lang='lat' dir='ltr'>ex</span> <span class='ocrx_word' id='word_1_12' title='bbox 981 540 1127 603; x_wconf 89' lang='lat' dir='ltr'>naturali</span> <span class='ocrx_word' id='word_1_13' title='bbox 1151 543 1182 603; x_wconf 94' lang='lat' dir='ltr'>vi</span> <span class='ocrx_word' id='word_1_14' title='bbox 1271 553 1304 597; x_wconf 86' lang='lat'>18</span> 
     </span>
    </p>
   </div>
   <div class='ocr_carea' id='block_1_3' title="bbox 88 612 1321 728">
    <p class='ocr_par' dir='ltr' id='par_1_3' title="bbox 88 612 1321 728">
     <span class='ocr_line' id='line_1_3' title="bbox 88 612 1321 728; baseline 0.017 -34"><span class='ocrx_word' id='word_1_15' title='bbox 88 640 329 713; x_wconf 86' lang='lat' dir='ltr'>praesensiones</span> <span class='ocrx_word' id='word_1_16' title='bbox 344 661 352 716; x_wconf 94' lang='lat'>;</span> <span class='ocrx_word' id='word_1_17' title='bbox 368 660 417 715; x_wconf 91' lang='lat' dir='ltr'>ea,</span> <span class='ocrx_word' id='word_1_18' title='bbox 443 658 509 702; x_wconf 90' lang='lat' dir='ltr'>non</span> <span class='ocrx_word' id='word_1_19' title='bbox 535 640 603 703; x_wconf 91' lang='lat' dir='ltr'>veri</span> <span class='ocrx_word' id='word_1_20' title='bbox 630 640 775 702; x_wconf 88' lang='lat' dir='ltr'>nominis</span> <span class='ocrx_word' id='word_1_21' title='bbox 793 641 954 704; x_wconf 90' lang='lat' dir='ltr'>miracula</span> <span class='ocrx_word' id='word_1_22' title='bbox 985 643 1184 727; x_wconf 88' lang='lat' dir='ltr'>virtutisque</span> <span class='ocrx_word' id='word_1_23' title='bbox 1247 612 1321 728; x_wconf 38' lang='lat' dir='ltr'>niqqg·</span> 
     </span>
    </p>
   </div>
   <div class='ocr_carea' id='block_1_4' title="bbox 88 737 1362 1559">
    <p class='ocr_par' dir='ltr' id='par_1_4' title="bbox 88 737 1183 829">
     <span class='ocr_line' id='line_1_4' title="bbox 88 737 1183 829; baseline 0.014 -31"><span class='ocrx_word' id='word_1_24' title='bbox 88 737 209 801; x_wconf 89' lang='lat' dir='ltr'>divinae</span> <span class='ocrx_word' id='word_1_25' title='bbox 219 751 362 818; x_wconf 90' lang='lat' dir='ltr'>ostenta,</span> <span class='ocrx_word' id='word_1_26' title='bbox 373 744 431 805; x_wconf 90' lang='lat' dir='ltr'>sed</span> <span class='ocrx_word' id='word_1_27' title='bbox 445 742 657 807; x_wconf 85' lang='lat' dir='ltr'>admirabilia</span> <span class='ocrx_word' id='word_1_28' title='bbox 669 744 846 824; x_wconf 87' lang='lat' dir='ltr'>quaedam,</span> <span class='ocrx_word' id='word_1_29' title='bbox 860 766 1074 829; x_wconf 88' lang='lat' dir='ltr'>nequaquam</span> <span class='ocrx_word' id='word_1_30' title='bbox 1087 759 1183 813; x_wconf 93' lang='lat' dir='ltr'>natu·</span> 
     </span>
    </p>

    <p class='ocr_par' dir='ltr' id='par_1_5' title="bbox 88 844 1362 1559">
     <span class='ocr_line' id='line_1_5' title="bbox 88 844 1184 933; baseline 0.014 -33"><span class='ocrx_word' id='word_1_31' title='bbox 88 860 135 903; x_wconf 90' lang='lat' dir='ltr'>rae</span> <span class='ocrx_word' id='word_1_32' title='bbox 159 844 285 907; x_wconf 90' lang='lat' dir='ltr'>viribus</span> <span class='ocrx_word' id='word_1_33' title='bbox 314 848 450 923; x_wconf 83' lang='lat' dir='ltr'>maiora,</span> <span class='ocrx_word' id='word_1_34' title='bbox 466 856 524 909; x_wconf 92' lang='lat' dir='ltr'>aut</span> <span class='ocrx_word' id='word_1_35' title='bbox 549 848 748 929; x_wconf 84' lang='lat' dir='ltr'>praestigias</span> <span class='ocrx_word' id='word_1_36' title='bbox 774 856 808 911; x_wconf 92' lang='lat' dir='ltr'>et</span> <span class='ocrx_word' id='word_1_37' title='bbox 835 850 972 931; x_wconf 88' lang='lat' dir='ltr'>mythos</span> <span class='ocrx_word' id='word_1_38' title='bbox 999 853 1184 933; x_wconf 89' lang='lat' dir='ltr'>quosdam:</span> 
     </span>
     <span class='ocr_line' id='line_1_6' title="bbox 88 948 1184 1033; baseline 0.008 -27"><span class='ocrx_word' id='word_1_39' title='bbox 88 948 252 1029; x_wconf 88' lang='lat' dir='ltr'>evangelia</span> <span class='ocrx_word' id='word_1_40' title='bbox 275 961 309 1013; x_wconf 90' lang='lat' dir='ltr'>et</span> <span class='ocrx_word' id='word_1_41' title='bbox 324 952 448 1032; x_wconf 90' lang='lat' dir='ltr'>scripta</span> <span class='ocrx_word' id='word_1_42' title='bbox 465 950 650 1032; x_wconf 91' lang='lat' dir='ltr'>apostolica</span> <span class='ocrx_word' id='word_1_43' title='bbox 678 950 753 1013; x_wconf 89' lang='lat' dir='ltr'>aliis</span> <span class='ocrx_word' id='word_1_44' title='bbox 779 951 880 1033; x_wconf 87' lang='lat' dir='ltr'>plane</span> <span class='ocrx_word' id='word_1_45' title='bbox 906 953 1103 1015; x_wconf 90' lang='lat' dir='ltr'>auctoribus</span> <span class='ocrx_word' id='word_1_46' title='bbox 1127 955 1184 1016; x_wconf 90' lang='lat' dir='ltr'>tri·</span> 
     </span>
     <span class='ocr_line' id='line_1_7' title="bbox 89 1044 1361 1142; baseline 0.006 -35"><span class='ocrx_word' id='word_1_47' title='bbox 89 1044 276 1117; x_wconf 90' lang='lat' dir='ltr'>buenda.-</span> <span class='ocrx_word' id='word_1_48' title='bbox 295 1053 502 1117; x_wconf 90' lang='lat' dir='ltr'>Huiusmodi</span> <span class='ocrx_word' id='word_1_49' title='bbox 519 1064 675 1135; x_wconf 90' lang='lat' dir='ltr'>portenta</span> <span class='ocrx_word' id='word_1_50' title='bbox 692 1074 852 1129; x_wconf 91' lang='lat' dir='ltr'>errorum,</span> <span class='ocrx_word' id='word_1_51' title='bbox 868 1056 993 1137; x_wconf 90' lang='lat' dir='ltr'>quibus</span> <span class='ocrx_word' id='word_1_52' title='bbox 1012 1075 1184 1120; x_wconf 89' lang='lat' dir='ltr'>sacrosan·</span> <span class='ocrx_word' id='word_1_53' title='bbox 1229 1132 1235 1142; x_wconf 19' lang='grc' dir='ltr'><em>ῃ</em></span> <span class='ocrx_word' id='word_1_54' title='bbox 1276 1068 1361 1115; x_wconf 75' lang='lat' dir='ltr'>Scim-</span> 
     </span>
     <span class='ocr_line' id='line_1_8' title="bbox 89 1135 1362 1259; baseline 0.009 -50"><span class='ocrx_word' id='word_1_55' title='bbox 89 1162 166 1215; x_wconf 90' lang='lat' dir='ltr'>ctam</span> <span class='ocrx_word' id='word_1_56' title='bbox 206 1135 396 1231; x_wconf 61' lang='lat' dir='ltr'>divinorum</span> <span class='ocrx_word' id='word_1_57' title='bbox 437 1156 616 1221; x_wconf 91' lang='lat' dir='ltr'>Librorum</span> <span class='ocrx_word' id='word_1_58' title='bbox 655 1158 832 1221; x_wconf 89' lang='lat' dir='ltr'>veritatem</span> <span class='ocrx_word' id='word_1_59' title='bbox 872 1170 995 1241; x_wconf 91' lang='lat' dir='ltr'>putant</span> <span class='ocrx_word' id='word_1_60' title='bbox 1033 1159 1185 1232; x_wconf 89' lang='lat' dir='ltr'>convelli,</span> <span class='ocrx_word' id='word_1_61' title='bbox 1210 1138 1362 1259; x_wconf 48' lang='grc' dir='ltr'>ζ’ρᾚζζζ</span> 
     </span>
     <span class='ocr_line' id='line_1_9' title="bbox 89 1262 1321 1342; baseline 0.011 -28"><span class='ocrx_word' id='word_1_62' title='bbox 89 1264 253 1339; x_wconf 80' lang='lat' dir='ltr'>tamquam</span> <span class='ocrx_word' id='word_1_63' title='bbox 267 1262 455 1325; x_wconf 90' lang='lat' dir='ltr'>decretoria</span> <span class='ocrx_word' id='word_1_64' title='bbox 472 1263 692 1342; x_wconf 88' lang='lat' dir='ltr'>pronuntiata</span> <span class='ocrx_word' id='word_1_65' title='bbox 717 1282 825 1325; x_wconf 90' lang='lat' dir='ltr'>novae</span> <span class='ocrx_word' id='word_1_66' title='bbox 841 1263 1016 1327; x_wconf 89' lang='lat' dir='ltr'>cuiusdam</span> <span class='ocrx_word' id='word_1_67' title='bbox 1032 1263 1186 1326; x_wconf 82' lang='lat' dir='ltr'>scientiae</span> <span class='ocrx_word' id='word_1_68' title='bbox 1212 1264 1321 1338; x_wconf 61' lang='lat' dir='ltr'>antistas</span> 
     </span>
     <span class='ocr_line' id='line_1_10' title="bbox 89 1337 1334 1447; baseline 0.01 -29"><span class='ocrx_word' id='word_1_69' title='bbox 89 1358 205 1439; x_wconf 85' lang='lat' dir='ltr'>liberae,</span> <span class='ocrx_word' id='word_1_70' title='bbox 215 1363 417 1428; x_wconf 90' lang='lat' dir='ltr'>obtrudunt:</span> <span class='ocrx_word' id='word_1_71' title='bbox 429 1385 516 1447; x_wconf 91' lang='lat' dir='ltr'>quae</span> <span class='ocrx_word' id='word_1_72' title='bbox 531 1375 645 1427; x_wconf 90' lang='lat' dir='ltr'>tamen</span> <span class='ocrx_word' id='word_1_73' title='bbox 667 1366 753 1427; x_wconf 93' lang='lat' dir='ltr'>adeo</span> <span class='ocrx_word' id='word_1_74' title='bbox 764 1365 891 1429; x_wconf 89' lang='lat' dir='ltr'>incerta</span> <span class='ocrx_word' id='word_1_75' title='bbox 902 1367 1037 1447; x_wconf 85' lang='lat' dir='ltr'>ipsimet</span> <span class='ocrx_word' id='word_1_76' title='bbox 1049 1366 1185 1444; x_wconf 87' lang='lat' dir='ltr'>habent,</span> <span class='ocrx_word' id='word_1_77' title='bbox 1211 1337 1334 1444; x_wconf 50' lang='lat' dir='ltr'>mim</span> 
     </span>
     <span class='ocr_line' id='line_1_11' title="bbox 89 1466 1362 1559; baseline 0.009 -35"><span class='ocrx_word' id='word_1_78' title='bbox 89 1474 119 1525; x_wconf 92' lang='lat' dir='ltr'>ut</span> <span class='ocrx_word' id='word_1_79' title='bbox 135 1466 259 1530; x_wconf 90' lang='lat' dir='ltr'>eisdem</span> <span class='ocrx_word' id='word_1_80' title='bbox 278 1470 310 1531; x_wconf 94' lang='lat' dir='ltr'>in</span> <span class='ocrx_word' id='word_1_81' title='bbox 329 1470 427 1532; x_wconf 91' lang='lat' dir='ltr'>rebus</span> <span class='ocrx_word' id='word_1_82' title='bbox 444 1469 590 1532; x_wconf 87' lang='lat' dir='ltr'>crebrius</span> <span class='ocrx_word' id='word_1_83' title='bbox 614 1470 795 1532; x_wconf 86' lang='lat' dir='ltr'>immutent</span> <span class='ocrx_word' id='word_1_84' title='bbox 812 1472 1049 1553; x_wconf 88' lang='lat' dir='ltr'>etsuppleant.</span> <span class='ocrx_word' id='word_1_85' title='bbox 1066 1471 1185 1555; x_wconf 83' lang='lat' dir='ltr'>Quum</span> <span class='ocrx_word' id='word_1_86' title='bbox 1245 1510 1362 1559; x_wconf 79' lang='lat' dir='ltr'>Nonnul-</span> 
     </span>
    </p>
   </div>
   <div class='ocr_carea' id='block_1_5' title="bbox 89 1571 1339 1761">
    <p class='ocr_par' dir='ltr' id='par_1_6' title="bbox 89 1571 1339 1761">
     <span class='ocr_line' id='line_1_12' title="bbox 89 1571 1339 1656; baseline 0.007 -27"><span class='ocrx_word' id='word_1_87' title='bbox 89 1589 158 1632; x_wconf 90' lang='lat' dir='ltr'>vero</span> <span class='ocrx_word' id='word_1_88' title='bbox 174 1582 244 1634; x_wconf 92' lang='lat' dir='ltr'>tam</span> <span class='ocrx_word' id='word_1_89' title='bbox 262 1572 365 1656; x_wconf 90' lang='lat' dir='ltr'>impie</span> <span class='ocrx_word' id='word_1_90' title='bbox 380 1574 422 1635; x_wconf 93' lang='lat' dir='ltr'>de</span> <span class='ocrx_word' id='word_1_91' title='bbox 439 1574 525 1651; x_wconf 90' lang='lat' dir='ltr'>De0,</span> <span class='ocrx_word' id='word_1_92' title='bbox 541 1574 583 1635; x_wconf 90' lang='lat' dir='ltr'>de</span> <span class='ocrx_word' id='word_1_93' title='bbox 597 1571 742 1652; x_wconf 90' lang='lat' dir='ltr'>Christ0,</span> <span class='ocrx_word' id='word_1_94' title='bbox 757 1574 801 1637; x_wconf 89' lang='lat' dir='ltr'>de</span> <span class='ocrx_word' id='word_1_95' title='bbox 814 1572 1003 1656; x_wconf 86' lang='lat' dir='ltr'>Evangelio</span> <span class='ocrx_word' id='word_1_96' title='bbox 1015 1586 1049 1638; x_wconf 92' lang='lat' dir='ltr'>et</span> <span class='ocrx_word' id='word_1_97' title='bbox 1060 1574 1186 1656; x_wconf 92' lang='lat' dir='ltr'>reliqua</span> <span class='ocrx_word' id='word_1_98' title='bbox 1212 1575 1234 1622; x_wconf 70' lang='lat'>1²¹</span> <span class='ocrx_word' id='word_1_99' title='bbox 1243 1590 1275 1623; x_wconf 77' lang='lat' dir='ltr'>ex</span> <span class='ocrx_word' id='word_1_100' title='bbox 1286 1577 1339 1625; x_wconf 77' lang='lat' dir='ltr'>illis</span> 
     </span>
     <span class='ocr_line' id='line_1_13' title="bbox 91 1656 1327 1761; baseline 0.007 -26"><span class='ocrx_word' id='word_1_101' title='bbox 91 1672 254 1757; x_wconf 82' lang='lat' dir='ltr'>Scriptura</span> <span class='ocrx_word' id='word_1_102' title='bbox 280 1678 427 1739; x_wconf 87' lang='lat' dir='ltr'>sentiant</span> <span class='ocrx_word' id='word_1_103' title='bbox 455 1689 488 1741; x_wconf 93' lang='lat' dir='ltr'>et</span> <span class='ocrx_word' id='word_1_104' title='bbox 511 1678 715 1760; x_wconf 87' lang='lat' dir='ltr'>praedicent,</span> <span class='ocrx_word' id='word_1_105' title='bbox 743 1697 810 1740; x_wconf 93' lang='lat' dir='ltr'>non</span> <span class='ocrx_word' id='word_1_106' title='bbox 837 1679 960 1741; x_wconf 92' lang='lat' dir='ltr'>desunt</span> <span class='ocrx_word' id='word_1_107' title='bbox 989 1699 1033 1741; x_wconf 90' lang='lat' dir='ltr'>ex</span> <span class='ocrx_word' id='word_1_108' title='bbox 1060 1681 1101 1742; x_wconf 90' lang='lat' dir='ltr'>iis</span> <span class='ocrx_word' id='word_1_109' title='bbox 1129 1679 1185 1761; x_wconf 92' lang='lat' dir='ltr'>qui</span> <span class='ocrx_word' id='word_1_110' title='bbox 1210 1656 1327 1755; x_wconf 46' lang='lat' dir='ltr'>iiiiii,</span> 
     </span>
    </p>
   </div>
   <div class='ocr_carea' id='block_1_6' title="bbox 91 1776 1354 1886">
    <p class='ocr_par' dir='ltr' id='par_1_7' title="bbox 91 1776 1354 1886">
     <span class='ocr_line' id='line_1_14' title="bbox 91 1776 1354 1886; baseline 0.01 -47"><span class='ocrx_word' id='word_1_111' title='bbox 91 1776 229 1862; x_wconf 85' lang='lat' dir='ltr'>theologi</span> <span class='ocrx_word' id='word_1_112' title='bbox 247 1791 280 1844; x_wconf 91' lang='lat' dir='ltr'>et</span> <span class='ocrx_word' id='word_1_113' title='bbox 297 1782 468 1845; x_wconf 89' lang='lat' dir='ltr'>christiani</span> <span class='ocrx_word' id='word_1_114' title='bbox 495 1792 529 1844; x_wconf 92' lang='lat' dir='ltr'>et</span> <span class='ocrx_word' id='word_1_115' title='bbox 557 1781 745 1863; x_wconf 90' lang='lat' dir='ltr'>evangelici</span> <span class='ocrx_word' id='word_1_116' title='bbox 771 1782 887 1845; x_wconf 87' lang='lat' dir='ltr'>haberi</span> <span class='ocrx_word' id='word_1_117' title='bbox 903 1782 1017 1859; x_wconf 92' lang='lat' dir='ltr'>velint,</span> <span class='ocrx_word' id='word_1_118' title='bbox 1033 1793 1067 1846; x_wconf 92' lang='lat' dir='ltr'>et</span> <span class='ocrx_word' id='word_1_119' title='bbox 1083 1783 1184 1845; x_wconf 93' lang='lat' dir='ltr'>hone·</span> <span class='ocrx_word' id='word_1_120' title='bbox 1212 1781 1354 1886; x_wconf 36' lang='lat' dir='ltr'>wm-</span> 
     </span>
    </p>
   </div>
   <div class='ocr_carea' id='block_1_7' title="bbox 89 1883 1362 2073">
    <p class='ocr_par' dir='ltr' id='par_1_8' title="bbox 89 1883 1362 2073">
     <span class='ocr_line' id='line_1_15' title="bbox 89 1883 1359 1969; baseline 0.007 -26"><span class='ocrx_word' id='word_1_121' title='bbox 89 1883 231 1947; x_wconf 84' lang='lat' dir='ltr'>stissimo</span> <span class='ocrx_word' id='word_1_122' title='bbox 247 1886 385 1947; x_wconf 91' lang='lat' dir='ltr'>nomine</span> <span class='ocrx_word' id='word_1_123' title='bbox 400 1885 589 1969; x_wconf 82' lang='lat' dir='ltr'>obtendant</span> <span class='ocrx_word' id='word_1_124' title='bbox 616 1886 792 1949; x_wconf 88' lang='lat' dir='ltr'>insolentis</span> <span class='ocrx_word' id='word_1_125' title='bbox 808 1888 934 1969; x_wconf 91' lang='lat' dir='ltr'>ingenii</span> <span class='ocrx_word' id='word_1_126' title='bbox 951 1888 1185 1951; x_wconf 90' lang='lat' dir='ltr'>temeritatem.</span> <span class='ocrx_word' id='word_1_127' title='bbox 1212 1904 1359 1966; x_wconf 70' lang='lat' dir='ltr'>terserunt.</span> 
     </span>
     <span class='ocr_line' id='line_1_16' title="bbox 92 1987 1362 2073; baseline 0.006 -24"><span class='ocrx_word' id='word_1_128' title='bbox 92 1987 147 2050; x_wconf 89' lang='lat' dir='ltr'>His</span> <span class='ocrx_word' id='word_1_129' title='bbox 177 1990 307 2052; x_wconf 90' lang='lat' dir='ltr'>addunt</span> <span class='ocrx_word' id='word_1_130' title='bbox 336 2010 408 2053; x_wconf 89' lang='lat' dir='ltr'>sese</span> <span class='ocrx_word' id='word_1_131' title='bbox 442 1991 658 2053; x_wconf 91' lang='lat' dir='ltr'>consiliorum</span> <span class='ocrx_word' id='word_1_132' title='bbox 687 1991 868 2072; x_wconf 85' lang='lat' dir='ltr'>participes</span> <span class='ocrx_word' id='word_1_133' title='bbox 899 1992 1137 2073; x_wconf 90' lang='lat' dir='ltr'>adiutoresque</span> <span class='ocrx_word' id='word_1_134' title='bbox 1167 2012 1186 2055; x_wconf 92' lang='lat' dir='ltr'>e</span> <span class='ocrx_word' id='word_1_135' title='bbox 1275 2020 1362 2068; x_wconf 74' lang='lat' dir='ltr'>Rario-</span> 
     </span>
    </p>
   </div>
   <div class='ocr_carea' id='block_1_8' title="bbox 91 2085 1347 2198">
    <p class='ocr_par' dir='ltr' id='par_1_9' title="bbox 91 2085 1347 2198">
     <span class='ocr_line' id='line_1_17' title="bbox 91 2085 1347 2198; baseline 0.002 -49"><span class='ocrx_word' id='word_1_136' title='bbox 91 2095 198 2154; x_wconf 89' lang='lat' dir='ltr'>ceteris</span> <span class='ocrx_word' id='word_1_137' title='bbox 214 2092 398 2175; x_wconf 87' lang='lat' dir='ltr'>disciplinis</span> <span class='ocrx_word' id='word_1_138' title='bbox 415 2113 482 2156; x_wconf 92' lang='lat' dir='ltr'>non</span> <span class='ocrx_word' id='word_1_139' title='bbox 494 2095 602 2176; x_wconf 92' lang='lat' dir='ltr'>pauci,</span> <span class='ocrx_word' id='word_1_140' title='bbox 611 2114 696 2175; x_wconf 92' lang='lat' dir='ltr'>quos</span> <span class='ocrx_word' id='word_1_141' title='bbox 708 2094 827 2157; x_wconf 88' lang='lat' dir='ltr'>eadem</span> <span class='ocrx_word' id='word_1_142' title='bbox 841 2093 1062 2157; x_wconf 90' lang='lat' dir='ltr'>revelatarum</span> <span class='ocrx_word' id='word_1_143' title='bbox 1077 2113 1184 2156; x_wconf 89' lang='lat' dir='ltr'>rerum</span> <span class='ocrx_word' id='word_1_144' title='bbox 1212 2085 1314 2198; x_wconf 49' lang='lat' dir='ltr'>3ng</span> <span class='ocrx_word' id='word_1_145' title='bbox 1323 2101 1347 2134; x_wconf 72' lang='lat'>³⁶</span> 
     </span>
    </p>
   </div>
   <div class='ocr_carea' id='block_1_9' title="bbox 90 2195 1362 2487">
    <p class='ocr_par' dir='ltr' id='par_1_10' title="bbox 90 2195 1362 2487">
     <span class='ocr_line' id='line_1_18' title="bbox 91 2195 1362 2293; baseline 0.009 -39"><span class='ocrx_word' id='word_1_146' title='bbox 91 2195 300 2259; x_wconf 86' lang='lat' dir='ltr'>intolerantia</span> <span class='ocrx_word' id='word_1_147' title='bbox 316 2198 358 2259; x_wconf 91' lang='lat' dir='ltr'>ad</span> <span class='ocrx_word' id='word_1_148' title='bbox 375 2198 665 2279; x_wconf 83' lang='lat' dir='ltr'>oppugnationem</span> <span class='ocrx_word' id='word_1_149' title='bbox 692 2196 878 2259; x_wconf 91' lang='lat' dir='ltr'>Bibliorum</span> <span class='ocrx_word' id='word_1_150' title='bbox 905 2196 1058 2259; x_wconf 88' lang='lat' dir='ltr'>similiter</span> <span class='ocrx_word' id='word_1_151' title='bbox 1073 2196 1186 2260; x_wconf 79' lang='lat' dir='ltr'>trahit</span> <span class='ocrx_word' id='word_1_152' title='bbox 1213 2218 1362 2293; x_wconf 52' lang='lat' dir='ltr'>„ruvriaca-</span> 
     </span>
     <span class='ocr_line' id='line_1_19' title="bbox 90 2283 1362 2410; baseline -0.002 -48"><span class='ocrx_word' id='word_1_153' title='bbox 90 2297 174 2362; x_wconf 90' lang='lat' dir='ltr'>Satis</span> <span class='ocrx_word' id='word_1_154' title='bbox 197 2311 311 2363; x_wconf 89' lang='lat' dir='ltr'>autern</span> <span class='ocrx_word' id='word_1_155' title='bbox 327 2300 503 2383; x_wconf 86' lang='lat' dir='ltr'>deplorare</span> <span class='ocrx_word' id='word_1_156' title='bbox 532 2320 598 2364; x_wconf 93' lang='lat' dir='ltr'>non</span> <span class='ocrx_word' id='word_1_157' title='bbox 615 2319 805 2382; x_wconf 89' lang='lat' dir='ltr'>possumus,</span> <span class='ocrx_word' id='word_1_158' title='bbox 821 2319 922 2381; x_wconf 90' lang='lat' dir='ltr'>quarn</span> <span class='ocrx_word' id='word_1_159' title='bbox 940 2297 1040 2361; x_wconf 90' lang='lat' dir='ltr'>latius</span> <span class='ocrx_word' id='word_1_160' title='bbox 1056 2300 1089 2360; x_wconf 89' lang='lat' dir='ltr'>in</span> <span class='ocrx_word' id='word_1_161' title='bbox 1114 2299 1185 2361; x_wconf 90' lang='lat' dir='ltr'>dies</span> <span class='ocrx_word' id='word_1_162' title='bbox 1210 2283 1362 2410; x_wconf 51' lang='lat' dir='ltr'>{5122de</span> 
     </span>
     <span class='ocr_line' id='line_1_20' title="bbox 93 2402 1313 2487; baseline -0.001 -23"><span class='ocrx_word' id='word_1_163' title='bbox 93 2404 259 2485; x_wconf 89' lang='lat' dir='ltr'>acriusque</span> <span class='ocrx_word' id='word_1_164' title='bbox 286 2405 369 2467; x_wconf 91' lang='lat' dir='ltr'>haec</span> <span class='ocrx_word' id='word_1_165' title='bbox 386 2406 599 2487; x_wconf 86' lang='lat' dir='ltr'>oppugnatio</span> <span class='ocrx_word' id='word_1_166' title='bbox 614 2413 758 2485; x_wconf 84' lang='lat' dir='ltr'>geratur.</span> <span class='ocrx_word' id='word_1_167' title='bbox 775 2402 910 2468; x_wconf 92' lang='lat' dir='ltr'>Geritur</span> <span class='ocrx_word' id='word_1_168' title='bbox 926 2404 960 2466; x_wconf 90' lang='lat' dir='ltr'>in</span> <span class='ocrx_word' id='word_1_169' title='bbox 978 2402 1128 2465; x_wconf 89' lang='lat' dir='ltr'>eruditos</span> <span class='ocrx_word' id='word_1_170' title='bbox 1151 2411 1185 2464; x_wconf 92' lang='lat' dir='ltr'>et</span> <span class='ocrx_word' id='word_1_171' title='bbox 1204 2414 1313 2477; x_wconf 75' lang='lat' dir='ltr'>jurares.</span> 
     </span>
    </p>
   </div>
   <div class='ocr_carea' id='block_1_10' title="bbox 91 2480 1373 2591">
    <p class='ocr_par' dir='ltr' id='par_1_11' title="bbox 91 2480 1373 2591">
     <span class='ocr_line' id='line_1_21' title="bbox 91 2480 1373 2591; baseline -0.005 -21"><span class='ocrx_word' id='word_1_172' title='bbox 91 2527 200 2585; x_wconf 84' lang='lat' dir='ltr'>graves</span> <span class='ocrx_word' id='word_1_173' title='bbox 217 2508 378 2585; x_wconf 88' lang='lat' dir='ltr'>homines,</span> <span class='ocrx_word' id='word_1_174' title='bbox 394 2528 599 2591; x_wconf 88' lang='lat' dir='ltr'>quamquam</span> <span class='ocrx_word' id='word_1_175' title='bbox 617 2509 663 2570; x_wconf 89' lang='lat' dir='ltr'>illi</span> <span class='ocrx_word' id='word_1_176' title='bbox 682 2527 748 2571; x_wconf 94' lang='lat' dir='ltr'>non</span> <span class='ocrx_word' id='word_1_177' title='bbox 766 2509 814 2571; x_wconf 92' lang='lat' dir='ltr'>ita</span> <span class='ocrx_word' id='word_1_178' title='bbox 829 2507 1010 2572; x_wconf 85' lang='lat' dir='ltr'>difficulter</span> <span class='ocrx_word' id='word_1_179' title='bbox 1026 2506 1089 2569; x_wconf 90' lang='lat' dir='ltr'>sibi</span> <span class='ocrx_word' id='word_1_180' title='bbox 1107 2526 1183 2587; x_wconf 89' lang='lat' dir='ltr'>pos·</span> <span class='ocrx_word' id='word_1_181' title='bbox 1260 2480 1373 2555; x_wconf 32' lang='lat'>‘&#39;¹3⁴⁸&#39;&#39;</span> 
     </span>
    </p>
   </div>
   <div class='ocr_carea' id='block_1_11' title="bbox 91 2610 1350 2793">
    <p class='ocr_par' dir='ltr' id='par_1_12' title="bbox 91 2610 1350 2793">
     <span class='ocr_line' id='line_1_22' title="bbox 91 2610 1350 2724; baseline -0.001 -52"><span class='ocrx_word' id='word_1_182' title='bbox 91 2621 162 2673; x_wconf 91' lang='lat' dir='ltr'>sunt</span> <span class='ocrx_word' id='word_1_183' title='bbox 185 2632 300 2676; x_wconf 86' lang='lat' dir='ltr'>cavere</span> <span class='ocrx_word' id='word_1_184' title='bbox 316 2634 324 2692; x_wconf 88' lang='lat'>;</span> <span class='ocrx_word' id='word_1_185' title='bbox 338 2624 373 2675; x_wconf 90' lang='lat' dir='ltr'>at</span> <span class='ocrx_word' id='word_1_186' title='bbox 396 2614 546 2676; x_wconf 89' lang='lat' dir='ltr'>maxime</span> <span class='ocrx_word' id='word_1_187' title='bbox 571 2622 688 2675; x_wconf 92' lang='lat' dir='ltr'>contra</span> <span class='ocrx_word' id='word_1_188' title='bbox 714 2614 926 2676; x_wconf 91' lang='lat' dir='ltr'>indoctorum</span> <span class='ocrx_word' id='word_1_189' title='bbox 956 2610 1076 2692; x_wconf 90' lang='lat' dir='ltr'>vulgus</span> <span class='ocrx_word' id='word_1_190' title='bbox 1092 2611 1184 2674; x_wconf 94' lang='lat' dir='ltr'>omni</span> <span class='ocrx_word' id='word_1_191' title='bbox 1212 2610 1350 2724; x_wconf 52' lang='lat' dir='ltr'>sicma</span> 
     </span>
     <span class='ocr_line' id='line_1_23' title="bbox 94 2684 1338 2793; baseline 0 -16"><span class='ocrx_word' id='word_1_192' title='bbox 94 2718 225 2780; x_wconf 91' lang='lat' dir='ltr'>consilio</span> <span class='ocrx_word' id='word_1_193' title='bbox 240 2728 273 2780; x_wconf 90' lang='lat' dir='ltr'>et</span> <span class='ocrx_word' id='word_1_194' title='bbox 290 2728 361 2780; x_wconf 89' lang='lat' dir='ltr'>arte</span> <span class='ocrx_word' id='word_1_195' title='bbox 384 2716 504 2779; x_wconf 81' lang='lat' dir='ltr'>infensi</span> <span class='ocrx_word' id='word_1_196' title='bbox 521 2716 636 2781; x_wconf 90' lang='lat' dir='ltr'>hostes</span> <span class='ocrx_word' id='word_1_197' title='bbox 653 2717 813 2780; x_wconf 91' lang='lat' dir='ltr'>nituntur.</span> <span class='ocrx_word' id='word_1_198' title='bbox 833 2716 953 2792; x_wconf 90' lang='lat' dir='ltr'>Libris,</span> <span class='ocrx_word' id='word_1_199' title='bbox 969 2714 1101 2793; x_wconf 90' lang='lat' dir='ltr'>libellis,</span> <span class='ocrx_word' id='word_1_200' title='bbox 1115 2717 1186 2778; x_wconf 91' lang='lat' dir='ltr'>dia·</span> <span class='ocrx_word' id='word_1_201' title='bbox 1212 2684 1276 2789; x_wconf 60' lang='lat' dir='ltr'>diros</span> <span class='ocrx_word' id='word_1_202' title='bbox 1297 2742 1338 2790; x_wconf 76' lang='lat' dir='ltr'>ko-</span> 
     </span>
    </p>
   </div>
   <div class='ocr_carea' id='block_1_12' title="bbox 93 2820 1419 2935">
    <p class='ocr_par' dir='ltr' id='par_1_13' title="bbox 93 2820 1419 2935">
     <span class='ocr_line' id='line_1_24' title="bbox 93 2820 1419 2935; baseline 0.005 -56"><span class='ocrx_word' id='word_1_203' title='bbox 93 2820 145 2881; x_wconf 91' lang='lat' dir='ltr'>riis</span> <span class='ocrx_word' id='word_1_204' title='bbox 161 2820 294 2884; x_wconf 89' lang='lat' dir='ltr'>exitiale</span> <span class='ocrx_word' id='word_1_205' title='bbox 306 2822 396 2883; x_wconf 90' lang='lat' dir='ltr'>virus</span> <span class='ocrx_word' id='word_1_206' title='bbox 412 2820 593 2884; x_wconf 83' lang='lat' dir='ltr'>infundunt</span> <span class='ocrx_word' id='word_1_207' title='bbox 609 2842 617 2897; x_wconf 91' lang='lat'>;</span> <span class='ocrx_word' id='word_1_208' title='bbox 632 2820 665 2883; x_wconf 89' lang='lat' dir='ltr'>id</span> <span class='ocrx_word' id='word_1_209' title='bbox 678 2820 905 2897; x_wconf 90' lang='lat' dir='ltr'>concionibus,</span> <span class='ocrx_word' id='word_1_210' title='bbox 926 2820 959 2882; x_wconf 95' lang='lat' dir='ltr'>id</span> <span class='ocrx_word' id='word_1_211' title='bbox 974 2820 1186 2883; x_wconf 91' lang='lat' dir='ltr'>sermonibus</span> <span class='ocrx_word' id='word_1_212' title='bbox 1213 2821 1333 2935; x_wconf 42' lang='lat' dir='ltr'>mg·</span> <span class='ocrx_word' id='word_1_213' title='bbox 1417 2871 1419 2886; x_wconf 87' lang='grc'><strong>.</strong></span> 
     </span>
    </p>
   </div>
   <div class='ocr_carea' id='block_1_13' title="bbox 94 2922 1348 3117">
    <p class='ocr_par' dir='ltr' id='par_1_14' title="bbox 94 2922 1348 3117">
     <span class='ocr_line' id='line_1_25' title="bbox 94 2922 1299 3013; baseline 0.002 -31"><span class='ocrx_word' id='word_1_214' title='bbox 94 2922 255 2987; x_wconf 89' lang='lat' dir='ltr'>insinuant</span> <span class='ocrx_word' id='word_1_215' title='bbox 270 2946 278 3002; x_wconf 89' lang='lat'>;</span> <span class='ocrx_word' id='word_1_216' title='bbox 294 2925 408 2988; x_wconf 89' lang='lat' dir='ltr'>omnia</span> <span class='ocrx_word' id='word_1_217' title='bbox 425 2926 491 2986; x_wconf 87' lang='lat' dir='ltr'>iam</span> <span class='ocrx_word' id='word_1_218' title='bbox 508 2944 692 3005; x_wconf 88' lang='lat' dir='ltr'>pervasere,</span> <span class='ocrx_word' id='word_1_219' title='bbox 709 2934 743 2987; x_wconf 93' lang='lat' dir='ltr'>et</span> <span class='ocrx_word' id='word_1_220' title='bbox 769 2924 892 2987; x_wconf 91' lang='lat' dir='ltr'>multas</span> <span class='ocrx_word' id='word_1_221' title='bbox 908 2932 1036 3000; x_wconf 90' lang='lat' dir='ltr'>tenent,</span> <span class='ocrx_word' id='word_1_222' title='bbox 1057 2924 1185 2987; x_wconf 90' lang='lat' dir='ltr'>abstra-</span> <span class='ocrx_word' id='word_1_223' title='bbox 1215 2938 1299 3013; x_wconf 61' lang='lat' dir='ltr'>coctos,</span> 
     </span>
     <span class='ocr_line' id='line_1_26' title="bbox 94 3004 1348 3117; baseline -0.001 -29"><span class='ocrx_word' id='word_1_224' title='bbox 94 3036 159 3089; x_wconf 89' lang='lat' dir='ltr'>ctas</span> <span class='ocrx_word' id='word_1_225' title='bbox 169 3030 209 3091; x_wconf 91' lang='lat' dir='ltr'>ab</span> <span class='ocrx_word' id='word_1_226' title='bbox 224 3028 394 3091; x_wconf 87' lang='lat' dir='ltr'>Ecclesiae</span> <span class='ocrx_word' id='word_1_227' title='bbox 407 3029 522 3105; x_wconf 87' lang='lat' dir='ltr'>tutela,</span> <span class='ocrx_word' id='word_1_228' title='bbox 534 3027 800 3091; x_wconf 88' lang='lat' dir='ltr'>adolescentium</span> <span class='ocrx_word' id='word_1_229' title='bbox 811 3026 954 3106; x_wconf 88' lang='lat' dir='ltr'>scholas,</span> <span class='ocrx_word' id='word_1_230' title='bbox 966 3029 1022 3091; x_wconf 88' lang='lat' dir='ltr'>ubi</span> <span class='ocrx_word' id='word_1_231' title='bbox 1037 3027 1189 3091; x_wconf 88' lang='lat' dir='ltr'>credulas</span> <span class='ocrx_word' id='word_1_232' title='bbox 1215 3004 1348 3117; x_wconf 44' lang='lat' dir='ltr'>{Jmffffsss&#39;</span> 
     </span>
    </p>
   </div>
   <div class='ocr_carea' id='block_1_14' title="bbox 96 3128 1367 3327">
    <p class='ocr_par' dir='ltr' id='par_1_15' title="bbox 96 3128 1367 3327">
     <span class='ocr_line' id='line_1_27' title="bbox 96 3128 1356 3246; baseline 0.002 -57"><span class='ocrx_word' id='word_1_233' title='bbox 96 3130 267 3213; x_wconf 87' lang='lat' dir='ltr'>mollesque</span> <span class='ocrx_word' id='word_1_234' title='bbox 285 3140 414 3193; x_wconf 90' lang='lat' dir='ltr'>mentes</span> <span class='ocrx_word' id='word_1_235' title='bbox 430 3130 473 3193; x_wconf 92' lang='lat' dir='ltr'>ad</span> <span class='ocrx_word' id='word_1_236' title='bbox 501 3130 789 3211; x_wconf 90' lang='lat' dir='ltr'>contemptionem</span> <span class='ocrx_word' id='word_1_237' title='bbox 809 3129 1014 3210; x_wconf 87' lang='lat' dir='ltr'>Scripturae,</span> <span class='ocrx_word' id='word_1_238' title='bbox 1031 3149 1088 3211; x_wconf 88' lang='lat' dir='ltr'>per</span> <span class='ocrx_word' id='word_1_239' title='bbox 1104 3128 1189 3190; x_wconf 91' lang='lat' dir='ltr'>ludi·</span> <span class='ocrx_word' id='word_1_240' title='bbox 1214 3132 1326 3246; x_wconf 36' lang='lat' dir='ltr'>schola&amp;</span> <span class='ocrx_word' id='word_1_241' title='bbox 1350 3199 1356 3209; x_wconf 36' lang='lat'>¹</span> 
     </span>
     <span class='ocr_line' id='line_1_28' title="bbox 96 3214 1367 3327; baseline 0.006 -34"><span class='ocrx_word' id='word_1_242' title='bbox 96 3231 194 3295; x_wconf 91' lang='lat' dir='ltr'>brium</span> <span class='ocrx_word' id='word_1_243' title='bbox 211 3236 311 3298; x_wconf 90' lang='lat' dir='ltr'>etiam</span> <span class='ocrx_word' id='word_1_244' title='bbox 340 3244 373 3297; x_wconf 91' lang='lat' dir='ltr'>et</span> <span class='ocrx_word' id='word_1_245' title='bbox 398 3233 551 3295; x_wconf 87' lang='lat' dir='ltr'>scurriles</span> <span class='ocrx_word' id='word_1_246' title='bbox 576 3234 677 3311; x_wconf 91' lang='lat' dir='ltr'>iocos,</span> <span class='ocrx_word' id='word_1_247' title='bbox 694 3232 881 3314; x_wconf 88' lang='lat' dir='ltr'>depravant</span> <span class='ocrx_word' id='word_1_248' title='bbox 910 3232 1042 3294; x_wconf 88' lang='lat' dir='ltr'>misere.</span> <span class='ocrx_word' id='word_1_249' title='bbox 1059 3269 1103 3279; x_wconf 90' lang='lat'>-</span> <span class='ocrx_word' id='word_1_250' title='bbox 1120 3230 1189 3292; x_wconf 90' lang='lat' dir='ltr'>Ista</span> <span class='ocrx_word' id='word_1_251' title='bbox 1208 3214 1367 3327; x_wconf 52' lang='lat' dir='ltr'>famili</span> 
     </span>
    </p>
   </div>
   <div class='ocr_carea' id='block_1_15' title="bbox 94 3330 1345 3457">
    <p class='ocr_par' dir='ltr' id='par_1_16' title="bbox 94 3330 1345 3457">
     <span class='ocr_line' id='line_1_29' title="bbox 94 3330 1345 3457; baseline 0.001 -62"><span class='ocrx_word' id='word_1_252' title='bbox 94 3350 173 3412; x_wconf 91' lang='lat' dir='ltr'>sunt,</span> <span class='ocrx_word' id='word_1_253' title='bbox 184 3336 402 3401; x_wconf 88' lang='lat' dir='ltr'>Venerabiles</span> <span class='ocrx_word' id='word_1_254' title='bbox 416 3338 559 3415; x_wconf 89' lang='lat' dir='ltr'>Fratres,</span> <span class='ocrx_word' id='word_1_255' title='bbox 568 3358 655 3420; x_wconf 86' lang='lat' dir='ltr'>quae</span> <span class='ocrx_word' id='word_1_256' title='bbox 666 3356 845 3402; x_wconf 91' lang='lat' dir='ltr'>commune</span> <span class='ocrx_word' id='word_1_257' title='bbox 858 3336 1027 3419; x_wconf 89' lang='lat' dir='ltr'>pastorale</span> <span class='ocrx_word' id='word_1_258' title='bbox 1041 3334 1188 3397; x_wconf 93' lang='lat' dir='ltr'>studium</span> <span class='ocrx_word' id='word_1_259' title='bbox 1215 3330 1345 3457; x_wconf 46' lang='grc' dir='ltr'>Ξξὲἱῇἶ</span> 
     </span>
    </p>
   </div>
   <div class='ocr_carea' id='block_1_16' title="bbox 95 3439 1344 3521">
    <p class='ocr_par' dir='ltr' id='par_1_17' title="bbox 95 3439 1344 3521">
     <span class='ocr_line' id='line_1_30' title="bbox 95 3439 1344 3521; baseline -0.001 -20"><span class='ocrx_word' id='word_1_260' title='bbox 95 3451 311 3519; x_wconf 89' lang='lat' dir='ltr'>permoveant,</span> <span class='ocrx_word' id='word_1_261' title='bbox 337 3442 541 3520; x_wconf 90' lang='lat' dir='ltr'>incendant;</span> <span class='ocrx_word' id='word_1_262' title='bbox 570 3442 617 3505; x_wconf 90' lang='lat' dir='ltr'>ita</span> <span class='ocrx_word' id='word_1_263' title='bbox 649 3450 685 3505; x_wconf 90' lang='lat' dir='ltr'>ut</span> <span class='ocrx_word' id='word_1_264' title='bbox 710 3442 787 3503; x_wconf 89' lang='lat' dir='ltr'>huic</span> <span class='ocrx_word' id='word_1_265' title='bbox 812 3461 920 3504; x_wconf 92' lang='lat' dir='ltr'>novae</span> <span class='ocrx_word' id='word_1_266' title='bbox 935 3439 1029 3521; x_wconf 84' lang='lat' dir='ltr'>falsi</span> <span class='ocrx_word' id='word_1_267' title='bbox 1048 3459 1191 3502; x_wconf 83' lang='lat' dir='ltr'>nomrms</span> <span class='ocrx_word' id='word_1_268' title='bbox 1216 3461 1344 3508; x_wconf 52' lang='lat' dir='ltr'>„endam</span> 
     </span>
    </p>
   </div>
   <div class='ocr_carea' id='block_1_17' title="bbox 96 3527 1365 3655">
    <p class='ocr_par' dir='ltr' id='par_1_18' title="bbox 96 3527 1365 3655">
     <span class='ocr_line' id='line_1_31' title="bbox 96 3527 1365 3655; baseline 0.004 -51"><span class='ocrx_word' id='word_1_269' title='bbox 96 3543 238 3609; x_wconf 68' lang='lat' dir='ltr'>scientiae</span> <span class='ocrx_word' id='word_1_270' title='bbox 252 3546 296 3628; x_wconf 86' lang='lat'>(¹)</span> <span class='ocrx_word' id='word_1_271' title='bbox 312 3547 451 3629; x_wconf 89' lang='lat' dir='ltr'>antiqua</span> <span class='ocrx_word' id='word_1_272' title='bbox 467 3546 524 3609; x_wconf 89' lang='lat' dir='ltr'>illa</span> <span class='ocrx_word' id='word_1_273' title='bbox 540 3556 573 3611; x_wconf 95' lang='lat' dir='ltr'>et</span> <span class='ocrx_word' id='word_1_274' title='bbox 589 3566 666 3608; x_wconf 90' lang='lat' dir='ltr'>vera</span> <span class='ocrx_word' id='word_1_275' title='bbox 682 3555 884 3628; x_wconf 85' lang='lat' dir='ltr'>opponatur,</span> <span class='ocrx_word' id='word_1_276' title='bbox 900 3564 1001 3627; x_wconf 90' lang='lat' dir='ltr'>quam</span> <span class='ocrx_word' id='word_1_277' title='bbox 1019 3565 1039 3607; x_wconf 92' lang='lat' dir='ltr'>a</span> <span class='ocrx_word' id='word_1_278' title='bbox 1055 3544 1189 3608; x_wconf 87' lang='lat' dir='ltr'>Christo</span> <span class='ocrx_word' id='word_1_279' title='bbox 1215 3527 1365 3655; x_wconf 46' lang='grc' dir='ltr'>ἵν’ξᾳὲίᾝ</span> 
     </span>
    </p>
   </div>
   <div class='ocr_carea' id='block_1_18' title="bbox 96 3647 1325 3834">
    <p class='ocr_par' dir='ltr' id='par_1_19' title="bbox 96 3647 1325 3834">
     <span class='ocr_line' id='line_1_32' title="bbox 96 3647 1303 3733; baseline -0.009 -20"><span class='ocrx_word' id='word_1_280' title='bbox 96 3664 150 3724; x_wconf 79' lang='lat' dir='ltr'>per</span> <span class='ocrx_word' id='word_1_281' title='bbox 163 3648 348 3730; x_wconf 87' lang='lat' dir='ltr'>Apostolos</span> <span class='ocrx_word' id='word_1_282' title='bbox 365 3650 494 3731; x_wconf 91' lang='lat' dir='ltr'>accepit</span> <span class='ocrx_word' id='word_1_283' title='bbox 512 3648 673 3724; x_wconf 88' lang='lat' dir='ltr'>Ecclesia,</span> <span class='ocrx_word' id='word_1_284' title='bbox 695 3660 798 3730; x_wconf 88' lang='lat' dir='ltr'>atque</span> <span class='ocrx_word' id='word_1_285' title='bbox 814 3649 847 3709; x_wconf 93' lang='lat' dir='ltr'>in</span> <span class='ocrx_word' id='word_1_286' title='bbox 865 3647 1083 3710; x_wconf 90' lang='lat' dir='ltr'>dimicatione</span> <span class='ocrx_word' id='word_1_287' title='bbox 1094 3657 1189 3709; x_wconf 91' lang='lat' dir='ltr'>tanta</span> <span class='ocrx_word' id='word_1_288' title='bbox 1215 3663 1303 3733; x_wconf 27' lang='lat' dir='ltr'>ruf-ae,</span> 
     </span>
     <span class='ocr_line' id='line_1_33' title="bbox 97 3729 1325 3834; baseline -0.011 -23"><span class='ocrx_word' id='word_1_289' title='bbox 97 3747 198 3813; x_wconf 87' lang='lat' dir='ltr'>idonei</span> <span class='ocrx_word' id='word_1_290' title='bbox 215 3750 407 3816; x_wconf 87' lang='lat' dir='ltr'>defensores</span> <span class='ocrx_word' id='word_1_291' title='bbox 424 3751 618 3834; x_wconf 88' lang='lat' dir='ltr'>Scripturae</span> <span class='ocrx_word' id='word_1_292' title='bbox 634 3772 750 3815; x_wconf 88' lang='lat' dir='ltr'>sacrae</span> <span class='ocrx_word' id='word_1_293' title='bbox 769 3758 948 3832; x_wconf 89' lang='lat' dir='ltr'>exurgant.</span> <span class='ocrx_word' id='word_1_294' title='bbox 1213 3729 1325 3772; x_wconf 58' lang='lat' dir='ltr'><strong><em>mmm·</em></strong></span> 
     </span>
    </p>
   </div>
   <div class='ocr_carea' id='block_1_19' title="bbox 137 3839 1365 3952">
    <p class='ocr_par' dir='ltr' id='par_1_20' title="bbox 137 3839 1365 3952">
     <span class='ocr_line' id='line_1_34' title="bbox 137 3839 1365 3952; baseline -0.007 -36"><span class='ocrx_word' id='word_1_295' title='bbox 137 3852 249 3938; x_wconf 90' lang='lat' dir='ltr'>Itaque</span> <span class='ocrx_word' id='word_1_296' title='bbox 276 3876 316 3919; x_wconf 94' lang='lat' dir='ltr'>ea</span> <span class='ocrx_word' id='word_1_297' title='bbox 342 3857 449 3937; x_wconf 90' lang='lat' dir='ltr'>prima</span> <span class='ocrx_word' id='word_1_298' title='bbox 474 3858 517 3920; x_wconf 90' lang='lat' dir='ltr'>sit</span> <span class='ocrx_word' id='word_1_299' title='bbox 547 3877 635 3935; x_wconf 89' lang='lat' dir='ltr'>cura,</span> <span class='ocrx_word' id='word_1_300' title='bbox 658 3867 695 3919; x_wconf 92' lang='lat' dir='ltr'>ut</span> <span class='ocrx_word' id='word_1_301' title='bbox 727 3857 759 3918; x_wconf 91' lang='lat' dir='ltr'>in</span> <span class='ocrx_word' id='word_1_302' title='bbox 788 3857 889 3919; x_wconf 89' lang='lat' dir='ltr'>sacris</span> <span class='ocrx_word' id='word_1_303' title='bbox 917 3854 1113 3921; x_wconf 89' lang='lat' dir='ltr'>Seminariis</span> <span class='ocrx_word' id='word_1_304' title='bbox 1136 3854 1189 3916; x_wconf 91' lang='lat' dir='ltr'>vei</span> <span class='ocrx_word' id='word_1_305' title='bbox 1214 3839 1365 3952; x_wconf 45' lang='lat' dir='ltr'>nassf‘e&#39;fn·</span> 
     </span>
    </p>
   </div>
   <div class='ocr_carea' id='block_1_20' title="bbox 97 3955 1358 4042">
    <p class='ocr_par' dir='ltr' id='par_1_21' title="bbox 97 3955 1358 4042">
     <span class='ocr_line' id='line_1_35' title="bbox 97 3955 1358 4042; baseline -0.001 -24"><span class='ocrx_word' id='word_1_306' title='bbox 97 3955 279 4025; x_wconf 85' lang='lat' dir='ltr'>Academiis</span> <span class='ocrx_word' id='word_1_307' title='bbox 296 3963 341 4025; x_wconf 90' lang='lat' dir='ltr'>sic</span> <span class='ocrx_word' id='word_1_308' title='bbox 357 3963 496 4026; x_wconf 90' lang='lat' dir='ltr'>omnino</span> <span class='ocrx_word' id='word_1_309' title='bbox 513 3963 689 4025; x_wconf 86' lang='lat' dir='ltr'>tradantur</span> <span class='ocrx_word' id='word_1_310' title='bbox 705 3960 842 4025; x_wconf 90' lang='lat' dir='ltr'>divinae</span> <span class='ocrx_word' id='word_1_311' title='bbox 861 3961 1018 4037; x_wconf 88' lang='lat' dir='ltr'>Litterae,</span> <span class='ocrx_word' id='word_1_312' title='bbox 1029 3960 1189 4042; x_wconf 88' lang='lat' dir='ltr'>quemad·</span> <span class='ocrx_word' id='word_1_313' title='bbox 1215 3970 1358 4018; x_wconf 65' lang='lat' dir='ltr'>Academias</span> 
     </span>
    </p>
   </div>
   <div class='ocr_carea' id='block_1_21' title="bbox 96 4050 1365 4149">
    <p class='ocr_par' dir='ltr' id='par_1_22' title="bbox 96 4050 1365 4149">
     <span class='ocr_line' id='line_1_36' title="bbox 96 4050 1365 4149; baseline 0.006 -28"><span class='ocrx_word' id='word_1_314' title='bbox 96 4066 221 4127; x_wconf 90' lang='lat' dir='ltr'>modurn</span> <span class='ocrx_word' id='word_1_315' title='bbox 237 4077 270 4128; x_wconf 91' lang='lat' dir='ltr'>et</span> <span class='ocrx_word' id='word_1_316' title='bbox 287 4066 392 4147; x_wconf 89' lang='lat' dir='ltr'>ipsius</span> <span class='ocrx_word' id='word_1_317' title='bbox 408 4068 556 4147; x_wconf 85' lang='lat' dir='ltr'>gravitas</span> <span class='ocrx_word' id='word_1_318' title='bbox 576 4064 774 4145; x_wconf 89' lang='lat' dir='ltr'>disciplinae</span> <span class='ocrx_word' id='word_1_319' title='bbox 790 4076 825 4127; x_wconf 89' lang='lat' dir='ltr'>et</span> <span class='ocrx_word' id='word_1_320' title='bbox 842 4076 1032 4146; x_wconf 90' lang='lat' dir='ltr'>temporum</span> <span class='ocrx_word' id='word_1_321' title='bbox 1049 4063 1189 4126; x_wconf 91' lang='lat' dir='ltr'>necessi·</span> <span class='ocrx_word' id='word_1_322' title='bbox 1214 4050 1365 4149; x_wconf 51' lang='lat' dir='ltr'>{zm-,2¹2</span> 
     </span>
    </p>
   </div>
   <div class='ocr_carea' id='block_1_22' title="bbox 95 4172 1364 4290">
    <p class='ocr_par' dir='ltr' id='par_1_23' title="bbox 95 4168 1364 4290">
     <span class='ocr_line' id='line_1_37' title="bbox 95 4172 1364 4290; baseline -0.013 -66"><span class='ocrx_word' id='word_1_323' title='bbox 95 4181 141 4235; x_wconf 81' lang='lat' dir='ltr'>tas</span> <span class='ocrx_word' id='word_1_324' title='bbox 155 4176 344 4240; x_wconf 81' lang='lat' dir='ltr'>admonent.</span> <span class='ocrx_word' id='word_1_325' title='bbox 361 4176 464 4241; x_wconf 89' lang='lat' dir='ltr'>Cuius</span> <span class='ocrx_word' id='word_1_326' title='bbox 490 4177 536 4238; x_wconf 94' lang='lat' dir='ltr'>rei</span> <span class='ocrx_word' id='word_1_327' title='bbox 563 4178 692 4252; x_wconf 72' lang='lat' dir='ltr'>caussa,</span> <span class='ocrx_word' id='word_1_328' title='bbox 709 4174 791 4237; x_wconf 93' lang='lat' dir='ltr'>nihil</span> <span class='ocrx_word' id='word_1_329' title='bbox 819 4174 972 4257; x_wconf 87' lang='lat' dir='ltr'>proiecto</span> <span class='ocrx_word' id='word_1_330' title='bbox 994 4172 1096 4236; x_wconf 85' lang='lat' dir='ltr'>debet</span> <span class='ocrx_word' id='word_1_331' title='bbox 1117 4192 1190 4290; x_wconf 74' lang='lat' dir='ltr'>esse</span> <span class='ocrx_word' id='word_1_332' title='bbox 1214 4168 1303 4282; x_wconf 46' lang='lat' dir='ltr'>ZZZ:</span> <span class='ocrx_word' id='word_1_333' title='bbox 1312 4173 1364 4282; x_wconf 42' lang='lat' dir='ltr'>qia.</span> 
     </span>
    </p>
   </div>
   <div class='ocr_carea' id='block_1_23' title="bbox 89 4276 1187 4361">
    <p class='ocr_par' dir='ltr' id='par_1_24' title="bbox 89 4276 1187 4361">
     <span class='ocr_line' id='line_1_38' title="bbox 89 4276 1187 4361; baseline -0.004 -20"><span class='ocrx_word' id='word_1_334' title='bbox 89 4278 252 4360; x_wconf 85' lang='lat' dir='ltr'>antiquius</span> <span class='ocrx_word' id='word_1_335' title='bbox 279 4280 515 4361; x_wconf 87' lang='lat' dir='ltr'>magistrorum</span> <span class='ocrx_word' id='word_1_336' title='bbox 544 4278 730 4344; x_wconf 89' lang='lat' dir='ltr'>delectione</span> <span class='ocrx_word' id='word_1_337' title='bbox 758 4278 937 4359; x_wconf 91' lang='lat' dir='ltr'>prudenti:</span> <span class='ocrx_word' id='word_1_338' title='bbox 952 4278 995 4339; x_wconf 92' lang='lat' dir='ltr'>ad</span> <span class='ocrx_word' id='word_1_339' title='bbox 1012 4276 1076 4339; x_wconf 92' lang='lat' dir='ltr'>hoc</span> <span class='ocrx_word' id='word_1_340' title='bbox 1099 4295 1187 4338; x_wconf 90' lang='lat' dir='ltr'>emm</span> 
     </span>
    </p>
   </div>
   <div class='ocr_carea' id='block_1_24' title="bbox 127 4397 336 4451">
    <p class='ocr_par' dir='ltr' id='par_1_25' title="bbox 127 4397 336 4451">
     <span class='ocr_line' id='line_1_39' title="bbox 127 4397 336 4451; baseline 0.029 -14"><span class='ocrx_word' id='word_1_341' title='bbox 127 4397 165 4439; x_wconf 79' lang='lat' dir='ltr'>nl</span> <span class='ocrx_word' id='word_1_342' title='bbox 176 4398 286 4451; x_wconf 81' lang='lat' dir='ltr'>Tim.‚vr,</span> <span class='ocrx_word' id='word_1_343' title='bbox 299 4412 336 4443; x_wconf 78' lang='lat' dir='ltr'>ao.</span> 
     </span>
    </p>
   </div>
   <div class='ocr_carea' id='block_1_25' title="bbox 144 4512 364 4559">
    <p class='ocr_par' dir='ltr' id='par_1_26' title="bbox 144 4512 364 4559">
     <span class='ocr_line' id='line_1_40' title="bbox 144 4512 364 4559; baseline 0.009 -4"><span class='ocrx_word' id='word_1_344' title='bbox 144 4512 194 4556; x_wconf 74' lang='lat' dir='ltr'>Acta</span> <span class='ocrx_word' id='word_1_345' title='bbox 206 4514 283 4559; x_wconf 79' lang='lat' dir='ltr'>Leoms</span> <span class='ocrx_word' id='word_1_346' title='bbox 295 4516 364 4558; x_wconf 81' lang='lat' dir='ltr'>xiil.</span> 
     </span>
    </p>
   </div>
   <div class='ocr_carea' id='block_1_26' title="bbox 0 0 1575 4859">
    <p class='ocr_par' dir='ltr' id='par_1_27' title="bbox 0 0 1575 4859">
     <span class='ocr_line' id='line_1_41' title="bbox 0 0 1575 4859; baseline 0 0"><span class='ocrx_word' id='word_1_347' title='bbox 0 0 1575 4859; x_wconf 95' lang='lat' dir='ltr'> </span> 
     </span>
    </p>
   </div>
  </div>
 </body>
</html>
