3117 4859
67 396 126 447 DE
145 391 318 444 CLERlCIS
337 389 485 442 CIVILES
508 388 730 440 ACADEMIAS
750 388 1079 439 CELEBRANTIBUS.
1111 386 1183 459 319

65 537 288 621 praecipiant.
306 534 341 599 Si
358 537 497 599 domum
516 533 687 615 propriam
712 552 779 595 non
807 534 934 596 habent
962 532 994 594 in
1013 531 1081 595 ulla
1098 532 1182 597 Uni·
1241 556 1332 645 magu

66 641 240 707 versitatis
270 640 359 715 sede,
388 647 505 702 curent
534 638 675 701 omnino
700 650 736 701 ut
762 638 889 702 alumni
920 638 1123 721 recipiantur
1148 640 1182 703 in
1249 654 1323 718 1890.

66 747 172 813 aliam
189 747 329 809 domum
347 743 545 827 religiosam,
561 742 613 805 vel
631 743 663 806 in
682 741 907 808 Seminarium
919 742 1120 827 episcopale,
1129 744 1183 809 vel
1208 771 1340 816 ,mma

65 854 105 916 in
122 851 212 916 aliud
230 850 420 913 institutum
438 846 711 912 ecclesiasticum.
728 846 917 911 Deficiente
940 859 1108 913 conventu
1125 860 1183 913 aut
1208 830 1352 947 {mh

64 957 175 1020 domo
191 954 334 1036 propria,
351 971 534 1033 numquam
549 951 686 1014 mittant
697 951 739 1014 ad
752 949 1019 1017 Universitatem
1030 954 1183 1034 frequen·
1208 946 1347 1054 23?ng

63 1060 208 1123 tandam
226 1076 331 1121 unum
348 1064 480 1118 tantum
498 1055 599 1117 esuis
625 1055 779 1131 subditis,
802 1055 860 1119 sed
889 1057 975 1120 duos
1000 1058 1099 1120 simul
1125 1067 1184 1121 aut
1281 1042 1289 1060 ’

62 1163 191 1247 plures,
206 1168 244 1224 ut
269 1180 304 1223 se
320 1158 462 1222 invicem
480 1158 682 1235 custodiant,
698 1160 860 1222 adiuvent
876 1168 910 1223 et
936 1161 978 1223 ad
997 1160 1183 1226 officiorum

61 1286 150 1330 suae
165 1263 351 1327 vocationis
368 1262 623 1343 implementum
636 1263 798 1326 excitent.
813 1262 957 1327 lubeant
969 1263 1183 1347 Superiorem

61 1372 191 1435 domus
203 1366 380 1444 vicinioris,
391 1367 443 1430 vel
458 1366 560 1431 alium
575 1366 767 1449 religiosum
782 1368 892 1432 virum
904 1368 1034 1445 virtute,
1045 1371 1185 1436 scientia
1210 1438 1215 1448 ,

63 1495 110 1538 ac
126 1472 273 1537 sollertia
296 1472 497 1554 praeditum,
520 1472 675 1536 alumnos
701 1474 794 1554 ipsos
819 1472 1003 1537 identidem
1030 1474 1185 1566 visitare;

62 1578 128 1662 qui
144 1596 258 1641 eorum
275 1578 364 1641 vitae
379 1596 496 1657 genus,
512 1577 699 1642 studiorum
716 1576 949 1641 assiduitatem
966 1578 1130 1661 exploret,
1145 1599 1185 1643 ac

65 1681 212 1745 referat:
230 1691 266 1745 ut
293 1680 493 1763 opportunis
520 1680 667 1743 consiliis
693 1680 854 1762 Superior
879 1679 1062 1760 Generalis,
1085 1692 1184 1762 prout

66 1806 158 1867 opus
176 1784 283 1860 fuerit,
292 1784 468 1866 providere
480 1786 594 1865 possit.
607 1782 708 1849 Curet
719 1794 892 1866 praeterea
904 1785 1063 1868 Superior
1076 1786 1185 1851 Gene-

67 1888 151 1951 ralis
168 1896 206 1951 ut
228 1887 355 1950 alumni
381 1886 443 1949 sibi
469 1886 596 1949 litteras
622 1888 726 1966 dent3
750 1897 785 1951 et
810 1886 1001 1967 frequenter
1028 1886 1109 1968 ipsis
1136 1906 1183 1950 re·

68 1992 208 2068 scribat,
220 2000 257 2056 ut
273 2010 388 2055 eorum
405 1990 563 2053 unionem
581 2010 656 2055 cum
674 1990 814 2056 Ordinis
830 2011 887 2053 seu
904 1990 1185 2071 Congregationis

67 2096 184 2177 capite
201 2096 321 2173 foveat,
337 2116 462 2178 eosque
479 2097 626 2178 paternis
643 2096 918 2160 instructionibus
945 2115 985 2159 ac
1001 2095 1138 2159 monitis
1150 2094 1183 2159 in

69 2200 289 2265 obedientiae
304 2210 406 2283 atque
422 2201 655 2265 observantiae
671 2200 790 2282 spiritu
805 2209 989 2265 conservet.

118 2303 313 2375 x„ze10ac
330 2306 528 2387 prudentiae
545 2304 792 2388 Episcoporum
809 2313 842 2368 et
859 2304 1076 2384 Superiorum
1093 2324 1183 2369 com·
1220 2315 1361 2384 wuscu-

69 2408 216 2473 mittitur
238 2430 316 2473 cura
340 2432 413 2473 eam
439 2410 703 2475 Universitatem
729 2411 816 2476 inter
843 2410 954 2492 plures
981 2410 1135 2491 eligendi,
1150 2410 1183 2473 in
1205 2374 1362 2488 ξῖζῗαῖη

69 2532 141 2595 qua
158 2513 287 2578 minora
304 2514 564 2597 praevideantur
578 2514 735 2595 pericula,
751 2514 945 2596 faciliorque
962 2534 1007 2576 ex
1018 2513 1185 2577 adiunctis

71 2628 238 2699 appareat
253 2640 332 2684 usus
358 2618 584 2697 consiliorum,
600 2620 723 2703 quibus
749 2619 863 2702 quieti,
881 2619 1029 2683 moribus
1053 2628 1086 2682 et
1111 2639 1185 2701 pro·

72 2723 246 2803 gressibus
274 2724 485 2788 alumnorum
511 2735 725 2805 prospectum
754 2724 805 2788 sit.
834 2722 871 2789 Si
899 2723 984 2787 forte
1010 2724 1186 2806 contingat
1212 2746 1349 2817 ,iai-vna

73 2824 223 2907 aliquem
241 2827 461 2909 professorem
479 2827 604 2891 habere
613 2827 796 2910 aliquando
809 2826 968 2890 lectiones
979 2848 1024 2890 ex
1037 2826 1187 2908 professo
1212 2810 1334 2859 '‘mm‘'

73 2939 194 2993 contra
210 2930 403 3011 religionem
431 2932 483 2995 vel
511 2943 627 2996 contra
656 2952 774 3008 mores,
795 2940 910 2995 curent
939 2932 1129 3013 Episcopus
1154 2937 1187 2991 et

74 3030 237 3114 Superior
254 3033 427 3101 Generalis
442 3045 480 3100 ut
496 3036 622 3099 alumni
640 3034 690 3099 vel
714 3042 886 3099 transeant
914 3034 955 3097 ad
984 3033 1085 3097 aliam
1102 3032 1187 3097 Uni·
1213 3066 1330 3113 „lm

73 3137 281 3216 versitatem,
302 3138 354 3202 vel
380 3138 613 3203 huiuscemodi
640 3137 839 3202 lectionibus
867 3158 933 3201 non
960 3138 1071 3201 adsint
1088 3135 1188 3215 ;freti
1212 3125 1365 3236 fi‘jmg‘:

74 3240 235 3305 nimirum
259 3242 473 3325 dispositioni
496 3243 579 3326 legis
601 3262 688 3326 quae
711 3242 962 3323 inscriptionem
990 3242 1127 3323 quidem
1143 3242 1187 3306 ad

72 3362 208 3408 cursum
238 3344 477 3411 Universitatis
508 3348 654 3430 requirit,
681 3347 739 3411 sed
768 3347 811 3410 ad
837 3366 955 3409 omnes
981 3355 1015 3409 et
1038 3345 1188 3428 singulas

73 3448 236 3512 lectiones
252 3451 477 3515 assistentiam
496 3470 562 3515 non
575 3451 691 3534 exigit.
702 3450 870 3526 Ceterum,
881 3450 946 3513 hoc
958 3458 1090 3513 semoto
1099 3470 1189 3527 casu,

74 3551 206 3617 alumni
222 3553 436 3619 ecclesiastici
454 3555 655 3620 lectionibus
670 3554 850 3637 diligenter
865 3553 987 3632 adsint,
999 3564 1035 3619 ut
1052 3554 1189 3635 proprio

75 3659 111 3720 in
135 3657 282 3721 scientiis
305 3658 495 3739 progressui
519 3657 707 3736 consulant,
728 3657 966 3736 condiscipulis
992 3658 1186 3740 exemplum

76 3761 294 3838 assiduitatis,
306 3760 548 3844 professoribus
571 3782 652 3827 vero
674 3760 827 3843 obsequii
844 3761 1076 3824 testimonium
1094 3761 1188 3824 exbi-

76 3866 189 3929 beant.

123 3966 186 4033 ΧΙ.
204 3967 306 4052 Quod
323 3971 365 4033 ad
383 3970 485 4035 libros
502 3970 625 4035 attinet
651 3981 684 4036 et
709 3970 753 4036 ad
782 3970 963 4035 lectionum
979 3968 1190 4050 compendia¹
1226 3976 1366 4043 nonm-

77 4074 111 4136 in
140 4073 261 4154 quibus
288 4074 451 4139 nonnulla
477 4074 618 4138 fortasse
645 4081 822 4139 occurrant
849 4084 967 4139 contra
993 4072 1188 4156 religionem
1214 4032 1350 4147 mid*

78 4184 136 4241 aut
153 4196 271 4255 mores,
287 4187 346 4241 aut
368 4178 545 4243 veritatem
573 4179 818 4243 ecclesiasticae
842 4178 1009 4253 historiae,
1036 4187 1096 4243 aut
1120 4178 1190 4242 iura

79 4278 266 4344 catholicae
282 4282 455 4347 Ecclesiae
469 4283 520 4347 vel
540 4284 668 4348 romani
686 4282 868 4359 Pontificis,
883 4292 1050 4365 quatenus
1071 4280 1189 4345 talium

80 4381 241 4448 librorum
257 4386 309 4450 vel
325 4387 602 4470 compendiorum
630 4406 711 4451 usus
735 4386 835 4451 vitari
860 4394 1013 4469 nequeat,
1030 4385 1191 4470 Episcopi
