3117 4859
504 515 831 598 mnsam:
1428 499 1459 656 [j'

606 719 672 782 DE
700 723 1226 792 PuREGRmATlotuflus

359 912 377 997 ’ᾗ
508 907 573 968 nu
602 907 790 970 snucrr
817 910 942 972 coen
974 912 1323 980 retrusurus.

246 1235 293 1280 18'
545 1232 766 1288 OMANORUM
803 1223 1005 1290 Pontificum
1048 1227 1347 1292 Praedecessorum
1391 1226 1461 1291 No·

192 1294 326 1411 wis
358 1223 544 1606 {Ea}
563 1332 709 1390 strorum
726 1327 876 1409 vestigiis
897 1329 1100 1407 insistentes,
1113 1331 1173 1413 qui
1188 1331 1311 1414 iugiter
1327 1332 1401 1413 pias
1419 1332 1462 1394 ad

222 1463 335 1521 Peregre·
564 1437 682 1493 sancta
705 1429 917 1496 Palaestinae
942 1432 1016 1498 loca
1037 1433 1294 1500 christianorum
1321 1435 1464 1516 peregri-

474 1552 510 1600 os

183 1521 339 1628 '‘⁸¹⁰5ch
511 1527 723 1602 lunationes
768 1535 1049 1601 commendarunt
1097 1547 1198 1620 atque
1247 1536 1467 1619 indulgentiis

182 1641 339 1746 ¹¹⁰ss5ssss
363 1643 526 1718 foverunt,
541 1641 607 1704 iam
624 1639 703 1704 inde
718 1638 762 1702 ab
784 1659 875 1704 auno
898 1653 1157 1712 Muccctxxxn
1180 1643 1466 1724 peregrinationes

205 1759 277 1830 ,brari
288 1774 337 1804 sae·
363 1745 577 1828 expiatorias,
588 1764 667 1808 cura
677 1754 812 1826 patrum
825 1746 1151 1828 Augustinienorum
1164 1747 1210 1812 ab
1219 1745 1465 1830 Assumptione

180 1823 337 1924 {wlff
363 1850 598 1933 suscipiendas,
636 1861 669 1914 et
708 1849 835 1913 meritis
869 1850 1007 1914 laudum
1045 1852 1233 1934 praeconiis
1270 1853 1464 1936 prosequuti

195 1938 337 2050 33,ssss
362 1975 487 2034 sumus,
502 1963 537 2018 et
552 1973 610 2036 per
628 1952 754 2018 litteras
772 1953 924 2033 Nostras,
938 1955 993 2020 die
1015 1969 1054 2018 v1
1071 1955 1187 2020 Martii
1215 1957 1342 2018 mensis
1360 1957 1469 2028 datas,

195 2063 338 2163 “mxx
362 2059 589 2142 spiritualibus
615 2058 819 2142 quibusdam
839 2059 1063 2140 peculiaribus
1085 2061 1204 2142 gratiis
1226 2060 1463 2134 decoravimus

330 2149 336 2168 ’
364 2163 605 2252 Expectationi
621 2171 734 2228 autem
757 2163 904 2229 Nostrae
919 2163 1019 2245 plane
1043 2164 1216 2245 respondit
1232 2175 1385 2230 eventus.
1406 2164 1464 2228 Se·

363 2268 542 2350 quentibus
556 2267 645 2330 enim
664 2268 762 2330 annis
777 2287 858 2348 erga
872 2277 1058 2350 purpurata
1072 2269 1188 2332 divino
1205 2267 1379 2350 Sanguine
1393 2267 1464 2332 loca

363 2372 512 2436 fidelium
539 2371 687 2438 studium
715 2371 748 2434 in
776 2369 888 2436 Gallia
910 2373 1124 2455 potissimum
1149 2373 1340 2437 excitatum
1365 2383 1462 2454 atque

364 2485 525 2541 auctum:
552 2475 710 2558 episcopi,
740 2477 942 2554 sacerdotes,
972 2476 1058 2553 laici,
1084 2475 1180 2557 plura
1209 2477 1462 2554 eluistianonrm

365 2580 471 2646 millia
494 2579 592 2646 dictis
619 2578 942 2662 peregrinationibus
969 2598 1092 2644 nomen
1119 2581 1199 2656 dare
1224 2590 1465 2663 properarunt;

365 2686 484 2750 horum
500 2685 668 2767 exemplis
689 2683 813 2748 Christi
830 2683 945 2748 fideles
961 2684 994 2749 in
1014 2683 1156 2751 Oriente
1169 2685 1334 2767 degentes
1350 2686 1383 2750 in
1407 2683 1469 2764 fide

366 2799 445 2857 sunt
467 2787 655 2854 confirmati
670 2810 678 2866 ;
694 2789 840 2867 denique
857 2787 1019 2854 mirabilis
1033 2789 1225 2853 huiusmodi
1247 2787 1467 2854 Orientalium

366 2916 443 2961 cum
461 2892 737 2960 Occidentalibus
752 2913 936 2958 consensus
948 2891 1042 2956 suavi
1057 2893 1209 2959 animum
1225 2893 1390 2958 Nostrum
1406 2893 1470 2958 lae·

368 3002 443 3065 titia
459 2998 607 3082 replevit,
623 3007 656 3062 et
673 3000 705 3062 in
723 3018 818 3080 spem
839 2997 1003 3079 optimam
1027 2996 1146 3060 erexit.
1164 2997 1208 3060 Et
1232 3017 1325 3075 sane,
1339 3009 1472 3062 auctore

368 3113 401 3166 et
418 3101 552 3184 auspice
568 3101 692 3164 dilecto
702 3099 772 3163 filio
788 3099 967 3164 Francisco
984 3097 1102 3170 Picard
1117 3099 1315 3179 Praeposito
1325 3101 1471 3181 generali

214 3229 246 3292 po
268 3235 341 3266 rems
369 3207 694 3290 Augustinianorum
712 3206 756 3270 ab
767 3204 1021 3286 Assumptione.
1031 3204 1087 3284 qui
1100 3203 1294 3284 quindecim
1307 3223 1470 3270 annorum

368 3313 479 3395 spatio
493 3311 691 3393 expiatoriis
713 3310 803 3374 hisce
830 3307 1154 3389 peregrinationibus
1174 3309 1313 3390 egregia
1334 3308 1470 3391 quidem

367 3416 467 3481 laude
508 3416 659 3498 praefuit,
699 3423 846 3477 erectum
891 3421 944 3474 est
982 3410 1244 3493 Hierosolymae
1285 3412 1471 3496 hospitium

368 3522 514 3586 Nostrae
544 3519 721 3597 Dominae,
744 3537 840 3580 saera
869 3528 902 3580 et
933 3515 1023 3577 civili
1049 3517 1251 3583 auctoritate
1280 3519 1475 3598 probatum,

369 3645 430 3708 pro
453 3624 636 3709 peregrinis
659 3619 889 3703 excipiendis;
903 3629 1020 3700 aperta
1044 3617 1169 3683 ibidem
1185 3619 1242 3700 pia
1261 3621 1385 3686 domus
1406 3631 1476 3685 stu·

369 3732 501 3794 diorum
525 3749 585 3810 pro
609 3725 772 3808 religiosis
799 3724 843 3786 ab
862 3722 1131 3803 Assumptione;
1153 3721 1288 3787 habitus
1316 3724 1476 3789 Euchari-

370 3835 474 3899 sticus
496 3842 681 3897 conventus
706 3827 856 3911 pluribus
881 3825 1096 3889 adstantibus
1124 3825 1327 3891 Patriarchis
1349 3838 1384 3894 et
1406 3829 1477 3893 An·

370 3940 533 4004 tistitibus
556 3948 627 4000 tum
652 3934 747 3998 latini
774 3934 865 4008 ritus,
881 3942 953 3994 tum
978 3929 1159 4006 orientalis,
1178 3931 1377 4015 positusque
1403 3953 1477 3996 aus·

372 4043 576 4127 picatissima
599 4039 656 4101 illa
677 4037 853 4101 occasione
876 4035 1003 4116 primus
1029 4031 1114 4114 lapis
1140 4031 1312 4100 Ecclesiae
1333 4037 1479 4103 Nostrae

373 4147 541 4210 Dominae
557 4142 743 4206 Galliarum
763 4161 822 4223 per
838 4137 1055 4203 Cardinaiem
1072 4135 1292 4218 Apostolicae
1312 4140 1410 4205 Sedis
1431 4141 1478 4204 le·

373 4261 489 4333 gatum
504 4269 511 4326 ;
527 4245 665 4310 tandem
691 4244 771 4306 illud
798 4242 970 4323 templum,
995 4239 1098 4302 modo
1123 4239 1315 4306 absolutum
1338 4255 1373 4309 et
1393 4255 1480 4308 stru·

374 4353 469 4415 ctura
485 4346 685 4430 praenobile,
702 4347 797 4409 sedes
813 4355 864 4409 est
879 4355 952 4408 tum
969 4344 1081 4424 operis
1103 4341 1321 4424 piacularium
1343 4367 1479 4432 precum
