3117 4859
375 355 442 423 134
485 359 591 411 notu
613 361 776 411 rnornro
797 351 1006 414 “auserem
1024 364 1157 416 aenou
1177 363 1365 415 secunus.
1381 343 1401 367 '’

367 502 492 581 gaudia
507 523 514 580 ;
537 523 625 586 quae
649 505 834 571 identidem
850 507 988 590 cognita
1004 508 1157 590 prolecto
1171 508 1368 571 adiumenta
1387 505 1483 570 bona

368 607 587 688 suppeditant
599 607 807 686 imitationis,
822 611 981 689 caritatis,
997 630 1181 694 generosae
1192 612 1226 673 in
1241 609 1306 674 fide
1321 622 1484 675 constan-

368 709 446 773 tiae.
460 747 504 758 -
526 709 619 776 lstud
638 711 709 778 Nos
725 715 851 798 triplex
867 716 1110 798 praesidiorum
1126 735 1234 798 genus
1250 713 1482 797 particulatim

368 816 718 896 commonstravimus,
733 837 793 900 spe
809 838 934 902 magna
946 819 1097 895 ducti,ex
1113 819 1155 882 iis
1169 819 1386 902 potissimum
1398 819 1484 881 satis

370 915 476 982 multa
494 916 650 984 effectum
681 922 719 986 iri
746 921 932 987 secundum
953 932 1055 987 vota:
1081 924 1127 986 ob
1153 942 1296 1004 eamque
1322 941 1481 985 caussam

369 1020 498 1085 auxilia
515 1023 663 1104 ipsorum
689 1045 829 1109 operum
847 1025 920 1109 Nos
934 1045 1070 1110 quoque
1082 1047 1143 1108 pro
1159 1025 1322 1089 facultate
1337 1025 1482 1089 submit-

370 1134 440 1188 tere
467 1127 668 1209 cogitamus
699 1129 737 1193 ld
760 1141 873 1195 autem
900 1141 1053 1213 ternpore
1077 1151 1117 1196 ac
1143 1131 1219 1195 loco
1242 1128 1301 1195 tiet
1334 1129 1481 1194 Nostros

370 1249 429 1311 per
457 1227 663 1314 Delegatos:
679 1253 821 1317 quorum
849 1236 997 1318 denique
1022 1236 1085 1299 erit
1111 1254 1281 1300 summam
1309 1253 1422 1297 rerum
1449 1235 1482 1295 in

371 1333 497 1398 eisdem
523 1337 816 1419 congressionibus
843 1351 995 1405 actarum
1019 1341 1063 1406 ad
1090 1339 1328 1422 Apostolicam
1355 1337 1481 1402 Sedem

371 1435 499 1504 referre.

209 1551 344 1658 dfatim
416 1542 643 1627 Consequitur
666 1546 709 1610 de
733 1548 862 1612 ratione
883 1546 1070 1612 officiorum
1097 1568 1183 1631 qnae
1200 1545 1379 1628 Delegatis
1401 1545 1482 1627 ipsis

233 1613 346 1718 fimus
372 1647 582 1712 intercedant
606 1668 682 1714 cum
707 1651 755 1714 eis
782 1652 840 1733 qui
855 1652 1076 1717 Missionibus
1092 1672 1151 1735 per
1166 1653 1303 1715 easdem
1328 1649 1481 1731 regiones

190 1731 347 1850 gfflfssfss'
372 1763 540 1833 praesunt.
567 1753 709 1819 Minime
735 1757 873 1838 quidem
897 1756 1123 1821 dubitandum
1149 1757 1230 1839 quin
1257 1756 1355 1820 alteri
1381 1763 1481 1835 atque

196 1851 347 1970 “⁸⁰22‘ss
373 1853 478 1932 alteri,
495 1856 600 1938 probe
613 1879 778 1923 memores
791 1861 886 1924 cuius
898 1861 1035 1925 nomine
1050 1869 1085 1924 et
1098 1869 1267 1943 potestate
1282 1860 1350 1922 sint
1361 1858 1480 1920 eodem

226 1967 348 2016 mauolt·
375 1959 476 2037 missi,
490 1971 525 2024 et
549 1981 617 2044 qua
643 1963 862 2028 saluberrima
889 1985 1007 2029 caussa
1035 1967 1102 2030 und
1118 1965 1267 2028 debeant
1281 1961 1481 2044 conspirare,

197 2027 267 2134 seiri
277 2035 348 2088 ''a‘'
374 2084 487 2128 vcram
502 2085 589 2148 quae
605 2067 780 2132 secundum
804 2067 914 2132 Deum
929 2076 981 2133 est
996 2069 1223 2143 concordiam,
1235 2086 1341 2150 quum
1357 2067 1393 2128 in
1408 2083 1478 2128 sen·

374 2168 489 2231 tentiis
515 2180 587 2232 tum
613 2171 646 2234 in
673 2173 816 2247 actione,
847 2174 1016 2236 custodire
1037 2171 1235 2236 inviolatam
1265 2168 1480 2232 contendant.

376 2271 541 2336 Attamen
558 2273 600 2337 ad
619 2276 724 2339 totius
741 2275 788 2338 rei
805 2274 977 2340 meliorem
994 2276 1287 2358 temperationem,
1307 2274 1417 2336 visum
1431 2281 1480 2334 est

375 2377 554 2440 immutare
582 2377 745 2442 nonnulla
770 2382 814 2444 de
837 2379 917 2444 iuris
936 2381 1056 2445 ordine
1071 2380 1182 2444 adhuc
1197 2387 1359 2461 recepto:
1377 2393 1481 2457 eaque

374 2481 511 2545 decreto
537 2483 673 2565 proprio
689 2485 756 2547 iarn
774 2484 936 2550 constitui
957 2483 1115 2548 iussimus
1131 2504 1191 2567 per
1213 2502 1346 2567 sacrum
1368 2480 1480 2545 Consi·

374 2585 456 2650 lium
469 2585 652 2650 christiano
668 2589 798 2652 nomini
816 2588 1046 2672 propagando.
1063 2587 1168 2653 Omni
1183 2587 1288 2670 igitur
1308 2585 1482 2668 prudentia

374 2699 409 2753 et
423 2710 489 2771 ope
508 2689 665 2773 Delegati
691 2693 724 2755 in
748 2691 783 2756 id
805 2694 1012 2771 incumbant,
1029 2701 1065 2756 ut
1079 2710 1316 2775 quaecumque
1331 2691 1376 2754 ab
1391 2689 1480 2771 Apo·

374 2795 493 2859 stolica
505 2795 594 2859 Sede
610 2805 644 2859 et
660 2795 718 2858 illo
730 2796 868 2861 decreto
883 2806 918 2861 et
934 2797 1077 2861 subinde
1093 2817 1155 2879 pro
1170 2794 1385 2877 temporibus
1395 2794 1480 2857 simi·

377 2899 452 2962 liter
467 2899 650 2976 edicantur,
666 2919 706 2962 ea
723 2900 860 2980 plenum
877 2899 1027 2964 habeant
1042 2901 1184 2964 exitum.
1201 2901 1333 2963 Rursus
1349 2900 1384 2962 in
1397 2898 1481 2962 idern

375 3012 565 3083 congruant
578 3001 770 3084 Superiores
779 3002 983 3068 Missrbnum
993 3005 1142 3070 sollertia
1151 3013 1186 3068 et
1195 3001 1483 3086 obtemperatione

376 3126 457 3170 sua:
489 3107 623 3171 maioris
657 3109 819 3172 momenti
851 3128 902 3171 res
929 3109 972 3172 ad
1000 3110 1184 3173 earundem
1215 3108 1483 3188 procurationem

376 3211 594 3290 pertinentes,
620 3211 683 3276 uisi
706 3213 833 3294 rogatis
861 3213 926 3276 illis
953 3221 988 3278 et
1011 3212 1290 3296 approbantibus,
1306 3232 1350 3276 ne
1373 3231 1483 3294 aggre

377 3316 523 3393 diantur,
555 3335 679 3399 eosque
707 3316 799 3399 ipsos
829 3317 935 3382 velint
962 3317 1087 3383 habere
1116 3338 1162 3381 ex
1188 3315 1302 3381 officio
1329 3317 1484 3384 conscios.

378 3422 522 3501 negotiis
539 3421 766 3486 incidentibus
787 3442 874 3504 quae
889 3442 975 3504 opus
991 3423 1034 3486 sit
1050 3423 1093 3487 ad
1111 3421 1347 3506 Apostolicam
1364 3420 1482 3485 Sedem

218 3535 350 3593 ungaros,
377 3526 571 3590 transmitti.
587 3563 631 3574 -
648 3525 807 3608 Delegati
829 3546 930 3608 porro
946 3547 1043 3591 suum
1060 3547 1134 3590 esse
1150 3527 1366 3590 meminerint
1387 3523 1483 3604 evigi-

249 3607 352 3712 iiiiii,
378 3628 456 3706 lare,
495 3631 683 3711 providere,
723 3631 848 3694 instare
886 3641 924 3694 ut
961 3631 1224 3696 Constitutionis
1264 3627 1483 3694 Orientalium

221 3717 354 3818 2¹25,ssssssss
378 3733 594 3816 praescriptis
610 3733 740 3815 integre
757 3735 801 3798 ab
815 3735 974 3799 omnibus
989 3756 1075 3818 quos
1087 3733 1145 3798 illa
1159 3734 1335 3816 attingunt
1356 3733 1482 3814 religio·

208 3837 354 3935 &xm
378 3858 480 3921 seque
492 3849 661 3919 pareatur.
680 3837 718 3900 ln
740 3857 810 3920 quo
825 3837 1005 3920 praecipue
1020 3838 1078 3902 frat
1091 3848 1128 3902 ut
1144 3838 1226 3902 nihil
1242 3837 1427 3902 admodum
1442 3835 1483 3898 de

222 3947 351 4018 ,Oriente
377 3962 413 4006 se
437 3941 620 4005 desiderari
638 3943 750 4006 sinant
767 3943 948 4006 latinorum
977 3943 1149 4020 Instituta,
1164 3961 1251 4025 quae
1268 3941 1384 4006 multis
1406 3939 1483 4005 locis

212 4007 352 4112 liiiianissss
378 4055 557 4127 tantopere
583 4047 724 4109 student
750 4047 797 4108 rei
821 4045 1009 4110 catholicae
1035 4047 1261 4132 incrementis,
1277 4045 1415 4130 Quippe
1439 4043 1483 4107 rei

201 4131 240 4169 ’θ’
250 4125 353 4228 Ἥ
378 4149 565 4212 catholicae
580 4149 680 4213 valde
699 4148 856 4213 nimirum
874 4150 1013 4215 interest
1024 4170 1100 4214 eam
1113 4151 1255 4215 omnino
1270 4150 1344 4214 tolli
1356 4169 1396 4214 ac
1404 4149 1482 4212 dilui

197 4243 353 4354 sfflss‘f'
378 4251 574 4333 opinionem
601 4271 688 4332 quae
704 4255 870 4334 quosdam
888 4275 933 4316 ex
955 4253 1176 4319 orientalibus
1200 4253 1344 4318 antehac
1371 4253 1484 4325 tenuit,

379 4355 517 4436 perinde
533 4373 572 4417 ac
589 4354 616 4415 si
633 4355 676 4417 de
687 4356 837 4437 ipsorum
854 4357 934 4434 iure,
948 4359 992 4421 de
1009 4358 1201 4441 privilegiis,
1216 4359 1259 4422 de
1275 4356 1385 4421 rituali
1407 4375 1483 4420 con·
