3117 4859
461 311 582 361 INDEX
610 308 861 363 ANALi‘rictJS.
1146 315 1217 388 335

144 472 198 524 33.
215 470 425 521 EPISTOLA
438 472 481 522 ad
495 471 707 522 Cardlnaiem
722 470 892 531 Paroeehi,
918 472 1131 523 commissio·-

110 560 164 609 nis
171 558 310 609 Sanctae
319 558 552 622 Archeologiae
560 558 756 621 praesidem,
769 559 810 609 de
818 558 1018 620 perficiendo
1036 573 1131 623 opere

109 648 140 699 J.
163 648 199 696 B.
214 645 265 697 De
278 646 372 697 Rossi
389 644 410 671 ‘¹
424 648 531 696 Roma
544 648 753 697 sotterranea
765 680 799 706 ...
816 671 850 681 —
876 646 912 697 31
934 647 1009 697 Dec.
1036 648 1127 699 1895.

1064 749 1129 802 pag.
1169 748 1219 805 115

146 838 193 892 Ne
206 853 257 906 per
268 836 379 890 obitum
392 834 545 890 clarissimi
558 833 609 889 viri
620 834 644 903 J.
659 835 691 888 B.
705 835 742 889 de
756 834 843 889 Rossi
852 834 990 891 infectum
1002 848 1121 893 maneat
1145 854 1219 908 opus

107 925 197 995 ipsius
211 923 324 978 “Roma
334 924 525 977 sotterranea”
540 922 575 976 de
585 922 726 992 religione
738 934 767 978 et
780 922 900 977 historia
910 924 983 979 bene
993 924 1135 995 meritum,
1146 928 1219 981 Pon·

106 1013 175 1067 tifex
183 1010 253 1066 illud
264 1010 466 1064 Commrhsrbm’
477 1011 505 1065 S.
516 1009 725 1079 Archeologiae
738 1009 858 1065 mandat
871 1011 1078 1081 perficiendum
1094 1016 1219 1082 115-116,

146 1146 200 1197 34.
222 1144 431 1195 EPISTOLA
445 1146 488 1195 ad
503 1145 597 1195 Card.
619 1141 845 1207 nungentum,
861 1146 1014 1209 Archiep.
1038 1147 1130 1196 Rhe-

106 1244 252 1283 mensem
276 1232 317 1281 de
341 1232 540 1282 centenariis
564 1232 768 1282 solemnibus
786 1231 940 1282 clodovei
966 1234 1076 1298 Regia
1096 1258 1132 1269 -

106 1321 217 1372 dian.
233 1320 324 1371 1896.
1027 1363 1031 1372 .
1059 1333 1123 1387 pag.
1169 1332 1219 1384 117

142 1436 302 1493 Consilium
319 1436 485 1492 celebrandi
499 1435 669 1491 memoriam
683 1436 866 1507 baptismatis
886 1437 1025 1493 Clodovei
1050 1438 1126 1507 regis
1146 1440 1219 1495 Pon-

105 1526 175 1581 tifex
188 1526 299 1595 probat,
312 1525 503 1595 precibusque
516 1524 617 1579 annuit
638 1525 802 1579 Cardinalis
816 1525 935 1595 jubilaei
948 1526 1058 1581 lucrum
1072 1530 1220 1596 poscentis

108 1627 166 1679 117.
180 1644 216 1653 —
230 1613 407 1668 Benevolum
417 1623 539 1667 testatur
550 1612 677 1667 animum
691 1630 760 1683 erga
772 1613 907 1683 gallicam
919 1625 1064 1683 gentema
1078 1616 1143 1671 lieo
1162 1617 1219 1671 ele·

106 1712 184 1756 ctam
195 1700 346 1756 Ecclesiae
359 1702 605 1770 propugnaculum
623 1714 679 1765 117.
694 1730 726 1739 -
743 1702 829 1771 Quod
848 1701 964 1771 quidem
979 1703 1056 1757 Galli
1079 1705 1155 1759 laete
1177 1720 1219 1759 re·

107 1790 202 1845 colant
212 1787 349 1859 proximis
359 1788 450 1855 festis,
470 1788 619 1858 permagni
630 1788 819 1844 aestimantes
832 1806 915 1844 suam
930 1788 958 1844 in
973 1790 1090 1845 Christo
1101 1807 1219 1861 regene-

106 1877 248 1933 rationem
261 1893 410 1948 perquam
424 1893 489 1931 curn
512 1875 716 1947 spiritualibus,
742 1887 803 1931 tum
827 1875 960 1932 civilibus
978 1879 1074 1945 bonis,
1098 1879 1217 1935 historia

105 1976 189 2034 teste,
203 1975 268 2020 sunt
281 1964 357 2019 aucti
372 1966 496 2031 117-118.
516 1994 550 2004 -
570 1964 709 2035 Episcopi
720 1964 832 2019 Galliae
846 1967 875 2020 S.
896 1966 1020 2035 Remigii
1032 1966 1151 2022 virtutes
1164 1984 1217 2039 pro

105 2054 220 2124 fideque
231 2054 344 2108 labores
354 2054 533 2108 aemulentur
542 2069 553 2107 1
562 2054 703 2123 18·119.-
714 2054 811 2107 Deum
824 2071 875 2123 pro
887 2053 981 2108 Gallia
990 2066 1073 2124 rogat
1085 2056 1216 2112 Pontifex

105 2151 135 2197 ut
146 2152 247 2197 sancta
257 2140 293 2195 sit
306 2151 334 2195 et
347 2140 441 2195 avitae
456 2150 541 2195 tenax
554 2140 620 2195 fidei
638 2154 732 2209 119.-
746 2141 810 2195 Sint
824 2140 898 2196 Galli
913 2140 1011 2195 animo
1021 2143 1095 2197 inter
1106 2159 1138 2197 se
1150 2160 1217 2199 con-

106 2230 217 2295 cordes,
228 2229 338 2300 tutique
350 2230 388 2283 ab
399 2228 615 2285 imminentibus
627 2229 710 2283 malis
723 2246 774 2299 per
788 2230 934 2299 religionis
945 2232 1078 2300 clypeum
1091 2251 1099 2297 3
1113 2249 1215 2288 consu-

105 2318 166 2374 iant
185 2334 289 2388 nempe
298 2317 473 2387 reipublicae
492 2332 544 2388 per
562 2318 747 2371 concordiam
769 2327 798 2371 et
820 2318 969 2373 Ecclesiae
990 2319 1161 2389 obsequium
1185 2320 1214 2374 in

106 2406 248 2477 praesenti
258 2424 351 2461 rerum
363 2404 579 2477 perturbatione
592 2420 717 2475 119·120.
733 2436 768 2448 --
779 2406 951 2460 Massonum
963 2417 1116 2476 grassante
1127 2418 1215 2474 secta,

107 2494 241 2549 catholici
254 2495 361 2549 bouum
371 2502 517 2549 certamen
528 2504 643 2548 strenue
656 2502 765 2548 certent
782 2504 843 2548 120.
857 2524 892 2533 —
902 2494 1094 2549 Faustissima
1102 2494 1217 2551 Galliae

108 2582 429 2653 apprecaturPontifex,
442 2592 471 2637 et
489 2579 635 2651 benedicit
651 2596 709 2636 120.

140 2708 191 2759 35.
207 2708 431 2757 LITTERAE
445 2706 737 2759 &POSTOLICAE
751 2708 793 2758 de
809 2708 943 2759 dubileo
960 2708 1125 2759 111010110-

106 2798 179 2846 vaei
200 2798 301 2859 Regis
320 2796 411 2846 testis
423 2796 659 2847 saecularibus.
680 2820 715 2831 ——
735 2796 844 2848 8Jan.
867 2795 957 2847 18⁹6.
1056 2809 1122 2863 pag.
1162 2808 1210 2849 121

142 2904 297 2962 clodovaei
312 2904 458 2974 baptisma
471 2905 602 2959 Pontifex
614 2905 699 2961 refert
711 2921 729 2959 a
743 2906 770 2959 S.
786 2904 919 2974 Remigio
942 2906 1085 2972 collatum,
1105 2922 1217 2975 magno

106 2993 222 3064 quidem
235 2995 356 3063 gallicae
369 2994 463 3063 gentis
483 2993 687 3060 emolumento,
701 2990 835 3062 illiusque
856 2991 940 3062 proin
961 2992 1130 3046 memoriam
1151 2994 1216 3062 jure

105 3082 242 3139 celebrari
256 3081 381 3137 ostendit
397 3095 522 3135 121-122.
541 3110 577 3119 —
594 3081 689 3134 Antea
703 3079 802 3133 datam
815 3097 833 3133 a
846 3096 878 3134 se
887 3079 942 3133 hac
955 3078 991 3133 de
1014 3095 1045 3133 re
1064 3080 1216 3149 epistolam

105 3179 245 3227 memorat
256 3185 351 3224 122.—
361 3168 508 3224 Nonnulla
517 3168 618 3222 suadet
626 3184 701 3237 quae
713 3167 870 3221 saecularis
879 3166 1054 3220 celebritatis
1064 3166 1216 3223 utilitatem

106 3270 135 3314 et
149 3259 237 3314 decus
251 3267 376 3328 augeant
393 3272 450 3312 122.
473 3287 509 3296 —
531 3254 730 3325 Indulgentias
748 3254 873 3324 impertit
893 3254 1047 3309 lucrandas
1080 3255 1217 3325 proximis

106 3347 401 3414 105111122-123-124.
435 3408 438 3417 ,

143 3472 194 3525 36.
217 3471 427 3522 EPISTOLA
442 3473 485 3522 ad
505 3470 600 3521 Card.
617 3470 779 3528 Goossens,
797 3468 997 3530 Archiepiso.
1013 3469 1136 3519 Maoh-·

108 3562 294 3620 liniensem,
308 3561 350 3611 de
363 3560 482 3611 Schola
501 3560 704 3609 'rhomistica
718 3558 926 3608 Lovaniensi.
946 3582 982 3591 -
1000 3557 1021 3605 6
1035 3558 1126 3609 Febr.

107 3648 242 3700 1896...
1063 3656 1126 3711 pag.
1167 3656 1215 3711 125

143 3758 258 3813 Gaudet
273 3756 405 3813 Pontifex
425 3755 588 3826 Episcopos
609 3754 700 3825 Belgii
721 3755 780 3809 suis
799 3753 1014 3809 obsecundasse
1032 3752 1161 3807 consiliis
1180 3756 1217 3810 de

107 3844 309 3918 philosophiae
330 3844 433 3901 studiis
456 3845 484 3898 in
508 3842 681 3898 Lovaniensi
701 3844 855 3897 Athenaeo
877 3840 1088 3912 amplificandis
1112 3854 1168 3910 125.
1182 3871 1218 3881 -

109 3934 233 3989 Schoiae
245 3932 444 3989 Themisticae
456 3948 570 3988 necnon
582 3929 733 3986 Seminarii
748 3930 866 3987 scholae
879 3930 984 3985 annexi
1005 3930 1083 3999 leges
1097 3927 1218 3985 auctori·

107 4031 166 4077 tate
186 4021 335 4092 pontificia
348 4021 474 4076 sancitas
498 4019 587 4075 fuisse
607 4018 884 4088 memoratus-126.
905 4017 1163 4086 —Praescriptum
1182 4016 1218 4071 de

108 4108 274 4167 adhibenda
287 4110 316 4163 in
336 4108 508 4165 lectionibus
527 4106 625 4175 lingua
644 4106 733 4161 latina
751 4107 876 4161 inculcat
894 4106 997 4161 iterum
1010 4118 1070 4160 turn
1084 4104 1219 4174 alumnis,

108 4210 170 4254 tum
184 4198 396 4253 institutoribus
419 4197 475 4252 126.
494 4226 530 4238 -
550 4196 664 4250 Uberes
681 4194 743 4249 fore
756 4194 863 4250 fructus
888 4194 1004 4249 scholae
1017 4194 1170 4261 ominatur,
1190 4204 1219 4248 et

108 4286 254 4343 benedicit
276 4286 398 4352 126-127.
