3117 4859
410 361 461 410 DE
489 361 664 414 UNITATE
690 361 907 414 ECCLESIAE.
1149 363 1192 435 17
1197 365 1218 437 3

107 508 236 574 ratione
258 527 324 570 non
350 507 413 568 nisi
438 507 625 589 Apostolis,
649 507 775 590 quique
802 509 850 572 eis
875 507 947 572 iure
973 510 1221 588 successissent,
1268 500 1271 506 ’
1278 507 1369 596 1530,

108 611 283 676 mandavit
301 621 336 674 ut
349 620 525 692 pascerent,
552 610 616 674 hoc
635 619 685 675 est
702 630 778 674 cum
796 621 965 692 potestate
977 623 1131 695 regerent
1148 614 1220 678 univ
1287 607 1360 669 ¹8⁹⁶·
1446 675 1456 693 ,Ι

108 715 300 780 versitatem
318 713 587 791 christianorum,
603 734 688 797 quos
704 713 768 778 hoc
785 716 858 797 ipso
876 716 924 778 eis
940 716 1078 780 subesse
1096 717 1221 782 debere

108 828 210 901 atque
240 819 476 900 obtemperare
502 828 554 881 est
574 838 793 901 consequens.
825 817 924 900 Quae
948 820 1086 902 quidem
1109 820 1220 886 officia

109 922 286 1005 apostolici
304 923 451 986 muneris
475 923 592 986 omnia
617 925 805 1006 generatim
833 922 929 986 Pauli
945 925 1114 989 sententia
1129 944 1221 989 com·

109 1026 266 1109 plectitur
285 1026 363 1090 :Sic
391 1047 449 1090 nos
463 1025 627 1091 existimet
651 1025 745 1104 homo
761 1037 800 1089 ut
830 1026 1001 1092 ministros
1027 1025 1159 1104 Christi,
1191 1040 1224 1093 et

109 1129 344 1212 dispensatores
359 1131 587 1210 mysteriorum
600 1130 690 1211 Dei(
709 1131 729 1212 ).

154 1234 370 1318 Quapropter
381 1234 538 1299 mortales
552 1235 658 1300 lusus
672 1234 873 1312 CHRISTUS,
881 1243 1047 1318 quotquot
1063 1245 1220 1313 essent,et
1314 1283 1400 1329 ΘΜ

109 1347 277 1422 quotquot
302 1349 414 1403 essent
445 1338 557 1416 futuri,
579 1338 751 1402 universos
783 1339 972 1418 advocavit,
995 1349 1033 1405 ut
1049 1340 1168 1403 ducem
1184 1360 1220 1404 se
1246 1340 1384 1447 {fflff

108 1443 335 1524 eumdemque
351 1451 556 1507 servatorem
583 1453 812 1524 sequerentur,
827 1463 896 1507 non
913 1451 1046 1506 tantum
1069 1463 1219 1507 seorsum
1246 1465 1297 1506 stus
1311 1462 1339 1506 sn

109 1547 242 1630 singuli,
259 1546 317 1610 sed
334 1547 436 1610 etiarn
465 1545 648 1610 consociati
680 1555 783 1623 atquc
800 1547 941 1610 invicem
970 1567 1003 1609 re
1031 1547 1220 1630 animisque
1246 1522 1385 1625 mm.

109 1650 225 1727 iuncti,
247 1659 283 1713 ut
299 1669 344 1712 ex
362 1650 579 1714 multitudine
595 1649 741 1732 populus
768 1651 931 1714 existeret
955 1651 1026 1716 iure
1053 1650 1220 1716 sociatus·
1246 1640 1399 1685 “mm‘'

1213 1703 1220 1730 2
1246 1699 1258 1742 ι’
1287 1703 1299 1743 t
1353 1713 1368 1743 a

111 1753 198 1831 fidei,
225 1753 310 1831 finis,
326 1773 434 1817 rerum
452 1752 494 1817 ad
514 1753 614 1816 finem
646 1754 844 1817 idonearum
871 1755 1109 1818 communione
1125 1774 1222 1833 unus,
1243 1704 1393 1817 ambli?

112 1860 169 1924 uni
186 1859 363 1940 eidemque
380 1857 549 1922 subiectus
565 1858 739 1939 potestati.
756 1857 835 1940 Quo
861 1859 933 1940 ipse
948 1857 1039 1922 facto
1054 1858 1220 1943 principia
1241 1823 1356 1947 mi}
1371 1877 1399 1922 sn

111 1970 262 2040 naturae,
283 1981 370 2044 quae
400 1962 434 2025 in
466 1961 661 2026 hominibus
692 1963 888 2025 societatem
920 1971 1042 2044 sponte
1066 1962 1221 2046 gignunt,
1244 1937 1402 2056 mm

111 2065 354 2148 perlectionem
378 2075 519 2130 naturae
548 2074 817 2130 consentaneam
848 2066 1031 2148 adepturis,
1056 2068 1170 2130 omnia
1187 2066 1220 2130 iu
1248 2057 1403 2162 {mm

114 2169 268 2234 Ecclesia
284 2170 405 2253 posuit,
423 2170 581 2234 nimirum
606 2171 693 2234 utin
710 2189 759 2246 ea,
787 2180 954 2252 quotquot
985 2168 1044 2232 filii
1061 2169 1127 2233 Dei
1150 2191 1223 2234 esse
1248 2175 1382 2280 ebrinlsssnss

112 2274 297 2356 adoptione
313 2273 441 2350 volunt,
456 2275 700 2358 perlectionem
718 2273 877 2356 dignitati
890 2293 971 2337 suae
980 2284 1222 2357 congruentem
1250 2248 1299 2340 eslf
1309 2249 1372 2281 ’Μ’

116 2377 249 2461 assequi
267 2387 300 2441 et
316 2377 459 2443 retinere
475 2378 518 2441 ad
536 2379 680 2442 salutem
713 2386 862 2460 possent.
881 2378 1033 2441 Ecclesia
1064 2378 1175 2461 igitur,
1190 2381 1223 2444 id

115 2484 206 2564 quod
221 2482 304 2546 alias
317 2483 502 2564 attigimus,
511 2483 583 2546 dux
593 2481 791 2546 hominibus
803 2491 854 2545 est
866 2482 908 2545 ad
920 2482 1088 2559 caelestia,
1099 2484 1226 2548 eidem·

115 2604 183 2668 que
198 2586 261 2650 hoc
278 2597 329 2651 est
346 2605 466 2650 munus
495 2587 701 2668 assignatum
723 2606 742 2648 a
760 2585 836 2649 Deo
852 2596 889 2649 ut
904 2586 947 2649 de
974 2587 1023 2664 iis,
1039 2606 1126 2670 quae
1152 2589 1225 2652 reli·

115 2689 256 2772 gionem'
269 2690 453 2771 attingunt,
463 2691 574 2754 videat
591 2690 664 2773 ipsa
681 2697 714 2753 et
731 2699 869 2766 statuat,
880 2699 914 2754 et
924 2710 993 2754 rem
1007 2691 1224 2756 christianam

115 2792 220 2857 libere
235 2794 464 2876 expediteque
480 2793 605 2858 iudicio
619 2813 681 2857 suo
690 2795 913 2858 administret.
924 2793 1092 2878 Quocirca
1108 2795 1227 2859 Eccle-

115 2895 201 2960 siam
220 2909 277 2961 aut
293 2918 360 2962 non
381 2909 470 2962 recte
483 2907 606 2961 norunt
631 2906 690 2961 aut
707 2898 822 2979 inique
837 2897 1058 2963 criminantur
1073 2899 1131 2980 qui
1147 2919 1223 2963 eam

116 3000 323 3078 insimulant,
339 3001 424 3064 velle
435 3021 472 3066 se
488 3003 521 3064 iu
539 3001 713 3064 civitatum
731 3001 877 3063 rationes
889 3002 1019 3077 inferre,
1034 3010 1094 3065 aut
1109 3002 1142 3065 in
1155 3003 1227 3067 iura

116 3114 313 3188 potentatus
329 3104 496 3170 invadere.
526 3104 600 3167 lmo
623 3103 718 3166 Deus
735 3103 885 3184 perfecit,
900 3114 936 3167 ut
968 3104 1121 3169 Ecclesia
1137 3117 1225 3170 esset

116 3209 268 3272 omnium
286 3210 487 3272 societatum
505 3207 604 3289 longe
620 3207 915 3290 praestantissima
927 3231 934 3272 :
946 3228 1023 3271 nam
1037 3209 1127 3290 quod
1139 3211 1227 3292 petit

117 3313 192 3394 ipsa
207 3322 369 3394 tanquam
387 3311 499 3389 finem,
514 3321 613 3376 tanto
640 3311 786 3374 nobilius
803 3322 854 3374 est
870 3331 971 3392 quam
989 3315 1079 3394 quod
1096 3323 1227 3378 ceterae

117 3425 239 3500 petunt
254 3417 441 3494 societates,
472 3425 601 3497 quanto
632 3417 753 3478 natura
783 3416 892 3498 gratia
914 3415 1039 3494 divina,
1062 3416 1229 3499 rebusque

117 3520 254 3584 caducis
270 3519 475 3584 immortalia
491 3519 836 3604 suntpraestabiliora
848 3519 1094 3602 bona-Ergo
1113 3522 1230 3586 Eccle-
1285 3556 1408 3603 palm„

118 3623 168 3688 sia
184 3625 328 3688 societas
346 3633 397 3688 est
412 3634 487 3688 ortu
514 3623 665 3687 devina:
688 3623 763 3701 fine,
795 3624 960 3706 rebusque
987 3623 1045 3686 fini
1072 3627 1229 3707 proxime
1254 3617 1397 3663 ΝΟΜ·

118 3728 389 3805 admoventibus,
415 3727 681 3810 supernaturalis
700 3751 711 3792 .·
728 3728 818 3812 quod
836 3747 916 3792 vero
946 3728 1105 3793 coalescit
1120 3730 1227 3795 homi·
1253 3681 1408 3783 jssggffl‘

119 3831 229 3909 nibus,
243 3833 391 3896 humana
414 3833 642 3897 communitas
658 3841 718 3896 est.
752 3833 903 3914 ideoque
920 3832 953 3894 in
980 3835 1082 3896 sacris
1109 3834 1230 3899 litteris
1251 3798 1376 3856 p's‘cm'

120 3936 245 4017 passim
263 3935 417 4000 videmus
433 3936 608 4001 vocabulis
618 3935 791 4000 societatis
804 3935 973 4018 perlectae
989 3949 1229 4023 nuncupatam.

120 4039 326 4104 Nominatur
341 4039 430 4104 enim
447 4061 515 4104 non
533 4041 635 4105 modo
653 4040 780 4104 Domus
789 4039 864 4118 Dei,
883 4037 1014 4105 Civitas
1028 4052 1129 4123 supra
1140 4063 1229 4106 mon-

120 4152 183 4208 tem
194 4145 312 4226 posita,
327 4164 396 4226 quo
411 4145 590 4208 convenire
620 4153 739 4228 gentes
770 4163 889 4208 omnes
916 4164 1053 4209 necesse
1077 4155 1128 4209 est
1146 4170 1153 4211 :
1169 4146 1229 4211 sed

120 4248 222 4312 etiam
242 4247 345 4326 Ouilr,
360 4249 413 4311 cui
431 4249 556 4332 praesit
571 4258 686 4331 pastor
699 4267 795 4325 unus,
805 4257 840 4312 et
856 4268 925 4330 quo
940 4248 1087 4330 recipere
1102 4271 1137 4313 se
1146 4270 1228 4315 oves

153 4397 171 4431 1.
189 4387 279 4438 ICor.‚
293 4395 329 4438 tt,
344 4399 363 4432 r.
