3117 4859
202 376 253 427 DE
270 374 491 427 DISCIPLINA
509 374 781 427 ORIEN'IALIUM
800 373 1091 429 CONSERVANDA.
1147 378 1217 451 305

108 530 220 593 menti.
235 530 393 611 Augusta
407 528 584 609 enim,qua
597 528 688 590 varia
707 547 747 589 ea
763 526 886 590 rituum
898 546 1022 609 genera
1036 527 1216 591 nobilitan-
1299 558 1343 617 ³⁰.

105 644 167 709 tur,
181 632 376 715 antiquitas,
392 640 426 695 et
442 629 617 713 praeclaro
632 639 683 697 est
700 641 903 694 ornamento
921 630 1099 695 Ecclesiae
1114 633 1217 710 omni,
1276 602 1354 720 ’ἵὲᾧ

106 747 140 800 et
165 734 243 800 lidei
267 734 454 799 catholicae
480 734 631 797 divinam
649 733 815 797 unitatem
832 720 987 798 affirmat.
1006 735 1092 799 Inde
1108 738 1214 800 enim·
1243 770 1343 821 ninum

105 860 195 915 vero,
207 839 289 902 dum
300 858 360 903 sua
372 838 560 920 praecipuis
578 834 728 901 Orientis
744 836 905 899 Ecclesiis
916 838 1102 919 apostolica
1118 841 1214 923 origo
1241 836 1370 929 oscarus·-

106 943 258 1005 testatior
278 948 421 1016 constat,
436 951 577 1022 apparet
605 938 756 1002 simulet
782 940 888 1003 enitet
915 944 1110 1005 earumdem
1134 962 1211 1006 curn
1240 903 1395 1033 mm

110 1046 264 1111 Romana
280 1066 386 1129 usque
402 1045 446 1109 ab
462 1045 612 1109 exordiis
629 1062 763 1107 summa
773 1044 976 1109 coniunctio.
991 1044 1110 1128 Neque
1121 1046 1211 1110 aliud
1239 1034 1363 1150 {iffi

106 1148 488 1213 fortasseadmirabilius
505 1156 556 1211 est
572 1147 614 1209 ad
630 1145 864 1211 catholicitotis
876 1156 991 1211 notam
1009 1148 1042 1211 in
1061 1148 1213 1213 Ecclesia
1239 1174 1385 1219 ornanum

107 1250 170 1314 Dei
187 1250 433 1326 illustrandam,
447 1268 550 1331 quam
576 1247 746 1331 singulare
762 1248 853 1332 quod
879 1250 909 1313 ei
926 1250 1090 1331 praebent
1116 1251 1212 1315 obse·
1240 1234 1388 1349 mit&

104 1355 219 1437 quium
248 1356 399 1437 dispares
426 1352 715 1417 caeremoniarum
741 1351 870 1417 formae
896 1352 1093 1436 nobilesque
1121 1367 1214 1419 vetu-
1242 1363 1375 1440 uuitqtenr.

104 1458 198 1520 statis
226 1458 371 1539 linguae,
387 1478 432 1520 ex
447 1456 520 1539 ipsa
537 1454 781 1537 Apostolorum
807 1466 839 1519 et
869 1456 1005 1521 Petrum
1034 1468 1212 1523 consuetu·
1239 1429 1393 1545 „sssjm

66 1608 70 1615 .
103 1559 180 1624 dine
200 1560 405 1638 nobiliores;
432 1560 501 1623 lere
533 1561 576 1622 ad
602 1559 825 1624 imitationem
863 1558 1017 1642 obsequii
1040 1558 1213 1625 lectissimi
1239 1558 1361 1611 theresa

103 1664 192 1744 quod
209 1662 355 1739 Christo,
370 1662 486 1726 divino
504 1662 679 1726 Ecclesiae
703 1663 843 1741 auctori,
869 1663 1063 1729 exhibitum
1085 1676 1137 1729 est
1157 1686 1214 1730 na·
1241 1625 1382 1740 miii

102 1770 344 1852 scenti,'quum
363 1767 457 1850 Magi
474 1787 519 1831 ex
542 1767 643 1831 variis
669 1766 819 1832 Orientis
848 1767 957 1852 plagis
973 1769 1106 1834 devecti
1123 1790 1213 1835 vene·
1241 1762 1313 1805 Μ’·

102 1885 223 1937 runt...
239 1874 381 1937 adorare
405 1893 478 1936 cum
494 1871 507 1953 (
526 1872 547 1953 ).
563 1908 606 1919 —
623 1870 701 1954 Quo
718 1871 793 1936 loco
821 1871 904 1936 illud
929 1884 1008 1954 apte
1025 1874 1116 1937 cadit
1144 1876 1213 1938 aui-

103 1977 332 2054 madvertisse,
348 1979 439 2060 quod
457 1976 543 2039 sacri
563 1976 655 2051 ritus,
672 1975 809 2041 tametsi
830 1994 890 2058 per
915 1996 952 2039 se
967 1978 1115 2041 instituti
1145 1998 1211 2041 non
1276 2008 1391 2059 Murrum

103 2080 249 2145 suntad
277 2080 477 2163 dogmatum
504 2078 747 2142 catholicorum
774 2078 996 2145 evincendam
1023 2080 1213 2158 veritatem,
1240 2073 1355 2187 '‘luy“

103 2185 221 2247 eadem
257 2192 371 2247 tamen
395 2182 471 2245 viva
487 2182 733 2264 propemodum
751 2182 949 2262 exprimunt
966 2182 1211 2267 splendideque
1236 2154 1390 2255 Ziffnf‘fff

103 2289 284 2352 declarant.
302 2285 519 2369 Quapropter
544 2306 620 2349 vera
638 2284 762 2350 Christi
788 2285 950 2363 Ecclesia,
968 2287 1055 2351 sicut
1072 2306 1210 2369 magno·
1230 2270 1332 2335 smmr.

102 2411 177 2471 pere
215 2390 333 2454 studet
362 2408 402 2451 ea
429 2389 599 2453 custodire
624 2388 785 2451 inviolata
809 2407 905 2469 quae,
931 2398 1049 2471 utpote
1087 2390 1211 2467 divina,

102 2496 323 2562 immutabilia
348 2496 487 2576 accepit,
509 2496 556 2559 ita
580 2496 614 2557 in
644 2496 846 2575 usurpandis
873 2497 1068 2560 eorumdem
1093 2495 1210 2560 formis

103 2620 345 2683 nonnunquam
362 2598 519 2662 concedit
534 2599 612 2661 novi
629 2598 757 2681 aliquid
774 2600 826 2662 vel
844 2599 1006 2683 indulget,
1016 2601 1049 2663 in
1061 2599 1101 2663 iis
1114 2620 1210 2683 prae·

102 2707 214 2770 sertim
231 2725 319 2787 quae
349 2724 428 2767 cum
452 2702 635 2767 venerabili
665 2703 870 2786 antiquitate
893 2705 1105 2769 conveniant.
1134 2704 1211 2769 Hoc

101 2810 199 2873 etiam
216 2811 320 2874 modo
330 2817 365 2872 et
380 2808 452 2871 eius
464 2806 555 2871 vitae
567 2826 740 2889 nunquam
754 2809 959 2872 senescentis
975 2810 1128 2891 proditur
1144 2810 1204 2885 vis,

101 2923 132 2975 et
146 2912 220 2994 ipsa
236 2908 506 2993 magnificentius
519 2908 644 2974 Christi
657 2929 783 2990 sponsa
800 2910 945 2987 excellit,
961 2930 1063 2993 quam
1076 2920 1210 2976 sancto·

100 3035 170 3078 rum
199 3016 339 3080 Patrum
362 3014 529 3095 sapientia
556 3012 661 3076 veluti
678 3013 916 3077 adumbratam
934 3015 967 3077 in
986 3012 1088 3078 effato
1104 3035 1208 3097 agno-

99 3121 144 3182 vit
159 3117 456 3184 davidicozAstitit
471 3118 586 3199 regina
602 3138 623 3179 a
633 3117 759 3181 dextris
775 3119 843 3180 tuis
859 3120 894 3180 in
910 3117 1030 3181 vestitu
1043 3118 1210 3196 deaurato,

98 3223 296 3289 circumdata
311 3222 491 3294 vanitate„
500 3270 521 3283 ..
539 3221 576 3283 in
579 3220 732 3303 fimbriis
753 3222 874 3301 aureis,
886 3222 1132 3287 circumamicta
1151 3244 1209 3286 oa·

100 3326 294 3409 rietatibus(
312 3327 333 3408 ).

139 3432 310 3516 Quoniam
336 3431 438 3512 igitur
460 3431 544 3493 haec
561 3430 608 3491 rei
625 3429 798 3511 liturgicae
815 3430 1080 3514 disciplinaeque
1098 3432 1205 3495 orien-
1273 3470 1385 3519 Nullum

98 3536 172 3599 talis
187 3538 259 3600 iure
274 3534 417 3617 probata
429 3534 582 3609 varietas,
593 3544 726 3615 praeter
741 3544 869 3597 ceteras
886 3532 1013 3610 laudes,
1026 3536 1205 3601 intantum
1233 3536 1364 3613 affirm

99 3641 198 3704 decus
222 3638 471 3720 utilitatemque
494 3637 667 3700 Ecclesiae
694 3636 910 3712 convertitur,
932 3656 972 3701 eo
1000 3658 1067 3701 non
1095 3639 1205 3704 minus
1232 3602 1388 3716 Qum),

100 3745 284 3824 pertineant
302 3744 448 3806 muneris
465 3742 581 3805 Nostri
598 3751 709 3823 partes
726 3751 871 3822 oportet,
888 3751 975 3804 recte
1002 3750 1037 3806 ut
1061 3742 1104 3806 sit
1127 3763 1205 3807 con·
1232 3734 1384 3848 afficis·

101 3848 230 3925 sultum,
247 3847 387 3931 nequid
404 3846 612 3910 incommodi
630 3846 862 3927 imprudenter
877 3846 1020 3929 obrepat
1047 3848 1091 3911 ab
1118 3850 1203 3912 occi·
1232 3864 1336 3912 trimen-

100 3952 287 4017 dentalibus
300 3951 478 4033 Evangelii
489 3948 706 4027 administris,
719 3968 804 4031 quos
820 3952 934 4014 adeas
951 3963 1069 4033 gentes
1080 3948 1204 4016 Christi
1231 3936 1295 3989 ’Μ’
1321 3946 1349 3978 ‘¹‘

1232 4002 1290 4043 rata
1296 4003 1354 4059 per·

101 4056 215 4119 caritas
239 4065 367 4139 urgeat.
388 4093 432 4103 -
459 4054 549 4117 Rata
575 4052 711 4135 quidem
741 4063 941 4135 permanent
969 4054 1113 4136 quaein
1142 4054 1205 4119 hoc
1232 4069 1351 4110 maneant

101 4154 297 4223 Benedictus
314 4157 412 4235 XIV,
429 4156 596 4220 Decessor
612 4156 736 4220 Noster
763 4156 910 4233 illustris,
934 4159 1102 4239 sapienter
1129 4179 1205 4241 pro·
1231 4128 1384 4241 {ffl‘ijd‘

101 4260 236 4344 videque
247 4263 396 4327 decrevit
407 4281 466 4342 per
476 4259 765 4326 constitutionem
777 4260 1034 4337 Demandatom,
1047 4262 1080 4324 in
1098 4260 1205 4326 forma
1231 4256 1351 4371 ciffi&

131 4404 149 4437 1.
162 4395 259 4448 Marti„
272 4406 301 4450 11,
315 4408 361 4441 η
380 4418 409 4429 -
424 4408 445 4440 2.
464 4394 599 4451 Ps.,xr.1v.

175 4555 228 4600 aco
236 4557 316 4601 honis
327 4556 396 4600 xm·
1013 4560 1038 4602 V.
1048 4580 1073 4590 -
1083 4572 1108 4599 ao
