3117 4859
360 281 430 369 136
482 300 674 353 insanae
693 303 950 357 neosnomcna
974 294 993 319 ‘⁶
1013 300 1242 353 annv1ss1uc
1262 279 1348 355 uos.
1372 280 1388 306 ’⁸

355 450 443 527 tatis,
459 453 666 530 temeritatis,
679 455 809 529 erroris,
823 464 857 517 at
875 476 953 519 vero
967 456 1010 519 ab
1026 474 1094 518 uua
1110 454 1166 516 illa
1183 455 1373 537 eademque
1388 454 1466 517 doc-

354 553 461 617 trinae
471 555 588 635 forma‚
604 566 782 640 tantopere
808 560 997 623 desiderata
1013 571 1048 623 et
1063 559 1311 634 commendata,
1328 578 1466 639 prorsus

243 666 330 730 Magis
353 658 572 727 discederent.
590 662 699 743 quue
708 663 856 727 deterius
874 662 976 741 lieret,
992 664 1019 725 si
1036 661 1201 726 eiusmodi
1213 661 1316 725 libera
1331 662 1466 743 opinio-

230 733 277 780 illa
288 733 330 781 lex
379 762 387 777 .
488 764 495 779 .
749 768 756 781 ,
907 768 915 782 ,
1383 768 1391 781 ι

204 798 296 860 ,bh-g„
305 799 331 845 „-
354 782 405 824 nrs
421 783 518 845 copia
534 767 576 829 ad
594 787 634 829 ea
650 768 824 831 doctrinae
841 776 952 849 capita
968 768 1189 831 advocaretur
1204 786 1290 849 quae
1307 766 1464 831 Societas

178 862 329 990 mim
354 867 387 928 in
404 868 699 932 constitutionibus
716 881 819 953 atque
835 874 868 935 in
882 872 1029 935 elenchis
1050 892 1109 953 per
1124 890 1276 935 summos
1292 871 1467 953 praeposi·

222 993 329 1043 smum
354 980 415 1047 tos,
437 972 597 1036 mandatu
624 973 935 1058 Congregationum
966 976 1182 1059 generalium,
1199 975 1374 1051 confectis,
1399 977 1464 1038 iam

175 1060 329 1173 suffla
353 1087 467 1159 aperte
480 1079 575 1140 iussit
591 1077 635 1140 ab
652 1078 814 1140 universis
831 1080 1043 1143 admittenda
1056 1098 1132 1142 ”sse
1149 1080 1200 1142 vel
1218 1078 1446 1162 improbanda
1460 1098 1466 1153 ;

177 1177 330 1303 algimari
353 1201 440 1263 quae
456 1181 592 1245 libertas
616 1183 649 1244 in
666 1181 838 1245 licentiam
871 1194 905 1245 et
932 1183 1066 1265 culpam
1098 1184 1371 1247 descisceret.-
1391 1182 1466 1245 Hoc

179 1321 231 1369 bos.
354 1283 469 1365 legifer
486 1284 585 1349 Pater
601 1294 773 1367 tamquam
792 1286 1012 1351 fundamento
1029 1289 1060 1350 in
1074 1287 1244 1354 Societate
1259 1288 1383 1368 posito,
1400 1306 1465 1379 quo

352 1397 524 1467 praeterea
541 1388 664 1452 iudicio
678 1390 877 1465 excellebat,
894 1402 1019 1454 certam
1037 1393 1108 1474 ipse
1125 1412 1225 1455 unam
1246 1391 1377 1473 delegit
1402 1390 1464 1453 for·

210 1486 327 1563 Sagra.
354 1515 444 1557 mam
460 1496 770 1580 doctrinae,quam,
786 1504 905 1577 utpote
934 1496 1084 1559 maxime
1110 1497 1261 1559 omnium
1290 1497 1459 1575 integram

204 1560 328 1681 officii}
352 1608 386 1660 et
402 1598 614 1678 eminentem,
630 1599 850 1664 consensione
863 1598 1051 1681 sapientum
1066 1609 1098 1663 et
1115 1601 1275 1663 diuturno
1293 1620 1356 1662 usu
1374 1618 1462 1663 com·

194 1682 329 1811 “T‘ffigss’j
354 1703 539 1781 probatam,
557 1724 636 1785 prae
652 1703 770 1767 ceteris
793 1704 837 1766 ab
855 1702 1008 1766 Ecclesia
1034 1703 1216 1780 laudatam,
1232 1704 1318 1766 bene
1353 1702 1463 1785 potuit

189 1815 329 1890 catanam
354 1804 429 1867 filiis
455 1808 523 1869 suis
548 1808 783 1890 praescribere,
809 1828 923 1871 eorum
958 1808 1125 1871 mentibus
1157 1826 1223 1871 non
1254 1809 1362 1871 modo
1399 1806 1463 1869 vim

196 1880 328 1994 S‘ffss]
354 1906 651 1990 afferensnullam,
667 1913 724 1975 sed
743 1911 849 1973 immo
867 1910 1026 1992 pabulum
1044 1910 1210 1974 exhibens
1228 1911 1460 1992 incorruptum

212 2010 327 2071 Plantae,
354 2024 387 2077 et
403 2015 548 2079 salutare
568 2038 575 2094 ;
591 2038 698 2098 eaque
714 2014 777 2078 fuit
804 2016 958 2078 doctrina
976 2015 1010 2079 S.
1024 2014 1178 2078 Thomae
1195 2014 1405 2095 Aquinatise
1424 2010 1463 2073 In

354 2117 511 2200 theologia
525 2119 652 2201 legetur
668 2168 674 2180 .
697 2169 703 2180 .
728 2167 735 2180 .
760 2116 930 2181 ‚doctrina
945 2117 1134 2181 scholastica
1150 2117 1237 2180 Divi
1254 2116 1427 2196 Thamar(
1443 2114 1462 2195 ).

356 2220 546 2285 Fatendum
566 2242 646 2284 sane
662 2232 712 2285 est
729 2232 882 2284 sanctum
898 2221 1137 2299 Fundatorem,
1154 2222 1248 2286 salvo
1265 2224 1405 2305 quidem
1423 2220 1462 2282 de

356 2320 513 2384 uniformi
538 2324 690 2387 doctrina
715 2333 904 2404 praecepto,
932 2325 1070 2404 eiusque
1098 2325 1143 2386 rei
1174 2343 1291 2388 caussa
1308 2322 1460 2388 doctrina

208 2476 329 2535 mmm
355 2425 511 2507 Angelici
527 2425 727 2509 anteposita,
738 2435 899 2501 attamen,
916 2437 951 2490 ut
962 2436 1056 2508 patet
1082 2446 1127 2489 ex
1145 2427 1258 2491 multis
1283 2428 1367 2490 locis
1384 2442 1458 2488 con·

194 2549 327 2619 ranenpo-
353 2530 579 2605 stitutionum‚
609 2531 701 2592 suavi
728 2531 876 2612 quadam
909 2530 1086 2611 prudentia
1118 2531 1292 2612 reliquisse
1319 2528 1460 2612 posteris

177 2608 328 2721 ⁵222-ssss
353 2632 548 2697 facultatem
565 2633 794 2719 designandae
816 2634 998 2709 doctrinae,
1009 2654 1109 2716 quam
1128 2644 1162 2697 et
1178 2644 1312 2716 tempus
1329 2643 1364 2698 et
1391 2632 1460 2713 ipsa

176 2737 330 2817 designatae]
353 2758 461 2801 rerum
494 2738 649 2802 tractatio
667 2738 828 2803 Societati
859 2738 1023 2821 aptiorem
1048 2758 1120 2801 esse
1144 2749 1459 2818 monerentzaeque

172 2805 327 2934 prim?
352 2863 430 2905 vero
448 2842 631 2921 fatendum,
644 2844 762 2906 eadem
780 2851 932 2925 posteros
951 2842 1111 2905 facultate
1130 2844 1256 2907 iamdiu
1284 2862 1358 2909 esse
1375 2856 1461 2911 usos,

178 2936 326 3049 rehem
353 2959 455 3030 atque
485 2948 715 3011 laudatissime
745 2968 832 3023 usos,
856 2967 924 3028 quo
956 2947 1057 3028 plane
1089 2950 1191 3011 modo
1214 2948 1356 3012 decebat
1375 2942 1459 3010 tanti

232 3036 239 3050 ⁹
353 3053 457 3134 patris
475 3051 569 3129 filios,
585 3054 655 3115 eius
673 3051 775 3114 animi
798 3063 832 3115 et
854 3052 988 3115 virtutis
1010 3050 1158 3116 heredes.
1177 3052 1312 3116 Etenim
1335 3053 1369 3115 in
1387 3064 1461 3111 con·

353 3156 549 3239 gregatione
564 3177 593 3219 v.
610 3154 757 3237 generali
773 3164 1079 3219 commemorantes
1096 3164 1208 3238 patres
1231 3157 1360 3219 monita
1386 3169 1461 3215 con·

221 3267 327 3331 Haesu-
353 3263 576 3337 stitutionum‚
589 3260 689 3322 unius
702 3259 870 3341 scriptoris
885 3259 1068 3322 doctrinam
1092 3259 1275 3341 eligendam
1291 3280 1366 3336 esse,
1381 3272 1458 3319 una·

176 3333 327 3447 lig‘ffl,
354 3365 436 3427 nimi
451 3383 615 3427 consensu
632 3372 832 3437 statuerunt,
847 3362 1030 3425 doctrinam
1049 3361 1085 3425 S.
1103 3362 1134 3425 T
1130 3362 1243 3425 homae
1259 3362 1293 3426 in
1304 3355 1459 3440 theologia

190 3464 327 3527 Congregc·
352 3468 541 3531 scholastica
557 3478 726 3548 tamquam
742 3465 937 3542 solidiorem,
952 3466 1153 3541 securiorem,
1178 3468 1285 3549 magis
1306 3460 1457 3549 approba·

177 3530 327 3656 {lislam
354 3582 422 3634 tarn
438 3582 470 3635 et
482 3579 728 3634 consentaneam
743 3569 1025 3633 constitutionibus
1045 3570 1240 3651 sequendam
1255 3590 1321 3633 essa
1331 3570 1374 3651 (²)
1390 3562 1457 3629 :cui

183 3658 329 3773 alama
354 3675 488 3736 decreto
513 3694 581 3755 quo
602 3671 677 3753 plus
701 3671 869 3736 firmitatis
888 3673 1072 3749 accederet,
1095 3672 1178 3735 haec
1204 3673 1324 3737 addita
1348 3668 1455 3735 volue-

177 3791 207 3838 tn
230 3789 327 3838 nato-
354 3788 448 3841 runt:
462 3776 583 3841 Nostri
595 3775 726 3840 omniuo
740 3776 775 3841 S.
798 3776 829 3839 T
825 3776 954 3839 hornam
977 3786 1014 3839 ut
1033 3777 1207 3859 proprium
1229 3776 1386 3839 doctorem
1400 3773 1454 3837 ta·

176 3856 327 3970 taihhashll]
353 3880 456 3957 beant,
472 3901 579 3964 eoque
590 3882 736 3961 amplius
750 3892 785 3945 ut
796 3880 1146 3943 nullusaddocendum
1159 3880 1351 3963 theologiam
1367 3897 1453 3943 assu·

175 3988 275 4036 trinam
297 3988 324 4037 S·
353 3993 474 4061 matur,
488 3984 548 4066 qui
561 4004 625 4046 non
639 3984 686 4045 sit
700 4004 773 4046 vere
791 3984 826 4048 S.
849 3983 880 4045 T
876 3983 990 4047 homae
1004 3982 1173 4047 doctrinae
1194 3984 1386 4059 studiosus;
1399 3972 1454 4061 qui

179 4052 295 4102 Thomas.
353 4110 427 4151 aero
441 4088 483 4151 ab
497 4108 531 4153 co
546 4097 625 4151 sunt
638 4087 749 4165 alieni,
764 4086 897 4151 omniuo
908 4098 1135 4151 removeantur
1150 4087 1201 4169 (3).
1221 4086 1317 4171 Quae
1333 4082 1451 4153 omnia·

352 4199 423 4254 tam
437 4190 647 4254 considerate
663 4200 697 4254 et
709 4191 890 4271 prudenter
906 4189 1070 4266 consulta,
1082 4192 1193 4272 potius
1209 4210 1311 4272 quam
1328 4190 1448 4253 diutur-
