3117 4859
404 394 457 445 DE
485 396 651 449 ROSARIO
677 398 850 449 MARIALI.
1114 400 1182 471 113

79 546 221 629 complet
237 556 271 610 et
295 546 374 609 beat
389 546 500 628 gratia
515 566 575 610 sua
595 570 602 624 ;
618 547 768 629 ipsaque,
784 547 888 611 allato
904 547 1039 613 caelesti
1055 549 1184 627 nuntio,
1280 562 1298 609 8

80 651 279 731 designatur,
293 669 340 711 ex
367 668 443 731 qua,
470 649 593 713 virtute
619 660 741 732 agente
768 650 913 732 Spiritus
940 650 1066 731 Sancti,
1081 673 1183 734 expe·
1249 619 1323 731 idda?

78 764 183 818 ctatus
197 752 253 815 ille
266 752 428 818 Servator
443 754 595 834 gentium
609 763 723 816 nostra
737 754 769 815 in
788 754 998 818 humanitate
1013 755 1057 818 sit
1072 756 1184 839 prodi·
1242 782 1278 829 J„
1287 784 1345 831 Ma-

79 872 174 923 turus.
195 855 429 921 Celsissimum
448 857 626 938 dignitatis
641 859 784 940 gradum
803 866 930 939 quanto
947 860 1021 942 plus
1033 879 1074 923 ea
1086 862 1184 924 mira·
1210 848 1336 961 mali&

79 972 127 1023 tur
141 971 174 1025 et
190 961 320 1025 muneri
341 962 458 1024 tribuit
475 962 605 1043 potenti
625 962 898 1045 misericordique
914 963 998 1040 Deo,
1021 972 1118 1029 tanto
1140 984 1185 1043 se,
1211 929 1362 1041 &maricu-

80 1064 193 1128 nullius
220 1065 284 1129 sibi
307 1066 442 1129 conscia
458 1066 600 1142 virtutis,
624 1064 783 1147 deprimit
808 1064 977 1141 humilius,
993 1083 1095 1149 seque
1120 1067 1185 1130 Dei
1212 1044 1363 1103 corradicat,-

80 1165 240 1245 ancillam,
264 1167 336 1230 eius
359 1166 440 1229 dum
473 1164 509 1228 fit
542 1174 658 1241 mater,
687 1175 847 1248 prompto
874 1166 988 1229 animo
1021 1167 1121 1231 edicit
1151 1174 1185 1229 ct

80 1271 224 1335 devovet.
241 1269 345 1353 Quod
369 1278 483 1333 autem
509 1269 658 1351 pollicita
675 1280 791 1332 sancte
808 1278 868 1345 est,
884 1270 917 1333 id
935 1270 1052 1333 alacris
1069 1282 1185 1334 sancte
1212 1310 1309 1345 consors
1311 1296 1350 1360 fir

81 1384 230 1455 praestat,
245 1376 313 1438 iam
344 1383 416 1436 tum
444 1382 707 1455 perpetuatum
732 1375 806 1437 lesu
832 1374 909 1449 filio,
931 1375 973 1437 ad
990 1376 1114 1457 gaudia
1141 1378 1185 1440 ad
1212 1358 1364 1474 ‘mam

81 1480 235 1557 lacrimas,
257 1480 497 1543 communione
527 1480 616 1542 vitae
641 1478 804 1543 instituta.
833 1479 889 1545 Sic
907 1470 983 1545 'tale
1014 1480 1185 1564 fastigium
1210 1440 1364 1540 {doraum

81 1584 205 1667 gloriae,
228 1592 266 1647 ut
292 1602 393 1647 nemo
418 1583 503 1646 alius
528 1602 588 1646 nec
614 1582 717 1645 homo
745 1603 806 1646 nec
835 1584 985 1665 angelus,
1010 1583 1186 1663 obtinebit,
1206 1557 1347 1673 {3²:35ss

81 1688 151 1770 quia
180 1705 259 1751 cum
286 1686 360 1767 ipsa
385 1706 486 1751 nemo
516 1686 579 1750 erit
602 1688 763 1751 virtutum
792 1689 981 1770 promeritis
1014 1688 1185 1754 conferen-
1214 1689 1336 1767 tarenzsic

81 1793 137 1855 dus
149 1812 158 1869 ;
172 1793 220 1854 sic
235 1810 313 1875 ⁴eam
331 1792 442 1871 superi
458 1800 493 1854 et
509 1792 671 1855 mundani
694 1793 788 1873 regni
806 1804 919 1856 manet
943 1814 1078 1871 corona,
1094 1794 1185 1877 quod
1214 1760 1345 1803 meritura.

84 1898 196 1961 invicta
212 1897 327 1961 futura
342 1898 386 1961 sit
402 1896 518 1979 regina
536 1906 737 1980 martyrum;
753 1899 800 1960 sic
817 1899 850 1961 in
868 1898 1004 1963 caelesti
1022 1898 1087 1961 Dei
1107 1899 1186 1961 civi-

82 2011 143 2065 tate
157 2022 215 2083 per
231 2000 467 2066 aeternitatem
484 2020 620 2064 omnem
637 2009 798 2064 coronata
815 2002 976 2065 assidebit
993 2003 1035 2064 ad
1054 2001 1187 2079 Filium,

82 2108 161 2190 quod
177 2115 375 2171 constanter
389 2126 449 2189 per
464 2124 601 2169 omnem
629 2104 744 2182 vitam,
759 2105 1033 2170 constantissime
1059 2106 1092 2168 in
1110 2104 1185 2170 Cal-

84 2210 171 2287 raria,
186 2212 434 2275 redundantem
448 2210 583 2273 tristitia
591 2209 730 2273 calicem
742 2209 786 2272 sit
802 2229 879 2272 cum
890 2208 948 2272 illo
969 2208 1185 2277 exhaustura.

83 2314 214 2378 -Ecce
231 2322 345 2377 autem
358 2313 390 2376 in
409 2313 518 2375 Maria
533 2312 664 2376 virtutis
675 2314 785 2377 omnis
797 2312 971 2395 exemplar
984 2332 1060 2375 vere
1077 2312 1185 2376 bonus
1247 2320 1323 2399 Arri·-

85 2426 113 2479 et
130 2416 308 2499 providens
337 2414 431 2477 Deus
458 2414 633 2479 constituit
661 2412 759 2477 nobis
786 2412 1018 2495 aptissimum:
1044 2432 1186 2496 eamque
1214 2386 1365 2501 5523}ssss

84 2522 177 2583 oculis
191 2528 226 2584 et
250 2518 457 2601 cogitatione
486 2520 664 2594 intuentes,
696 2538 762 2581 non
791 2518 932 2594 animos,
955 2518 1051 2601 quasi
1081 2518 1184 2581 divini
1212 2519 1356 2595 plarDegcs

85 2625 217 2687 numinis
234 2622 364 2706 fulgore
376 2622 553 2705 perstricti,
569 2622 830 2704 despondemus,
847 2622 905 2685 sed
923 2642 968 2684 ex
985 2622 1058 2705 ipsa
1075 2621 1186 2686 allecti
1215 2583 1350 2713 iiii-357²?

84 2727 261 2790 communis
277 2727 528 2809 propinquitate
555 2735 704 2802 naturae,
719 2724 877 2789 fidentius
894 2727 936 2788 ad
962 2724 1186 2789 imitationem
1211 2716 1365 2829 Ρῖἔζξόἐζι

85 2830 238 2894 enitimur.
268 2830 332 2895 Cui
356 2829 513 2893 studiosi
545 2850 616 2905 nos,
632 2849 672 2892 ea
693 2830 842 2892 maxime
876 2828 1066 2905 adiuvante,
1097 2837 1187 2893 totos
1216 2796 1366 2920 iilumque

86 2932 309 3011 dediderimus,
326 2933 439 2998 licebit
455 2933 607 3016 profecto
630 2933 763 2997 virtutis
789 2942 904 2997 tantae
931 2932 1188 3015 sanctitatisque
1215 2916 1365 2959 „armam-

1216 2982 1257 3025 est.
1281 2976 1349 3025 Eam

87 3034 278 3103 lineamenta
295 3039 413 3101 saltem
431 3038 630 3121 exprimere,
646 3047 679 3102 et
696 3058 797 3122 quam
822 3036 1063 3101 admirabiliter
1079 3036 1187 3101 tenuit
1216 3042 1314 3090 imitati
1325 3043 1353 3089 ru

87 3142 124 3203 ad
148 3136 261 3206 omnia
292 3142 357 3205 Dei
388 3141 528 3206 consilia
559 3142 837 3225 aequabilitatem
868 3143 968 3219 vitae,
998 3139 1188 3216 referentes,
1214 3107 1366 3236 mullo·

88 3243 184 3323 ipsam
201 3244 314 3309 licebit
331 3245 488 3329 subsequi
506 3246 549 3310 ad
565 3244 705 3309 caelum.
721 3284 765 3293 —
783 3246 856 3308 Iam
874 3264 934 3308 nos
948 3242 1186 3326 peregrinatio·
1216 3238 1353 3351 ''ny‘slauztjg

89 3366 156 3411 nem
169 3369 209 3412 eo
224 3358 427 3431 susceptam,
442 3350 596 3433 quamvis
613 3368 733 3432 aspera
750 3348 930 3431 multisque
947 3349 990 3412 sit
1011 3344 1187 3411 difficulta·
1215 3309 1347 3417 auxilium

88 3451 166 3515 tibus
181 3454 354 3535 impedita,
364 3455 515 3518 animose
537 3452 735 3536 fortiterque
747 3454 942 3517 insistamus
958 3475 966 3530 ;
982 3472 1065 3516 neve
1086 3451 1186 3515 mole·
1215 3433 1369 3549 {2²²0}ssssss

89 3555 176 3620 stiam
192 3559 278 3622 inter
294 3568 328 3622 et
344 3558 494 3622 laborem
511 3578 678 3622 cessemus
694 3559 832 3622 tendere
845 3558 887 3621 ad
906 3556 1049 3620 Mariam
1062 3554 1187 3639 suppli·
1211 3564 1314 3641 gastris,
1330 3570 1359 3611 ur

87 3660 159 3723 citer
175 3682 293 3725 manus
310 3663 343 3725 in
359 3682 415 3725 eas
445 3662 618 3725 Ecclesiae
633 3681 753 3726 voces:
770 3660 832 3723 Ad
855 3670 885 3724 te
914 3661 1121 3743 suspiramus
1131 3681 1187 3743 ge·
1212 3631 1345 3761 mm

89 3775 198 3829 ruentes
211 3766 363 3849 efflantes
375 3768 409 3829 r'n
425 3767 486 3829 lrac
508 3766 724 3830 lacrimarum
740 3766 892 3842 valle,·...
912 3766 985 3829 illos
1006 3776 1078 3830 tuos
1093 3766 1187 3829 mise·
1215 3777 1271 3812 mus
1291 3766 1366 3809 aeter·

90 3866 217 3932 ricordes
235 3871 339 3934 oculos
364 3871 413 3934 ad
424 3892 481 3934 nos
503 3880 658 3934 converte.
684 3868 797 3933 Vitam
805 3879 941 3952 praesta
960 3880 1095 3952 puram,
1126 3869 1191 3932 iter
1216 3843 1285 3877 nam.

84 3980 161 4048 pora
175 3981 293 4051 tutum,
305 3983 343 4037 ut
356 3975 502 4038 videntes
514 3974 633 4049 ferrem,
644 3974 1043 4059 sempercollaetemurp).
1062 3974 1110 4037 At
1123 3974 1189 4051 illa,

92 4092 175 4153 quae,
200 4078 336 4141 tametsi
355 4078 480 4141 nullam
499 4080 532 4141 in
550 4099 585 4142 se
601 4100 709 4161 passa,
725 4079 936 4143 debilitatem
954 4088 1093 4144 naturae
1113 4099 1189 4142 nos-

92 4186 153 4241 trae
169 4182 452 4266 vitiositatemque
465 4185 643 4267 pernoscit,
653 4205 807 4266 quaeque
819 4194 963 4248 matrum
977 4184 1128 4248 omnium
1139 4193 1190 4247 cst

92 4283 210 4361 optima
229 4297 260 4350 et
276 4287 533 4361 studiosissima,
548 4308 650 4369 quarn
667 4289 764 4351 nobis
780 4298 971 4369 opportune
991 4288 1190 4370 prolixeque

120 4418 139 4450 ι.
151 4408 190 4453 Ex
198 4424 257 4458 sacr.
271 4412 357 4473 liturg.

139 4542 192 4583 Acta
201 4542 283 4587 Leonis.
1073 4548 1100 4591 V.
1111 4554 1157 4591 -8
