3117 4859
362 413 1429 490 wmssmmffifflmffl
1450 432 1461 454 f·

252 1283 268 1330 ο
360 1265 771 1338 ᾍΜᾈΟΟΝΟῊΜΠΕ
792 1283 874 1326 sane
897 1263 1049 1337 libentes,
1067 1261 1271 1328 Sodaiitium
1288 1283 1465 1327 romanum

192 1330 326 1448 deff*
359 1322 545 1590 {fflg
568 1368 687 1430 studiis
699 1367 837 1449 optimis
849 1367 1085 1445 excolendis,a
1099 1367 1302 1433 Sebastiano
1319 1367 1468 1450 Martyre

244 1495 385 1570 Prqoarqq
520 1483 813 1572 quuncupatum,
842 1473 927 1537 veile
961 1475 1126 1552 proximis
1159 1474 1290 1551 diebus,
1322 1485 1360 1537 te
1396 1492 1469 1536 cum

123 1653 125 1660 ,
204 1556 335 1662 ,3ssssss
361 1575 546 1647 idaim&
569 1576 708 1641 delectis
735 1576 810 1640 aliis
832 1577 1002 1642 nonnuliis
1024 1598 1138 1642 curam
1155 1589 1288 1660 agente,
1304 1576 1471 1661 Torquati

192 1677 335 1782 ww
361 1683 459 1746 Tassi
485 1682 618 1765 publice
642 1701 806 1745 ronovare
831 1681 1040 1759 memoriam,
1055 1683 1155 1746 tertio
1170 1683 1215 1746 ab
1230 1702 1376 1745 excessu
1404 1682 1472 1744 eius

206 1794 334 1864 mammea
358 1789 564 1852 circumacto
588 1785 732 1850 saeculo.
761 1784 937 1849 Honorem
964 1788 1104 1850 merenti
1125 1787 1239 1864 habet,
1254 1785 1425 1868 simulque
1441 1805 1473 1846 se

208 1856 235 1901 T'
253 1854 331 1906 Tam.
358 1889 457 1956 ornat
474 1893 582 1972 ipsam
597 1889 741 1953 societas
757 1899 868 1952 vestra
884 1891 999 1972 magni
1019 1891 1344 1955 commemoratione
1361 1890 1449 1954 vatis
1464 1912 1473 1969 ;

358 1999 411 2059 cui
435 1995 572 2077 quidem
599 1992 664 2057 hoc
688 1993 792 2057 etiam
818 1994 955 2057 nomine
980 1995 1095 2078 aiiqua
1110 1995 1252 2059 debetur
1268 1991 1470 2074 significatio

358 2108 503 2182 postera,
513 2098 603 2180 quod
617 2097 712 2160 iustis
725 2097 909 2162 honoribus
920 2098 982 2162 frui
996 2100 1074 2164 vivo
1084 2119 1150 2163 non
1165 2098 1267 2162 licuit.
1285 2095 1472 2179 Quoniam·

358 2224 424 2284 que
453 2202 517 2266 hoc
548 2211 599 2264 est
628 2220 810 2264 commune
840 2203 1034 2267 institutum
1061 2212 1221 2277 vestrum,
1250 2203 1471 2284 ingenuarum

358 2307 492 2384 artium,
508 2305 644 2388 auspice
660 2306 692 2367 in
710 2305 828 2386 primis
844 2306 1011 2387 sapientia
1026 2307 1219 2384 christiana,
1234 2325 1398 2368 exercere
1410 2314 1473 2366 stu·

358 2411 425 2488 dia,
447 2410 590 2474 addecet
613 2408 764 2492 proiecto
780 2419 814 2472 et
830 2420 1096 2474 consentaneum
1113 2421 1173 2486 est,
1188 2411 1296 2473 virum
1313 2405 1473 2472 celebrari

359 2535 379 2578 a
395 2514 491 2578 vobis
507 2533 618 2596 quem,
633 2515 660 2577 si
679 2533 792 2577 verum
809 2515 989 2596 quaeritur,
1005 2534 1211 2597 magnopere
1225 2513 1312 2577 aluit
1334 2515 1381 2576 ad
1406 2509 1474 2594 gio·

181 2619 335 2738 Δῖἕξζζζῖννζξ
360 2618 444 2682 riam
469 2617 610 2681 haustus
631 2637 677 2680 ex
701 2618 820 2683 intima
837 2617 999 2700 religione
1014 2620 1160 2702 spiritus.
1177 2619 1212 2681 Is
1228 2618 1329 2695 enim,
1346 2633 1473 2680 memo·

181 2737 336 2785 tentamus
361 2742 473 2786 ramus
500 2721 618 2804 ignota
642 2723 779 2798 nemini,
798 2742 858 2805 per
879 2724 989 2786 varios
1004 2726 1094 2787 vitae
1110 2743 1208 2787 casus
1224 2740 1352 2805 perque
1370 2719 1473 2784 muita

193 2798 333 2858 ’ΝΜ
361 2835 531 2890 tormenta
546 2825 708 2903 fortunae,
725 2826 862 2891 retinuit
871 2829 997 2891 avitam
1014 2827 1115 2892 fidem
1132 2829 1166 2890 in
1183 2827 1277 2891 omni
1294 2827 1365 2889 vita
1374 2821 1474 2888 comi·

361 2939 451 2994 tem:
475 2931 634 3012 quodque
659 2931 767 3011 magis
792 2933 895 2994 etiam
920 2933 964 3008 id,
988 2932 1079 3013 quod
1104 2933 1266 3007 diximus,
1287 2927 1473 3000 confirmat,

360 3043 441 3099 tunc
457 3055 533 3098 vere
554 3015 617 3098 est¹
632 3033 869 3098 excellentiam
895 3048 1070 3100 assecutus
1092 3056 1196 3119 quum
1213 3036 1343 3117 agitare
1360 3038 1469 3096 mente

360 3139 506 3203 instituit
531 3137 721 3202 immortale
747 3137 906 3221 idemque
933 3161 1000 3204 non
1027 3140 1090 3204 nisi
1118 3139 1291 3221 religionis
1315 3137 1473 3200 instinctu

360 3255 518 3327 coeptum
549 3249 789 3324 patratumque
819 3242 956 3309 facinus.
990 3245 1081 3308 Hinc
1111 3245 1183 3308 eius
1213 3242 1344 3307 exarsit
1374 3241 1474 3304 virtus

360 3349 492 3429 poetica
509 3367 598 3410 novo
612 3346 761 3427 quodam
779 3349 949 3412 concitata
964 3347 1081 3414 afflatu
1095 3373 1103 3414 z
1118 3345 1361 3427 mandavitque
1378 3341 1472 3406 versi-

359 3454 421 3516 bus
449 3471 516 3516 non
544 3449 697 3514 fabulosa
720 3457 778 3514 aut
795 3448 932 3529 ludicra,
947 3454 1006 3515 sed
1024 3472 1196 3536 magnum,
1211 3451 1239 3513 si
1259 3449 1352 3530 quod
1376 3444 1472 3518 aliud,

360 3555 402 3617 de
428 3557 528 3620 rebus
556 3555 689 3636 magnis
716 3553 889 3620 duellum:
919 3558 1093 3621 veritatem
1122 3575 1198 3620 cum
1228 3552 1474 3635 superstitione,

361 3659 533 3742 Europam
550 3678 627 3722 cum
645 3658 799 3720 barbaria
815 3657 1043 3724 dimicantem.
1062 3660 1182 3742 Neque
1210 3657 1302 3720 enim
1328 3664 1472 3719 tantum-

360 3763 463 3826 modo
487 3763 530 3826 de
559 3761 789 3825 monumentis
816 3763 1046 3842 sanctissimis,
1061 3783 1176 3827 verum
1204 3763 1247 3824 de
1275 3758 1385 3823 salute
1406 3759 1474 3838 ipsa

360 3865 571 3930 excultarum
589 3865 753 3948 gentium,
768 3865 879 3947 deque
895 3887 1026 3932 summa
1043 3867 1245 3931 christianae
1265 3861 1475 3945 reipublicae,

359 3967 447 4031 ferro
462 3971 504 4032 ad
524 3969 764 4050 Hierosolyma
784 3971 991 4036 cernebatur.
1008 3970 1238 4055 Quamobrem
1257 3969 1285 4031 si
1303 3986 1370 4030 non
1388 3961 1474 4028 dele·

360 4073 467 4136 ctatio
481 4073 553 4135 soia
568 4092 589 4135 a
608 4074 725 4154 poetis,
743 4072 803 4134 sed
819 4071 945 4138 fructus
960 4076 1081 4160 aliquis
1097 4074 1267 4139 exceliens
1285 4090 1361 4135 cum
1386 4066 1473 4131 dele·

361 4176 509 4239 ctatione
525 4177 724 4240 coniunctus
742 4177 942 4257 exquiritur,
956 4191 1045 4244 certe
1059 4181 1091 4243 in
1106 4177 1313 4242 nostratibus
1326 4174 1473 4252 Torqua·

362 4291 416 4342 tus
432 4279 475 4342 de
496 4279 677 4343 christiana
705 4298 837 4342 morum
854 4282 1045 4347 urbanitate
1062 4284 1212 4346 maxime
1228 4278 1388 4354 omnium,
1410 4289 1472 4337 uno

189 4363 337 4466 ffl‘m‘*
363 4393 508 4465 excepto
525 4383 724 4464 Aiighierio,
741 4385 871 4447 meruit.
888 4387 1004 4471 Atque
1019 4388 1107 4451 hanc
1122 4387 1194 4449 eius
1210 4385 1354 4458 iaudem,
1368 4393 1469 4461 quan·
