3117 4859
282 551 602 634 urusuoun
634 548 1000 631 enormen

397 756 455 817 Ad
481 756 689 827 Episcopus
712 754 886 815 Polonos.

168 926 234 985 ou
254 922 412 981 uenus
433 917 828 981 acccus1nsr1c1s
850 918 1112 980 gononum.

274 1238 450 1290 ARITATIS
494 1221 795 1305 providentiaeque
837 1220 985 1283 Nostrae
1030 1222 1198 1303 peculiare
1289 1256 1319 1300 ιφ

85 1240 273 1611 K}
295 1328 525 1391 testimonium
552 1326 641 1407 quod
673 1324 748 1387 aliis
774 1321 948 1387 catholicis
964 1327 1122 1405 gentibus
1138 1348 1197 1409 per
1238 1300 1365 1417 Mfsssf‘

112 1312 273 1551 —C-'E
295 1422 470 1489 intervalla
496 1419 724 1497 exhibuimus,
738 1431 785 1495 ut,
807 1420 896 1485 datis
911 1426 955 1488 ad
972 1446 1086 1490 earum
1116 1430 1196 1512 Epi·
1263 1470 1378 1534 Jamdru

294 1546 415 1610 scopos
439 1526 664 1609 singularibus
680 1526 810 1603 litteris,
825 1526 1031 1596 documenta
1047 1532 1196 1616 Aposto-
1224 1538 1352 1598 exoptavit

99 1637 107 1651 ·
403 1631 411 1645 ·
458 1629 466 1644 ·
580 1629 589 1643 ·
737 1631 744 1644 ·
806 1630 814 1645 ·
854 1632 887 1646 ··
1038 1637 1046 1651 .
1225 1601 1304 1649 Ponti
1313 1619 1345 1651 ex

86 1636 167 1700 lrcae
194 1636 429 1699 exhortatonrs
456 1638 711 1711 impernremus,
736 1630 769 1692 rd
787 1630 940 1697 srmrlrter
968 1636 1064 1700 vobis
1076 1658 1122 1701 ex
1136 1658 1196 1721 op·
1224 1602 1343 1717 palm

86 1740 292 1823 portunitate
318 1746 488 1819 praestare
506 1753 615 1817 posse,
624 1734 757 1797 ‘iamdiu
774 1735 847 1800 Nos
856 1736 977 1818 ingens
993 1740 1195 1807 desiderium
1224 1733 1324 1781 [ΨΜ

86 1847 231 1911 tenebat.
259 1841 426 1927 Equidem
454 1838 617 1923 populum
643 1840 755 1917 istum,
782 1860 914 1923 genere,
944 1864 1107 1925 sermone,
1124 1847 1197 1911 reli·
1225 1898 1254 1947 in
1269 1901 1376 1950 resirma-

86 1952 179 2032 gioso
209 1949 272 2013 ritu
299 1946 438 2022 varium,
462 1964 531 2009 uno
548 1943 621 2007 Nos
637 1963 785 2021 omnem,
800 1945 891 2028 quod
916 1946 1000 2012 alias
1015 1950 1197 2029 ediximus,
1225 1964 1375 2014 niumcarr-

87 2058 272 2137 eodemque
287 2054 401 2117 studio
416 2049 672 2133 complectimur
682 2060 716 2114 et
733 2048 885 2115 fovemus
901 2075 910 2133 ;
926 2074 1034 2138 neque
1047 2078 1195 2139 unquam
1224 2030 1355 2145 ῗζῖζζζξ

87 2160 146 2223 nisi
178 2154 416 2221 iucundissime
447 2154 490 2217 dc
524 2153 598 2234 ipso
628 2154 825 2234 cogitamus,
855 2156 948 2220 cuius
970 2166 1005 2222 et
1028 2160 1198 2240 praeclara
1221 2168 1321 2224 gentem

89 2264 192 2344 spirat
219 2260 383 2326 memoria
410 2267 579 2341 gestarum
612 2277 732 2335 rerum,
762 2266 797 2322 et
824 2279 984 2343 magnam
1012 2282 1092 2345 erga
1123 2264 1197 2327 Nos
1223 2227 1350 2341 mm,

88 2365 300 2429 coniunctam
326 2382 403 2426 curn
429 2358 551 2424 fiducia
576 2360 736 2441 pietatem
767 2372 962 2427 constanter
989 2368 1197 2447 agnovimus.
1223 2357 1362 2435 ΨΜ

89 2470 194 2532 -In
223 2468 342 2531 ceteris
369 2465 459 2528 enim
487 2462 654 2539 laudibus,
679 2465 752 2529 laus
781 2467 902 2530 merito
927 2477 1042 2533 manet
1069 2472 1196 2535 eximia
1222 2439 1336 2537 ms„

89 2574 235 2653 patribus
262 2571 328 2635 illis
355 2569 483 2646 vestris,
509 2567 576 2652 qui,
603 2569 800 2634 tremefacta
828 2570 966 2653 Europa
982 2573 1025 2636 ad
1049 2574 1197 2657 impetus

88 2674 230 2741 hostium
241 2673 412 2739 christiani
422 2673 569 2736 nominis
579 2675 858 2755 praepotentium,
871 2682 1045 2757 pectorum
1058 2698 1194 2744 suorum

88 2781 251 2861 praesidia
285 2779 371 2843 inter
398 2778 534 2860 primos,
568 2777 755 2858 insignibus
785 2779 929 2860 praeliis,
954 2792 1193 2863 opposuerunt,

88 2884 183 2950 iidem
201 2884 371 2966 religionis
388 2891 421 2946 et
437 2882 544 2945 civilis
560 2882 668 2946 cultus
691 2882 841 2946 vindices
857 2885 1009 2948 acerrimi
1026 2884 1195 2950 fidissimi-

89 3004 149 3067 que
172 2985 337 3049 custodes
365 2982 430 3045 His
455 2983 499 3046 de
524 2982 713 3064 promeritis
739 2981 851 3065 palam
878 2992 929 3047 est
957 3006 977 3048 a
1004 2986 1111 3051 Nobis
1128 3007 1194 3051 non
1214 3042 1340 3107 Mur·

90 3092 207 3155 multos
233 3097 312 3154 ante
333 3107 465 3152 menses
497 3107 573 3151 cum
611 3088 736 3170 gaudio
772 3100 1086 3169 commemoratum,
1113 3100 1194 3154 tunc
1221 3114 1356 3172 quemn-

88 3195 209 3261 scilicet
233 3213 338 3277 quum
367 3191 521 3256 nonnulli
548 3201 706 3269 vestrum,
733 3192 953 3256 Venerabiles
980 3194 1125 3273 Fratres,
1139 3196 1196 3277 pia
1221 3174 1352 3221 ΜΝ·

1221 3239 1340 3287 tholiram

90 3296 231 3363 fidelium
247 3296 385 3381 agmina
401 3315 538 3380 peregre
553 3295 597 3359 ad
623 3296 696 3359 Nos
713 3296 897 3360 salutatum
921 3298 1196 3382 gratulatumque
1220 3304 1321 3419 mia

89 3403 295 3481 adduxistis;
320 3419 455 3484 exque
483 3398 708 3482 pulcherrima
742 3399 821 3465 fidei
849 3401 1095 3481 testificatione,
1121 3424 1194 3484 per·
1222 3435 1361 3484 impp.

89 3514 178 3584 grata
201 3504 309 3570 adfuit
329 3504 464 3567 occasio
492 3513 529 3566 ut
544 3504 655 3568 avitae
671 3502 842 3586 religionis
864 3508 976 3583 decus,
994 3528 1053 3588 per
1070 3505 1195 3570 multos
1223 3500 1287 3551 Μ·

91 3626 191 3676 rerum
208 3622 242 3674 et
257 3608 409 3673 difficiles
435 3626 533 3670 casus
549 3608 726 3689 integrum,
741 3610 901 3687 vividum,
925 3610 1084 3674 Poloniae
1099 3611 1194 3674 vicis-

91 3714 147 3779 sim
182 3715 433 3798 gratularemur.
457 3748 501 3759 -
528 3712 684 3775 lamvero
708 3715 812 3777 sacris
837 3714 908 3776 eius
944 3714 1130 3777 rationibus
1157 3715 1195 3791 si,
1258 3742 1374 3793 dep

91 3830 246 3899 quantum
262 3828 334 3882 erat
350 3818 384 3879 in
404 3813 521 3893 Nobis,
549 3816 630 3878 nihil
647 3826 748 3880 antea
771 3817 932 3898 prodesse
945 3818 1148 3896 destitimus,
1159 3819 1193 3881 id
1221 3809 1285 3887 ’ΨΜ
1296 3810 1360 3857 Μ’·

93 3940 183 3998 posse
210 3920 263 3986 vel
295 3917 440 4001 amplius
466 3917 629 3999 cupimus,
655 3928 759 4001 atque
794 3919 827 3981 in
852 3920 1042 4001 praesentia
1066 3918 1194 3983 efficere
1221 3891 1260 3989 Ξῖ
1269 3890 1373 3989 mos

93 4024 257 4089 consilium
285 4030 356 4087 est:
383 4024 424 4086 ed
442 4021 601 4084 nimirum
628 4040 757 4100 caussa,
774 4031 811 4087 ut
823 4023 1059 4087 sollicitudinis
1082 4023 1115 4087 in
1133 4044 1194 4087 vos
1220 4005 1371 4135 ffi‘ffl

95 4126 229 4195 Nostrae
252 4127 402 4211 apertior
428 4133 525 4189 extet
551 4144 664 4189 coram
694 4126 845 4191 Ecclesia
874 4126 1067 4204 declaratio,
1091 4136 1194 4210 utque
1221 4140 1355 4216 rips'resra-

95 4232 186 4297 etiam
212 4242 360 4297 vestrum
386 4230 538 4293 omnium
567 4230 670 4293 animi
698 4232 730 4295 in
763 4231 949 4296 catholicae
976 4230 1193 4311 professionis
1221 4204 1373 4317 mm}

96 4335 211 4415 officiis,
235 4338 392 4403 roborata
417 4334 550 4412 virtute,
580 4335 737 4399 subsidiis
764 4336 881 4415 auctis,
907 4333 1145 4399 confirmentur
1160 4344 1195 4397 et
1223 4333 1356 4383 castorea
