3117 4859
156 347 306 363 ¹·,rr
405 350 752 365 ,r„„„v,t
937 354 975 361 ,ι

105 356 120 386 att
149 366 164 383 Ιι
185 366 204 384 ⁸¹,
223 368 242 385 'u
261 368 280 385 'h
297 367 315 384 'h
335 368 350 386 'u
372 367 386 385 ΙΙ
408 367 428 385 1„
445 367 464 385 'l‘
482 369 499 387 !›
520 370 539 387 ’.Α
557 369 577 387 ἵν
593 366 608 385 ἰ
630 368 649 386 ἰ
670 372 688 387 ,ι’
706 368 726 388 ’ν
743 368 762 387 ’,Δ
780 354 800 387 'Vb
818 369 824 381 V
855 369 875 388 Ἰ,
891 369 909 388 V*
930 370 948 388 'b
966 369 986 387 ἰν
1005 369 1020 387 Ιἱ
1143 345 1211 416 §ss

413 408 1176 419 ............................................................................

498 498 821 579 uprsronn

254 691 311 748 nd
334 690 445 751 card.
469 691 645 765 Richard,
671 691 846 764 archiep.
873 693 1070 750 Parisiens¹

228 851 294 910 on
325 848 759 910 onu1nnr1on1ssus
786 849 1088 909 anomcnnrs

375 1019 516 1077 HAUD
545 1018 946 1083 PROPUGNANDIS.

117 1125 123 1135 D
139 1123 149 1138 'l

139 1144 142 1171 :
150 1158 1064 1171 ...........................................................................................

296 1326 467 1377 EL1G10N1
498 1313 588 1394 apud
617 1313 750 1396 Anglos
777 1325 1002 1400 aeternaeque
1029 1319 1217 1384 anImorum
1315 1339 1328 1382 5

106 1317 297 1695 {E}
315 1416 414 1480 saluti
431 1437 492 1498 pro
508 1436 645 1479 munere
662 1419 913 1501 prospicientes,
929 1401 1217 1486 Constitutionem
1283 1384 1359 1502 ἰινὲριὲ.

317 1520 520 1602 Apostolicae
533 1541 638 1597 curae,
650 1531 687 1584 ut
700 1523 799 1601 nosti,
812 1524 967 1605 proxime
983 1525 1159 1590 edidimus.
1178 1527 1217 1588 In
1281 1549 1398 1599 Vtamur

319 1646 358 1688 ea
382 1643 536 1687 caussam
552 1624 785 1710 gravissimam
812 1626 854 1689 de
870 1627 1141 1692 ordinationibus
1161 1649 1219 1692 an·
1246 1613 1385 1720 fflffu

110 1735 259 1820 glicanis,
275 1733 345 1794 iure
369 1728 505 1810 quidem
530 1748 550 1790 a
576 1727 817 1792 Decessoribus
838 1730 972 1794 Nostris
997 1731 1105 1795 multo
1121 1742 1221 1796 antea
1246 1733 1381 1838 ‘C'ssffi‘jssm

112 1832 642 1913 definitam,indulgentertamen
655 1853 675 1893 a
692 1832 800 1895 Nobis
813 1855 857 1896 ex
875 1835 1007 1917 integro
1020 1846 1221 1912 revocatam,
1250 1850 1324 1898 rionis
1335 1865 1380 1895 nu-

113 1942 288 2008 consillum
306 1937 368 2001 luit
383 1934 537 1999 absolute
550 1935 696 1999 iudicare
712 1938 916 2019 penitusque
931 1939 1096 2004 dirimere.
1115 1939 1222 2022 quue
1245 1910 1387 2017 ζξῇρζξῇρῖῗ

109 2065 195 2130 'sane
210 2040 410 2127 perfecimus
433 2059 475 2102 eo
497 2051 773 2120 argumentorum
798 2042 947 2123 pondere
970 2061 1077 2124 eaque
1098 2043 1222 2106 sormu—
1248 2031 1375 2150 ἕῖξζξηζζ·

115 2151 221 2214 larum
247 2157 321 2210 tum
348 2143 586 2227 perspicuitate
612 2153 685 2207 tum
717 2145 928 2223 auctoritate,
955 2155 992 2210 ut
1019 2149 1223 2211 sententiam
1252 2151 1336 2196 editae·

118 2254 276 2318 Nostram
301 2268 401 2312 nemo
425 2247 573 2329 prudens
597 2256 755 2330 recteque
778 2250 949 2314 animatus
974 2251 1176 2334 compellere
1192 2239 1226 2313 in

117 2355 364 2422 dubitationem
382 2359 506 2432 posset,
526 2350 684 2416 catholici
706 2362 820 2416 autem
844 2374 961 2416 omnes
978 2375 1111 2418 summo
1127 2355 1229 2419 debe-

117 2469 191 2524 rent
210 2456 373 2539 obsequio
389 2454 558 2537 amplecti,
579 2464 753 2538 tamquam
768 2465 933 2539 perpetuo
955 2456 1098 2535 firmam,
1111 2469 1230 2533 ratam,

117 2559 377 2628 irrevocabilem.
394 2559 443 2622 At
460 2579 538 2621 vero
559 2558 693 2623 diffiteri
711 2561 890 2642 nequimus
907 2581 973 2624 non
993 2562 1040 2625 ita
1057 2583 1077 2625 a
1093 2561 1230 2644 quibus-

115 2669 194 2732 dam
221 2661 397 2728 catholicis
422 2680 495 2724 esse
521 2682 741 2744 responsum:
767 2664 800 2727 id
826 2664 917 2745 quod
944 2665 1036 2730 haud
1063 2665 1127 2729 levi
1157 2667 1230 2730 Nos
1259 2662 1390 2782 mm·

115 2768 325 2853 aegritudine
342 2765 462 2830 affecit.
477 2803 521 2814 -
539 2767 616 2829 Hoc
632 2774 754 2844 tecum,
770 2767 892 2832 dilecte
910 2767 955 2831 fili
978 2769 1113 2845 Noster,
1139 2790 1230 2832 com·
1259 2783 1317 2827 uam
1331 2781 1410 2826 carta

116 2874 286 2938 municare
317 2871 394 2933 ideo
425 2868 559 2950 placuit,
589 2870 669 2952 quia
699 2869 950 2951 ephemeridem
979 2873 1091 2935 Revuc
1118 2871 1231 2952 arrglu-
1256 2843 1387 2960 ,mh-pue

117 2977 272 3052 romine,
302 2993 388 3055 quae
419 2973 493 3035 istic
526 2973 713 3054 evulgatur,
748 2975 929 3056 praecipue
966 2975 1113 3056 attingit.
1146 2974 1233 3038 Sunt
1260 2961 1385 3076 ffljs‘i

118 3099 264 3162 namque
295 3079 328 3141 in
360 3077 431 3141 eius
458 3077 678 3160 scriptoribus
706 3079 762 3159 qui
792 3079 942 3142 eiusdem
970 3079 1232 3143 Constitutionis
1260 3074 1401 3182 {glim-

117 3185 368 3259 virtutemnon
385 3191 422 3244 ut
439 3201 499 3264 par
522 3191 573 3244 est
594 3189 731 3244 tuentur
746 3194 849 3264 atque
867 3182 1046 3258 illustrant,
1066 3182 1125 3245 sed
1144 3181 1233 3245 infir·
1261 3197 1346 3265 angro-

118 3298 213 3352 mant
230 3287 342 3369 potius
367 3283 622 3366 tergiversando
642 3293 676 3346 et
694 3284 927 3367 disceptando
945 3285 1113 3368 Quocirca
1131 3285 1232 3368 evigi-
1261 3269 1413 3360 ξῖῗῗῇθραρ

118 3391 187 3454 lare
203 3398 337 3472 oportet
354 3398 390 3453 ut
417 3409 462 3452 ex
487 3387 547 3451 tali
572 3387 790 3470 ephemeride
816 3409 858 3452 ne
873 3390 955 3471 quid
972 3390 1125 3453 dimanet
1142 3390 1232 3472 quod
1258 3387 1382 3494 ἑξνζξζζῇ

118 3514 196 3559 cum
227 3494 408 3576 propositis
439 3491 574 3555 Nostris
607 3511 673 3555 non
706 3492 806 3574 plene
837 3493 1046 3557 conveniat:
1077 3501 1234 3575 certeque
1260 3494 1404 3598 ‘b‘ssss'sturem

120 3606 270 3680 praestat
296 3616 371 3661 eam
402 3597 564 3659 desistere
591 3605 694 3678 atque
720 3597 861 3660 ornnino
887 3596 994 3675 silere,
1022 3597 1078 3660 ubi
1107 3597 1235 3662 eisdem
1263 3615 1412 3658 norserurea

120 3704 302 3787 propositis
318 3701 516 3783 coeptisque
538 3701 678 3782 optimis
694 3699 928 3764 difficultatem
954 3702 997 3764 sit
1012 3701 1163 3764 allatura.
1183 3701 1235 3765 Si·
1263 3671 1413 3787 mm.

120 3807 254 3882 mlliter,
270 3796 408 3888 quando
424 3825 469 3867 ex
481 3805 606 3885 Anglis
618 3803 861 3868 dissidentibus
878 3804 900 3866 ii
917 3805 998 3867 certi
1012 3804 1166 3867 homines
1179 3805 1236 3887 qui
1264 3795 1416 3905 xxm„

119 3912 298 3975 veritatem
330 3911 376 3972 rei
408 3910 451 3972 de
478 3908 747 3972 ordinationibus
777 3910 846 3972 suis
873 3908 1052 3988 exquirere
1079 3928 1099 3971 a
1127 3907 1238 3969 Nobis
1265 3911 1374 4016 mx

120 4016 251 4079 sincero
272 4015 386 4078 animo
402 4013 614 4091 videbantur,
634 4013 813 4076 veritatem
832 4013 940 4094 ipsam
959 4033 979 4075 a
998 4010 1105 4075 Nobis
1123 4031 1236 4076 coram
1266 4026 1394 4075 catholicos

123 4121 200 4185 Deo
215 4119 451 4204 significatam,
466 4121 582 4184 animo
604 4119 704 4202 longe
720 4120 788 4183 alio
810 4128 1019 4202 acceperunt,
1041 4118 1140 4201 plane
1158 4137 1237 4182 con·
1266 4101 1398 4212 mg&

122 4226 273 4309 sequitur
304 4234 340 4289 ut
372 4224 540 4305 catholici,
572 4245 658 4302 quos
694 4244 795 4306 supra
826 4223 1174 4300 commemoravimus,
1205 4223 1238 4285 in
1267 4204 1417 4326 {fusam}

123 4331 240 4414 eisque
256 4329 307 4393 vir
323 4328 444 4411 aliquis
460 4329 645 4411 religiosus,
660 4337 846 4410 agnoscant
870 4327 1015 4392 officium
1039 4347 1147 4392 suum.
1165 4328 1238 4391 Iam
1269 4327 1386 4373 ornnem

182 4491 250 4532 Aera
263 4490 353 4532 Leonis
366 4489 435 4533 Xlll.
444 4514 471 4522 -
479 4490 505 4532 T.
515 4489 554 4530 Vl.
1166 4503 1188 4538 15
