3117 4859
453 666 817 743 neunecrroue
836 680 1080 745 uovnnuur
1100 685 1411 751 moscesruu

387 739 478 986 :l
599 850 1277 919 ruunnsrumunucromnus,
1449 806 1471 917 l]

206 1143 343 1235 mgim
615 1136 787 1201 universas
808 1137 910 1206 Orbis
938 1138 1108 1204 Ecclesiae
1132 1139 1309 1207 Romanus
1326 1146 1480 1212 Pontifex

234 1243 309 1308 189³·
374 1134 410 1507 ij
431 1250 509 1407 Α
527 1132 561 1443 ,ε
584 1258 630 1304 ex
646 1240 730 1304 sacri
747 1240 972 1323 Apostolatus
999 1244 1185 1309 ministerio
1201 1254 1382 1327 paternam
1398 1250 1481 1313 solli·
1547 1305 1548 1328 ,

583 1345 767 1409 citudinem
792 1345 911 1409 sedulo
940 1346 1097 1429 dirigens,
1121 1349 1292 1414 interdum
1324 1354 1481 1418 nonnulla
1547 1383 1548 1388 ¹

215 1410 349 1525 licffll}
452 1458 485 1505 Ἰ
582 1447 742 1531 disponit,
757 1468 845 1531 quae
859 1448 963 1514 statui
980 1449 1207 1519 Ecclesiamm
1232 1454 1436 1538 huiusmodi,
1450 1468 1479 1522 et

193 1540 350 1669 ffiffi
374 1550 539 1636 spirituali
564 1570 699 1635 quoque
722 1552 814 1615 bono
835 1553 1023 1619 animarum
1039 1554 1102 1621 sibi
1118 1558 1434 1626 commendatarum
1449 1564 1478 1625 in

198 1669 289 1719 tabuit
305 1686 348 1720 no·
375 1654 525 1720 Domino
551 1654 726 1721 existimat
753 1655 918 1723 salubrius
942 1657 1125 1741 profutura
1153 1659 1270 1726 Novas
1300 1662 1428 1730 idcirco
1450 1666 1479 1729 in

196 1736 348 1852 {23⁸2}
376 1759 536 1825 Braslliae
550 1759 742 1843 regionibus
753 1759 972 1843 Episcopales
984 1760 1093 1829 Sedes
1102 1764 1318 1843 constituere,
1329 1788 1392 1849 per
1403 1790 1478 1852 quas

228 1866 349 1929 monibus
374 1863 505 1929 illorum
530 1862 807 1931 christifidelium
834 1864 998 1947 spirituali
1026 1865 1117 1931 bono
1142 1888 1182 1932 ac
1209 1869 1348 1934 utilitati
1375 1874 1481 1957 aptius

214 1931 349 2047 Emi}
374 1967 611 2045 consuleretur,
641 1968 709 2033 iam
736 1969 865 2033 dudum
897 1967 1097 2052 Apostolica
1112 1968 1220 2037 Sedes
1247 1973 1282 2036 in
1313 1978 1405 2041 votis
1426 1978 1480 2039 ha·

217 2063 347 2141 ‘wilm
375 2073 456 2152 buit,
471 2072 608 2157 eiusque
637 2090 771 2154 semper
801 2073 983 2154 praecipua
1011 2093 1092 2136 cura
1116 2074 1179 2139 suit
1209 2084 1244 2139 et
1278 2078 1477 2143 sollicitudo
1548 2063 1549 2146 l

197 2128 347 2189 recivum-

198 2208 245 2257 με
280 2200 347 2257 pote-
376 2177 567 2243 Nonnullae
584 2175 749 2258 siquidem
773 2175 841 2240 illic
867 2176 1038 2241 dioeceses
1053 2188 1124 2241 tam
1140 2179 1208 2243 late
1223 2184 1476 2263 protenduntur.
1548 2173 1549 2206 ³

197 2265 288 2373 2⁰²5?
300 2258 350 2373 ἐξ,
375 2290 408 2346 et
424 2283 509 2345 adeo
525 2282 613 2345 inter
627 2300 663 2343 se
677 2280 799 2345 dissita
812 2280 988 2347 continent
1003 2281 1086 2359 loca,
1098 2291 1135 2347 ut
1145 2282 1279 2350 illorum
1290 2284 1478 2362 Antistites¹

237 2389 349 2453 Nmpe
374 2385 445 2450 sive
459 2384 505 2449 ob
519 2384 763 2448 incrementum
779 2384 900 2469 gentis,
915 2385 986 2450 sive
1000 2386 1046 2450 ob
1060 2384 1276 2453 difficultates
1292 2409 1333 2454 ac
1348 2390 1476 2474 longin-

238 2454 351 2569 »low
375 2488 520 2570 quitates
554 2486 721 2565 itinerum,
753 2488 1009 2553 necessitatibus
1040 2486 1201 2568 fidelium,
1225 2501 1259 2556 et
1294 2494 1476 2557 rationibus

376 2590 548 2657 Ecclesiae
561 2590 736 2655 consulere
751 2607 819 2655 non
836 2590 979 2657 valeant
995 2591 1116 2676 Neque
1132 2614 1230 2659 suum
1241 2596 1395 2661 studium
1406 2614 1478 2660 con·
1549 2644 1551 2674 ἶ

374 2692 506 2760 sulendi
521 2691 695 2757 Ecclesiae
709 2691 912 2775 utilitatibus
921 2694 996 2775 ipsa
1005 2692 1208 2775 Apostolica
1219 2693 1328 2762 Sedes
1341 2698 1478 2762 obscure
1549 2677 1551 2742 i

375 2799 462 2875 tulit,
476 2798 535 2863 sed
551 2796 633 2862 illud
648 2815 709 2879 per
730 2816 810 2861 suos
826 2794 974 2879 Legatos
989 2796 1197 2863 Brasllianae
1223 2801 1374 2865 nationis
1397 2800 1480 2865 civili
1549 2863 1550 2890 ᾖ

375 2902 536 2990 potestati
561 2902 694 2985 saepius
717 2900 911 2979 declaravit,
926 2909 961 2964 et
985 2920 1063 2966 cum
1086 2922 1161 2965 sese
1175 2902 1374 2968 occasiones
1389 2906 1480 2968 obtu·
1549 2917 1550 2926 ¹

376 3008 452 3084 lere,
466 3025 523 3070 eas
537 3002 680 3069 libenter
696 3002 845 3085 arripuit,
858 3010 897 3067 ut
908 3022 1013 3067 novas
1026 3002 1279 3069 Brasiliensium
1292 3005 1385 3070 bono
1398 3006 1480 3068 dioc

376 3130 467 3175 ceses
482 3107 655 3172 excitaret.
669 3105 734 3171 His
750 3104 819 3170 iam
835 3105 961 3169 caussis
977 3116 1091 3171 motus
1107 3107 1161 3172 sel,
1178 3127 1280 3172 recor.
1297 3108 1380 3173 Pius
1397 3110 1482 3189 Papa

199 3186 353 3301 „023ssssss
379 3213 497 3278 Nonus
512 3211 754 3276 Praedecessor
769 3210 896 3274 Noster
920 3228 1011 3274 anno
1035 3208 1175 3275 Domini
1195 3213 1278 3292 1848
1295 3211 1480 3277 Dloecesim

194 3316 355 3447 1422ss
377 3316 412 3385 S.
429 3315 517 3381 Petri
532 3312 698 3379 Fluminis
714 3310 861 3377 Grandis
888 3314 930 3377 ad
949 3313 1112 3379 Austrum
1125 3335 1134 3392 ;
1149 3315 1273 3379 deinde
1289 3336 1383 3381 anno
1402 3318 1481 3395 1854

196 3447 317 3511 sum,
378 3419 633 3485 Diamantinam
650 3424 684 3482 et
699 3415 989 3481 Fortalexiensem
996 3416 1177 3483 Dloeceses
1192 3421 1382 3501 respective
1396 3435 1475 3483 nuu-

376 3534 517 3609 cupatas
532 3521 688 3599 instituit,
702 3539 748 3584 ex
769 3521 890 3603 quibus
917 3520 1035 3585 uberes
1059 3541 1099 3586 ac
1125 3523 1290 3587 salutares
1306 3524 1340 3588 in
1357 3524 1479 3589 bonum

377 3628 564 3694 animarum
592 3622 718 3688 fructus
743 3622 970 3689 dimanarunt.
991 3622 1235 3690 constantibus
1266 3623 1481 3709 Apostolicae

231 3711 354 3828 nemi
378 3732 477 3800 Sedis
500 3728 587 3795 curis
603 3725 854 3793 Braslliensium
872 3726 1117 3811 Episcopomm
1142 3730 1355 3813 pientissima
1378 3726 1482 3795 studia

222 3842 352 3921 Episcopa-
378 3835 547 3902 cumulate
563 3833 817 3915 responderunt,
831 3833 889 3915 qui
905 3833 993 3896 ultro
1008 3852 1098 3897 anno
1112 3835 1285 3915 superiore
1300 3833 1334 3897 in
1352 3836 1480 3899 civitate

215 3917 353 4023 ”ss'nssffi
380 3940 413 4005 S.
427 3938 530 4014 Pauli,
545 3935 662 4001 habito
676 3946 854 4014 conventu,
868 3956 888 3999 e
903 3936 1064 4018 religione
1078 3947 1113 4001 et
1137 3957 1183 4001 ex
1211 3938 1358 4003 utilitate
1379 3934 1480 4001 Brasi-

222 4037 351 4102 pontufex,
379 4044 443 4107 liae
453 4062 525 4107 esse
534 4040 757 4117 declararunt,
768 4040 796 4102 si
806 4060 915 4105 novae
926 4040 1133 4122 erigerentur
1142 4040 1481 4127 EpiscopalesSedes;

196 4109 353 4219 mix.
379 4159 481 4232 atque
496 4144 800 4227 Archiepiscopum
816 4143 943 4208 Bahiae
958 4154 1130 4227 rogarunt,
1144 4154 1182 4211 ut
1199 4146 1347 4211 Romam
1371 4155 1480 4228 petens

198 4248 236 4284 “⁸
257 4236 353 4297 ‘'iffi''
378 4248 571 4315 communia
595 4246 629 4311 in
654 4245 743 4311 hane
769 4266 839 4311 rem
865 4248 1018 4313 omnium
1045 4258 1128 4314 vota
1155 4247 1198 4313 ad
1226 4249 1302 4314 Nos
1325 4248 1480 4333 perferret

231 4298 352 4431 ‘15:212le
378 4356 518 4438 Nosque
534 4351 652 4416 eadem
668 4360 749 4417 vota
764 4349 965 4433 Apostolica
982 4354 1184 4419 auctoritate
1200 4350 1418 4437 dignaremur
1428 4368 1481 4414 ex·
