3117 4859
244 1161 432 1215 1NGULAR1
456 1147 702 1211 misericordiae
726 1166 824 1209 sensu
841 1147 927 1211 solet
944 1149 1095 1214 Ecclesia
1111 1174 1167 1217 eas
1262 1180 1278 1211 1

257 1264 377 1337 gentes
391 1251 649 1336 prosequi,quas
659 1252 692 1313 in
704 1252 833 1332 gremio
845 1253 1094 1336 complexuque
1106 1276 1168 1320 suo
1233 1226 1307 1341 ῗὲρῗ

67 1239 205 1468 Ξ.
257 1358 440 1440 aliquando
467 1356 606 1419 eductas
637 1364 671 1418 et
701 1353 901 1418 christianae
924 1359 1074 1421 veritatis
1094 1360 1167 1423 luce
1195 1393 1269 1441 001„
1280 1393 1344 1441 pm„

67 1468 202 1537 ww
258 1460 485 1533 circumfusas,
499 1457 660 1520 luctuosis
671 1477 779 1519 rerum
791 1458 919 1539 vicibus
929 1460 1120 1526 violentera
1131 1484 1167 1527 se
1193 1458 1259 1535 ‘isc‘
1275 1458 1336 1507 5⁸¹*

67 1568 203 1633 divulsas
220 1567 314 1631 videt
339 1566 422 1629 etin
440 1564 559 1627 erroris
575 1562 729 1626 tenebras
754 1564 931 1629 coniectas.
957 1565 1050 1629 Nihil
1076 1570 1165 1631 enim
1193 1539 1344 1653 &52¹1-

68 1681 111 1732 est
124 1683 190 1735 tam
208 1690 322 1752 grave,
346 1687 448 1751 quarn
476 1666 598 1731 divinis
623 1664 816 1729 muneribus
832 1666 1011 1749 despoliari
1027 1690 1094 1748 eos,
1109 1673 1166 1755 qui
1193 1655 1253 1769 ᾖξ’
1263 1654 1344 1768 ‘gfff‘

69 1775 124 1837 illis
149 1776 283 1840 luerunt
308 1774 388 1837 olim
415 1772 577 1850 instructi,
602 1770 683 1834 nihil
713 1778 783 1833 tarn
812 1773 970 1837 miserum
997 1796 1099 1859 quarn
1124 1781 1166 1841 ad
1195 1786 1327 1862 insipiam,

69 1877 196 1941 salutern
211 1878 346 1960 genitos
364 1876 396 1938 in
420 1874 590 1939 interitum
604 1872 679 1937 labi.
708 1873 852 1936 Ineunte
878 1877 1011 1939 saeculo
1035 1879 1167 1943 decimo
1190 1866 1344 1979 {mm

70 1994 167 2059 sexto,
195 1983 285 2045 sicut
300 1981 383 2043 alias
414 1980 568 2042 nationes
585 1998 651 2042 non
670 1998 805 2059 paucas,
819 1979 868 2041 ita
883 1979 1010 2043 illustre
1027 1982 1167 2047 Sueciae
1194 1998 1249 2031 e1⁵⁶·

70 2104 196 2167 regnum
213 2084 408 2149 huiusmodi
418 2082 594 2145 calamitas
612 2083 757 2161 graviter
766 2081 918 2163 perculit,
933 2103 1036 2165 quum
1061 2084 1166 2148 flucti-

70 2190 123 2253 bus
147 2191 217 2254 eius
245 2188 468 2270 tempestatis,
494 2205 581 2267 quae
608 2206 666 2267 per
693 2186 725 2247 id
753 2194 888 2267 tempus
915 2188 948 2250 in
980 2188 1166 2253 Ecclesiam

70 2292 281 2367 desaeviebat,
297 2292 407 2354 avitae
423 2290 663 2373 patrimonium
681 2288 758 2353 fidei
775 2291 909 2370 penitus
933 2294 1110 2358 amitteret.
1128 2296 1165 2358 ln

68 2418 125 2479 qun
141 2399 221 2463 illud
240 2397 376 2479 quidem
399 2394 463 2459 suit
488 2395 639 2457 maxime
654 2394 847 2468 dolendum,
865 2399 954 2478 quod
981 2398 1166 2463 catholicae

68 2498 134 2565 fidei
151 2502 313 2565 iacturam
332 2500 453 2562 iaceret
483 2496 693 2559 nobilissima
719 2516 810 2579 gens,
836 2497 978 2562 secunda
994 2502 1165 2582 quondam

68 2616 248 2671 sanctorum
267 2614 375 2667 mater
399 2612 502 2684 atque
518 2600 629 2677 altrix,
639 2619 724 2682 quae
751 2602 845 2665 omni
861 2602 1041 2667 christiana
1068 2605 1166 2667 laude

67 2708 176 2790 iugiter
204 2710 372 2772 floruerat.
396 2704 524 2769 Verum
546 2717 720 2787 tamquam
753 2724 772 2766 e
803 2704 978 2787 naufragio
1009 2708 1166 2791 reliquiae
1205 2722 1344 2799 Pusiuqin

68 2823 235 2893 supersunt
252 2812 362 2875 adhuc
378 2830 423 2873 ex
441 2810 581 2874 Sueciae
609 2809 753 2885 natione,
774 2810 832 2891 qui
848 2809 1004 2874 catholici
1021 2812 1166 2874 nominis
1193 2788 1345 2864 turegum

68 2914 283 2981 desertoribus
316 2913 464 2977 immixti
496 2913 661 2994 integram
698 2912 963 2995 inviolatamque
1002 2915 1165 2978 maiorum
1192 2860 1332 2983 boemi

884 3018 891 3033 .
1002 3020 1009 3034 .
1193 2984 1322 3033 Friielr'um

69 3037 191 3085 suorum
210 3020 311 3083 fidem
338 3026 470 3081 servant
487 3025 521 3081 et
532 3026 676 3080 tuentur.
694 3017 820 3081 Parvus
835 3019 971 3101 quidem
1000 3019 1056 3082 rlle
1082 3040 1166 3102 grex
1193 3050 1321 3098 consulens

69 3136 97 3185 et
110 3125 140 3187 in
156 3123 351 3207 longinquis
368 3121 544 3183 submotus
561 3119 693 3202 pascuis
716 3130 750 3183 et
766 3121 843 3184 ideo
864 3120 1004 3183 sortasse
1025 3122 1167 3203 dignior,
1193 3116 1293 3227 ‘'⁶³12ss
1317 3131 1345 3162 “s

69 3244 157 3307 quern
169 3226 200 3290 N
204 3248 243 3291 os
254 3237 428 3307 tamquam
444 3223 603 3286 dilectam
615 3222 711 3285 ovilis
723 3224 839 3287 Nostri
850 3235 980 3305 partem
991 3225 1168 3307 vigilanter
1190 3188 1305 3294 mnu:

69 3332 298 3403 custodiamus,
314 3331 347 3390 in
364 3346 509 3409 eumque
525 3325 689 3408 quidquid
712 3328 783 3389 eius
799 3327 899 3391 saluti
915 3348 954 3391 ac
979 3328 1070 3391 bono
1086 3331 1167 3393 utile
1193 3311 1321 3426 mg?

70 3450 132 3495 esse
160 3434 363 3497 arbitramur
393 3430 531 3493 solerter
568 3428 789 3494 conseramus.
821 3430 1036 3515 Quapropter
1062 3452 1165 3514 quum
1192 3444 1265 3502 dans,

71 3534 270 3601 Venerabilis
298 3536 416 3599 Frater
443 3534 606 3598 Albertus
632 3536 738 3599 Bitter
755 3536 880 3600 Noster
903 3535 936 3598 in
961 3535 1082 3600 Suecia
1106 3536 1166 3600 Vi·

70 3642 166 3705 tarius
192 3640 412 3722 Apostolicus
429 3639 596 3721 supplices
613 3640 654 3701 ad
669 3638 742 3704 Nos
755 3639 883 3703 litteras
894 3640 1033 3716 dederit,
1045 3641 1166 3723 quibus

71 3745 183 3825 petitur
199 3755 237 3808 ut
254 3743 413 3809 Sanctam
433 3742 610 3825 Birgittam
635 3742 771 3808 viduam
788 3764 833 3807 ex
858 3755 1002 3826 augusta
1026 3744 1166 3809 Sueciae

70 3846 172 3925 domo,
186 3848 400 3931 praecipuam
425 3846 530 3928 ipsius
546 3846 724 3910 vicariatus
740 3866 779 3909 ac
796 3847 899 3910 totius
916 3846 1057 3912 Sueciae
1073 3850 1166 3931 regni

72 3951 242 4019 Patronam
269 3970 426 4036 suprema
441 3952 642 4015 auctoritate
670 3952 797 4017 Nostra
823 3954 1078 4031 constituamus,
1094 3954 1167 4017 Nos

72 4073 162 4135 quum
173 4056 207 4119 id
224 4054 375 4138 apprime
391 4054 437 4117 rei
453 4053 638 4117 catholicae
652 4053 739 4118 illius
752 4054 898 4137 regionis
909 4054 1068 4118 interesse
1082 4054 1166 4119 iudi-

73 4175 183 4237 cemus,
206 4158 354 4224 admotis
391 4156 481 4219 hisce
512 4156 667 4238 precibus
704 4156 850 4240 benigne
887 4158 1166 4222 obsecundamus.

77 4258 178 4343 litque
194 4264 258 4326 hoc
275 4282 314 4325 eo
331 4260 488 4324 libentius
514 4259 654 4325 iacimus
680 4261 771 4345 quod
798 4280 867 4324 non
894 4281 998 4343 parva
1013 4272 1065 4325 est
1080 4280 1166 4343 spes,

77 4380 165 4445 quarn
181 4367 362 4449 repositam
394 4363 556 4428 habemus
573 4365 606 4428 in
623 4384 689 4449 ope
706 4374 809 4450 atque
827 4365 1064 4429 intercessione
1086 4385 1162 4428 cum
