<?xml version="1.0" encoding="UTF-8"?>
<!DOCTYPE html PUBLIC "-//W3C//DTD XHTML 1.0 Transitional//EN"
    "http://www.w3.org/TR/xhtml1/DTD/xhtml1-transitional.dtd">
<html xmlns="http://www.w3.org/1999/xhtml" xml:lang="en" lang="en">
 <head>
  <title>
</title>
<meta http-equiv="Content-Type" content="text/html;charset=utf-8" />
  <meta name='ocr-system' content='tesseract 3.04.00' />
  <meta name='ocr-capabilities' content='ocr_page ocr_carea ocr_par ocr_line ocrx_word'/>
</head>
<body>
  <div class='ocr_page' id='page_1' title='image "./sanctissimidomi04xiiigoog_0331.png"; bbox 0 0 3117 4859; ppageno 0'>
   <div class='ocr_carea' id='block_1_1' title="bbox 420 370 1182 438">
    <p class='ocr_par' dir='ltr' id='par_1_1' title="bbox 420 370 1182 438">
     <span class='ocr_line' id='line_1_1' title="bbox 420 370 1182 438; baseline -0.005 -15"><span class='ocrx_word' id='word_1_1' title='bbox 420 372 542 423; x_wconf 79' lang='lat' dir='ltr'>INDEX</span> <span class='ocrx_word' id='word_1_2' title='bbox 568 370 820 423; x_wconf 80' lang='lat' dir='ltr'>ANALYTICUS.</span> <span class='ocrx_word' id='word_1_3' title='bbox 1110 370 1182 438; x_wconf 82' lang='lat'>319</span> 
     </span>
    </p>
   </div>
   <div class='ocr_carea' id='block_1_2' title="bbox 35 518 1208 4027">
    <p class='ocr_par' dir='ltr' id='par_1_2' title="bbox 35 518 1208 4027">
     <span class='ocr_line' id='line_1_2' title="bbox 35 518 1180 605; baseline -0.007 -22"><span class='ocrx_word' id='word_1_4' title='bbox 35 587 41 605; x_wconf 44' lang='grc'><strong>,</strong></span> <span class='ocrx_word' id='word_1_5' title='bbox 72 528 100 583; x_wconf 88' lang='lat' dir='ltr'>in</span> <span class='ocrx_word' id='word_1_6' title='bbox 118 525 295 593; x_wconf 86' lang='lat' dir='ltr'>societatem,</span> <span class='ocrx_word' id='word_1_7' title='bbox 314 532 417 577; x_wconf 89' lang='lat' dir='ltr'>natura</span> <span class='ocrx_word' id='word_1_8' title='bbox 437 520 520 589; x_wconf 88' lang='lat' dir='ltr'>duce,</span> <span class='ocrx_word' id='word_1_9' title='bbox 532 518 707 575; x_wconf 82' lang='lat' dir='ltr'>conueniunt</span> <span class='ocrx_word' id='word_1_10' title='bbox 720 535 779 573; x_wconf 93' lang='lat' dir='ltr'>non</span> <span class='ocrx_word' id='word_1_11' title='bbox 798 528 910 575; x_wconf 87' lang='lat' dir='ltr'>tantum</span> <span class='ocrx_word' id='word_1_12' title='bbox 919 519 957 574; x_wconf 87' lang='lat' dir='ltr'>ad</span> <span class='ocrx_word' id='word_1_13' title='bbox 971 520 1047 575; x_wconf 89' lang='lat' dir='ltr'>vitae</span> <span class='ocrx_word' id='word_1_14' title='bbox 1055 536 1180 575; x_wconf 88' lang='lat' dir='ltr'>commo·</span> 
     </span>
     <span class='ocr_line' id='line_1_3' title="bbox 71 606 1181 685; baseline -0.006 -16"><span class='ocrx_word' id='word_1_15' title='bbox 71 611 415 685; x_wconf 85' lang='lat' dir='ltr'>ditatem,sedpraecipue</span> <span class='ocrx_word' id='word_1_16' title='bbox 426 610 464 666; x_wconf 87' lang='lat' dir='ltr'>ad</span> <span class='ocrx_word' id='word_1_17' title='bbox 477 609 617 665; x_wconf 88' lang='lat' dir='ltr'>moralem</span> <span class='ocrx_word' id='word_1_18' title='bbox 630 608 836 680; x_wconf 76' lang='lat' dir='ltr'>perfectionem</span> <span class='ocrx_word' id='word_1_19' title='bbox 846 606 1032 662; x_wconf 90' lang='lat' dir='ltr'>obtinendam</span> <span class='ocrx_word' id='word_1_20' title='bbox 1047 608 1136 677; x_wconf 84' lang='lat'>37·38.</span> <span class='ocrx_word' id='word_1_21' title='bbox 1154 637 1181 647; x_wconf 94' lang='lat'>-</span> 
     </span>
     <span class='ocr_line' id='line_1_4' title="bbox 72 695 1180 775; baseline -0.006 -18"><span class='ocrx_word' id='word_1_22' title='bbox 72 703 211 759; x_wconf 83' lang='lat' dir='ltr'>Perfectio</span> <span class='ocrx_word' id='word_1_23' title='bbox 229 718 298 756; x_wconf 84' lang='lat' dir='ltr'>vero</span> <span class='ocrx_word' id='word_1_24' title='bbox 315 698 432 755; x_wconf 86' lang='lat' dir='ltr'>moralis</span> <span class='ocrx_word' id='word_1_25' title='bbox 456 714 522 753; x_wconf 89' lang='lat' dir='ltr'>cum</span> <span class='ocrx_word' id='word_1_26' title='bbox 541 697 618 753; x_wconf 85' lang='lat' dir='ltr'>circa</span> <span class='ocrx_word' id='word_1_27' title='bbox 638 712 739 752; x_wconf 80' lang='lat' dir='ltr'>verum</span> <span class='ocrx_word' id='word_1_28' title='bbox 760 695 790 751; x_wconf 92' lang='lat' dir='ltr'>in</span> <span class='ocrx_word' id='word_1_29' title='bbox 814 696 959 775; x_wconf 86' lang='lat' dir='ltr'>intellectu</span> <span class='ocrx_word' id='word_1_30' title='bbox 976 705 1004 752; x_wconf 90' lang='lat' dir='ltr'>et</span> <span class='ocrx_word' id='word_1_31' title='bbox 1021 697 1128 751; x_wconf 89' lang='lat' dir='ltr'>bonum</span> <span class='ocrx_word' id='word_1_32' title='bbox 1150 696 1180 750; x_wconf 92' lang='lat' dir='ltr'>in</span> 
     </span>
     <span class='ocr_line' id='line_1_5' title="bbox 72 784 1180 855; baseline -0.005 -10"><span class='ocrx_word' id='word_1_33' title='bbox 72 792 215 845; x_wconf 82' lang='lat' dir='ltr'>voluntate</span> <span class='ocrx_word' id='word_1_34' title='bbox 234 796 371 855; x_wconf 80' lang='lat' dir='ltr'>versetur,</span> <span class='ocrx_word' id='word_1_35' title='bbox 382 784 545 841; x_wconf 87' lang='lat' dir='ltr'>necessario</span> <span class='ocrx_word' id='word_1_36' title='bbox 564 784 603 839; x_wconf 87' lang='lat' dir='ltr'>ad</span> <span class='ocrx_word' id='word_1_37' title='bbox 621 785 716 839; x_wconf 91' lang='lat' dir='ltr'>Deum</span> <span class='ocrx_word' id='word_1_38' title='bbox 736 795 765 841; x_wconf 91' lang='lat' dir='ltr'>et</span> <span class='ocrx_word' id='word_1_39' title='bbox 786 784 953 854; x_wconf 82' lang='lat' dir='ltr'>religionem</span> <span class='ocrx_word' id='word_1_40' title='bbox 966 784 1116 841; x_wconf 88' lang='lat' dir='ltr'>referenda</span> <span class='ocrx_word' id='word_1_41' title='bbox 1128 796 1180 852; x_wconf 91' lang='lat' dir='ltr'>est,</span> 
     </span>
     <span class='ocr_line' id='line_1_6' title="bbox 71 871 1178 949; baseline -0.005 -17"><span class='ocrx_word' id='word_1_42' title='bbox 71 876 211 949; x_wconf 87' lang='lat' dir='ltr'>siqnidem</span> <span class='ocrx_word' id='word_1_43' title='bbox 226 878 307 931; x_wconf 88' lang='lat' dir='ltr'>Deus</span> <span class='ocrx_word' id='word_1_44' title='bbox 328 874 457 931; x_wconf 86' lang='lat' dir='ltr'>veritatis</span> <span class='ocrx_word' id='word_1_45' title='bbox 478 874 572 928; x_wconf 90' lang='lat' dir='ltr'>omnis</span> <span class='ocrx_word' id='word_1_46' title='bbox 593 882 622 927; x_wconf 93' lang='lat' dir='ltr'>et</span> <span class='ocrx_word' id='word_1_47' title='bbox 642 871 780 927; x_wconf 89' lang='lat' dir='ltr'>bonitatis</span> <span class='ocrx_word' id='word_1_48' title='bbox 805 872 870 927; x_wconf 88' lang='lat' dir='ltr'>fons</span> <span class='ocrx_word' id='word_1_49' title='bbox 891 882 945 939; x_wconf 90' lang='lat' dir='ltr'>est,</span> <span class='ocrx_word' id='word_1_50' title='bbox 966 872 1129 942; x_wconf 87' lang='lat' dir='ltr'>mentisque</span> <span class='ocrx_word' id='word_1_51' title='bbox 1149 883 1178 927; x_wconf 90' lang='lat' dir='ltr'>et</span> 
     </span>
     <span class='ocr_line' id='line_1_7' title="bbox 70 960 1178 1030; baseline -0.005 -10"><span class='ocrx_word' id='word_1_52' title='bbox 70 965 224 1021; x_wconf 86' lang='lat' dir='ltr'>voluntatis</span> <span class='ocrx_word' id='word_1_53' title='bbox 244 965 388 1019; x_wconf 87' lang='lat' dir='ltr'>humanae</span> <span class='ocrx_word' id='word_1_54' title='bbox 408 971 520 1017; x_wconf 86' lang='lat' dir='ltr'>creator</span> <span class='ocrx_word' id='word_1_55' title='bbox 535 972 565 1016; x_wconf 89' lang='lat' dir='ltr'>et</span> <span class='ocrx_word' id='word_1_56' title='bbox 587 970 778 1029; x_wconf 85' lang='lat' dir='ltr'>conservator,</span> <span class='ocrx_word' id='word_1_57' title='bbox 790 960 889 1030; x_wconf 89' lang='lat' dir='ltr'>religio</span> <span class='ocrx_word' id='word_1_58' title='bbox 908 978 977 1016; x_wconf 88' lang='lat' dir='ltr'>vero</span> <span class='ocrx_word' id='word_1_59' title='bbox 1000 962 1030 1015; x_wconf 89' lang='lat' dir='ltr'>iu</span> <span class='ocrx_word' id='word_1_60' title='bbox 1050 960 1105 1016; x_wconf 92' lang='lat' dir='ltr'>hoc</span> <span class='ocrx_word' id='word_1_61' title='bbox 1119 975 1178 1015; x_wconf 85' lang='lat' dir='ltr'>ver·</span> 
     </span>
     <span class='ocr_line' id='line_1_8' title="bbox 70 1048 1181 1118; baseline -0.007 -9"><span class='ocrx_word' id='word_1_62' title='bbox 70 1064 145 1109; x_wconf 88' lang='lat' dir='ltr'>satur</span> <span class='ocrx_word' id='word_1_63' title='bbox 157 1064 188 1108; x_wconf 92' lang='lat' dir='ltr'>ut</span> <span class='ocrx_word' id='word_1_64' title='bbox 207 1069 290 1108; x_wconf 87' lang='lat' dir='ltr'>suam</span> <span class='ocrx_word' id='word_1_65' title='bbox 302 1067 369 1106; x_wconf 88' lang='lat' dir='ltr'>cum</span> <span class='ocrx_word' id='word_1_66' title='bbox 382 1051 447 1106; x_wconf 90' lang='lat' dir='ltr'>Deo</span> <span class='ocrx_word' id='word_1_67' title='bbox 459 1048 601 1104; x_wconf 89' lang='lat' dir='ltr'>rationem</span> <span class='ocrx_word' id='word_1_68' title='bbox 621 1049 709 1103; x_wconf 91' lang='lat' dir='ltr'>homo</span> <span class='ocrx_word' id='word_1_69' title='bbox 726 1060 867 1118; x_wconf 86' lang='lat' dir='ltr'>agnoscat</span> <span class='ocrx_word' id='word_1_70' title='bbox 880 1048 977 1103; x_wconf 92' lang='lat' dir='ltr'>animo</span> <span class='ocrx_word' id='word_1_71' title='bbox 996 1058 1025 1103; x_wconf 93' lang='lat' dir='ltr'>et</span> <span class='ocrx_word' id='word_1_72' title='bbox 1044 1064 1092 1102; x_wconf 91' lang='lat' dir='ltr'>ore</span> <span class='ocrx_word' id='word_1_73' title='bbox 1117 1064 1181 1118; x_wconf 89' lang='lat' dir='ltr'>pro·</span> 
     </span>
     <span class='ocr_line' id='line_1_9' title="bbox 72 1137 1181 1213; baseline -0.006 -13"><span class='ocrx_word' id='word_1_74' title='bbox 72 1144 181 1200; x_wconf 89' lang='lat' dir='ltr'>liteatur</span> <span class='ocrx_word' id='word_1_75' title='bbox 194 1143 238 1213; x_wconf 84' lang='lat'>38.</span> <span class='ocrx_word' id='word_1_76' title='bbox 248 1172 284 1183; x_wconf 89' lang='lat'><em>-</em></span> <span class='ocrx_word' id='word_1_77' title='bbox 297 1141 436 1197; x_wconf 86' lang='lat' dir='ltr'>Omnium</span> <span class='ocrx_word' id='word_1_78' title='bbox 446 1138 532 1210; x_wconf 87' lang='lat' dir='ltr'>igitur</span> <span class='ocrx_word' id='word_1_79' title='bbox 549 1137 654 1194; x_wconf 87' lang='lat' dir='ltr'>civium</span> <span class='ocrx_word' id='word_1_80' title='bbox 667 1149 711 1195; x_wconf 88' lang='lat' dir='ltr'>est</span> <span class='ocrx_word' id='word_1_81' title='bbox 724 1138 871 1209; x_wconf 85' lang='lat' dir='ltr'>religionis</span> <span class='ocrx_word' id='word_1_82' title='bbox 885 1140 1011 1194; x_wconf 90' lang='lat' dir='ltr'>studium</span> <span class='ocrx_word' id='word_1_83' title='bbox 1024 1139 1052 1193; x_wconf 87' lang='lat' dir='ltr'>in</span> <span class='ocrx_word' id='word_1_84' title='bbox 1066 1138 1181 1195; x_wconf 88' lang='lat' dir='ltr'>civitate</span> 
     </span>
     <span class='ocr_line' id='line_1_10' title="bbox 70 1226 1180 1301; baseline -0.004 -15"><span class='ocrx_word' id='word_1_85' title='bbox 70 1232 159 1298; x_wconf 72' lang='lat' dir='ltr'>tueri,</span> <span class='ocrx_word' id='word_1_86' title='bbox 175 1230 256 1301; x_wconf 88' lang='lat' dir='ltr'>qnod</span> <span class='ocrx_word' id='word_1_87' title='bbox 282 1228 399 1301; x_wconf 90' lang='lat' dir='ltr'>quidem</span> <span class='ocrx_word' id='word_1_88' title='bbox 419 1226 561 1282; x_wconf 84' lang='lat' dir='ltr'>Catholici</span> <span class='ocrx_word' id='word_1_89' title='bbox 584 1226 613 1281; x_wconf 90' lang='lat' dir='ltr'>iu</span> <span class='ocrx_word' id='word_1_90' title='bbox 638 1227 732 1282; x_wconf 88' lang='lat' dir='ltr'>Gallia</span> <span class='ocrx_word' id='word_1_91' title='bbox 748 1244 784 1282; x_wconf 95' lang='lat' dir='ltr'>eo</span> <span class='ocrx_word' id='word_1_92' title='bbox 806 1226 898 1296; x_wconf 87' lang='lat' dir='ltr'>magis</span> <span class='ocrx_word' id='word_1_93' title='bbox 917 1237 1063 1297; x_wconf 86' lang='lat' dir='ltr'>praestare</span> <span class='ocrx_word' id='word_1_94' title='bbox 1083 1237 1180 1283; x_wconf 88' lang='lat' dir='ltr'>tenen·</span> 
     </span>
     <span class='ocr_line' id='line_1_11' title="bbox 71 1314 1180 1391; baseline -0.004 -17"><span class='ocrx_word' id='word_1_95' title='bbox 71 1328 113 1374; x_wconf 91' lang='lat' dir='ltr'>tur</span> <span class='ocrx_word' id='word_1_96' title='bbox 123 1320 202 1391; x_wconf 92' lang='lat' dir='ltr'>quod</span> <span class='ocrx_word' id='word_1_97' title='bbox 214 1335 292 1385; x_wconf 84' lang='lat' dir='ltr'>vera,</span> <span class='ocrx_word' id='word_1_98' title='bbox 304 1334 392 1389; x_wconf 86' lang='lat' dir='ltr'>quam</span> <span class='ocrx_word' id='word_1_99' title='bbox 407 1315 437 1369; x_wconf 90' lang='lat' dir='ltr'>in</span> <span class='ocrx_word' id='word_1_100' title='bbox 451 1314 583 1371; x_wconf 76' lang='lat' dir='ltr'>Ecclesia</span> <span class='ocrx_word' id='word_1_101' title='bbox 596 1316 740 1370; x_wconf 89' lang='lat' dir='ltr'>catholica</span> <span class='ocrx_word' id='word_1_102' title='bbox 759 1315 937 1384; x_wconf 88' lang='lat' dir='ltr'>profitentur,</span> <span class='ocrx_word' id='word_1_103' title='bbox 959 1315 1065 1371; x_wconf 86' lang='lat' dir='ltr'>Christi</span> <span class='ocrx_word' id='word_1_104' title='bbox 1080 1314 1180 1384; x_wconf 87' lang='lat' dir='ltr'>religio</span> 
     </span>
     <span class='ocr_line' id='line_1_12' title="bbox 71 1401 1180 1473; baseline -0.001 -11"><span class='ocrx_word' id='word_1_105' title='bbox 71 1406 188 1462; x_wconf 84' lang='lat' dir='ltr'>caeteris</span> <span class='ocrx_word' id='word_1_106' title='bbox 200 1403 346 1461; x_wconf 84' lang='lat' dir='ltr'>efficacior</span> <span class='ocrx_word' id='word_1_107' title='bbox 357 1412 402 1459; x_wconf 91' lang='lat' dir='ltr'>est</span> <span class='ocrx_word' id='word_1_108' title='bbox 413 1401 452 1457; x_wconf 90' lang='lat' dir='ltr'>ad</span> <span class='ocrx_word' id='word_1_109' title='bbox 464 1402 553 1457; x_wconf 88' lang='lat' dir='ltr'>vitam</span> <span class='ocrx_word' id='word_1_110' title='bbox 563 1412 624 1455; x_wconf 87' lang='lat' dir='ltr'>turn</span> <span class='ocrx_word' id='word_1_111' title='bbox 634 1402 779 1472; x_wconf 79' lang='lat' dir='ltr'>publicam</span> <span class='ocrx_word' id='word_1_112' title='bbox 790 1412 851 1457; x_wconf 87' lang='lat' dir='ltr'>turn</span> <span class='ocrx_word' id='word_1_113' title='bbox 859 1402 999 1473; x_wconf 86' lang='lat' dir='ltr'>privatam</span> <span class='ocrx_word' id='word_1_114' title='bbox 1009 1415 1087 1463; x_wconf 89' lang='lat' dir='ltr'>recte</span> <span class='ocrx_word' id='word_1_115' title='bbox 1100 1408 1180 1462; x_wconf 90' lang='lat' dir='ltr'>insti·</span> 
     </span>
     <span class='ocr_line' id='line_1_13' title="bbox 71 1488 1179 1565; baseline 0 -15"><span class='ocrx_word' id='word_1_116' title='bbox 71 1494 213 1562; x_wconf 85' lang='lat' dir='ltr'>tuendam,</span> <span class='ocrx_word' id='word_1_117' title='bbox 225 1504 256 1548; x_wconf 91' lang='lat' dir='ltr'>ut</span> <span class='ocrx_word' id='word_1_118' title='bbox 264 1508 299 1547; x_wconf 90' lang='lat' dir='ltr'>ex</span> <span class='ocrx_word' id='word_1_119' title='bbox 311 1491 376 1561; x_wconf 90' lang='lat' dir='ltr'>ipsa</span> <span class='ocrx_word' id='word_1_120' title='bbox 387 1499 466 1562; x_wconf 89' lang='lat' dir='ltr'>patet</span> <span class='ocrx_word' id='word_1_121' title='bbox 485 1489 614 1545; x_wconf 83' lang='lat' dir='ltr'>Gallicae</span> <span class='ocrx_word' id='word_1_122' title='bbox 625 1489 720 1559; x_wconf 87' lang='lat' dir='ltr'>gentis</span> <span class='ocrx_word' id='word_1_123' title='bbox 733 1488 861 1557; x_wconf 88' lang='lat' dir='ltr'>historia,</span> <span class='ocrx_word' id='word_1_124' title='bbox 874 1506 909 1545; x_wconf 93' lang='lat' dir='ltr'>eo</span> <span class='ocrx_word' id='word_1_125' title='bbox 922 1490 1031 1548; x_wconf 88' lang='lat' dir='ltr'>scilicet</span> <span class='ocrx_word' id='word_1_126' title='bbox 1040 1494 1179 1565; x_wconf 88' lang='lat' dir='ltr'>majorem</span> 
     </span>
     <span class='ocr_line' id='line_1_14' title="bbox 71 1578 1179 1653; baseline 0.002 -16"><span class='ocrx_word' id='word_1_127' title='bbox 71 1594 216 1639; x_wconf 87' lang='lat' dir='ltr'>assecutae</span> <span class='ocrx_word' id='word_1_128' title='bbox 234 1580 356 1653; x_wconf 83' lang='lat' dir='ltr'>gloriam</span> <span class='ocrx_word' id='word_1_129' title='bbox 377 1596 433 1650; x_wconf 93' lang='lat' dir='ltr'>quo</span> <span class='ocrx_word' id='word_1_130' title='bbox 456 1578 529 1634; x_wconf 86' lang='lat' dir='ltr'>Fide</span> <span class='ocrx_word' id='word_1_131' title='bbox 550 1578 642 1648; x_wconf 85' lang='lat' dir='ltr'>magis</span> <span class='ocrx_word' id='word_1_132' title='bbox 655 1578 772 1649; x_wconf 82' lang='lat' dir='ltr'>vigeret,</span> <span class='ocrx_word' id='word_1_133' title='bbox 786 1579 930 1651; x_wconf 84' lang='lat' dir='ltr'>hodieque</span> <span class='ocrx_word' id='word_1_134' title='bbox 944 1590 1004 1636; x_wconf 93' lang='lat' dir='ltr'>toto</span> <span class='ocrx_word' id='word_1_135' title='bbox 1017 1582 1086 1637; x_wconf 92' lang='lat' dir='ltr'>orbe</span> <span class='ocrx_word' id='word_1_136' title='bbox 1107 1584 1179 1639; x_wconf 89' lang='lat' dir='ltr'>cele-</span> 
     </span>
     <span class='ocr_line' id='line_1_15' title="bbox 71 1667 1179 1742; baseline 0.003 -17"><span class='ocrx_word' id='word_1_137' title='bbox 71 1672 126 1725; x_wconf 90' lang='lat' dir='ltr'>bris</span> <span class='ocrx_word' id='word_1_138' title='bbox 141 1668 312 1740; x_wconf 81' lang='lat' dir='ltr'>multiplicia</span> <span class='ocrx_word' id='word_1_139' title='bbox 323 1669 362 1723; x_wconf 92' lang='lat' dir='ltr'>ob</span> <span class='ocrx_word' id='word_1_140' title='bbox 374 1667 523 1723; x_wconf 84' lang='lat' dir='ltr'>charitatis</span> <span class='ocrx_word' id='word_1_141' title='bbox 546 1683 635 1736; x_wconf 89' lang='lat' dir='ltr'>opera</span> <span class='ocrx_word' id='word_1_142' title='bbox 655 1677 684 1723; x_wconf 87' lang='lat' dir='ltr'>et</span> <span class='ocrx_word' id='word_1_143' title='bbox 706 1667 809 1723; x_wconf 86' lang='lat' dir='ltr'>Fidem</span> <span class='ocrx_word' id='word_1_144' title='bbox 823 1685 900 1739; x_wconf 89' lang='lat' dir='ltr'>auro,</span> <span class='ocrx_word' id='word_1_145' title='bbox 914 1670 1020 1738; x_wconf 88' lang='lat' dir='ltr'>labore,</span> <span class='ocrx_word' id='word_1_146' title='bbox 1040 1673 1179 1742; x_wconf 89' lang='lat' dir='ltr'>sanguine</span> 
     </span>
     <span class='ocr_line' id='line_1_16' title="bbox 72 1755 1208 1831; baseline 0.003 -17"><span class='ocrx_word' id='word_1_147' title='bbox 72 1760 144 1829; x_wconf 89' lang='lat' dir='ltr'>apud</span> <span class='ocrx_word' id='word_1_148' title='bbox 159 1759 333 1829; x_wconf 85' lang='lat' dir='ltr'>longinquas</span> <span class='ocrx_word' id='word_1_149' title='bbox 342 1766 443 1826; x_wconf 87' lang='lat' dir='ltr'>gentes</span> <span class='ocrx_word' id='word_1_150' title='bbox 459 1755 497 1811; x_wconf 89' lang='lat' dir='ltr'>ab</span> <span class='ocrx_word' id='word_1_151' title='bbox 510 1755 574 1826; x_wconf 88' lang='lat' dir='ltr'>ipsa</span> <span class='ocrx_word' id='word_1_152' title='bbox 582 1767 770 1826; x_wconf 81' lang='lat' dir='ltr'>propagatam</span> <span class='ocrx_word' id='word_1_153' title='bbox 783 1757 874 1825; x_wconf 84' lang='lat'>38·39.</span> <span class='ocrx_word' id='word_1_154' title='bbox 887 1786 922 1797; x_wconf 88' lang='lat'><em>-</em></span> <span class='ocrx_word' id='word_1_155' title='bbox 936 1758 1082 1830; x_wconf 85' lang='lat' dir='ltr'>Quotquot</span> <span class='ocrx_word' id='word_1_156' title='bbox 1095 1762 1180 1831; x_wconf 90' lang='lat' dir='ltr'>igitur</span> <span class='ocrx_word' id='word_1_157' title='bbox 1201 1792 1208 1807; x_wconf 90' lang='lat'><strong>·</strong></span> 
     </span>
     <span class='ocr_line' id='line_1_17' title="bbox 73 1842 1180 1915; baseline 0.003 -13"><span class='ocrx_word' id='word_1_158' title='bbox 73 1855 135 1903; x_wconf 89' lang='lat' dir='ltr'>sunt</span> <span class='ocrx_word' id='word_1_159' title='bbox 153 1846 182 1901; x_wconf 91' lang='lat' dir='ltr'>iu</span> <span class='ocrx_word' id='word_1_160' title='bbox 192 1845 291 1901; x_wconf 87' lang='lat' dir='ltr'>Gallia</span> <span class='ocrx_word' id='word_1_161' title='bbox 304 1843 456 1913; x_wconf 82' lang='lat' dir='ltr'>Catholici,</span> <span class='ocrx_word' id='word_1_162' title='bbox 470 1842 574 1898; x_wconf 85' lang='lat' dir='ltr'>Fidem</span> <span class='ocrx_word' id='word_1_163' title='bbox 594 1843 755 1913; x_wconf 84' lang='lat' dir='ltr'>conjunctis</span> <span class='ocrx_word' id='word_1_164' title='bbox 774 1844 882 1899; x_wconf 91' lang='lat' dir='ltr'>viribus</span> <span class='ocrx_word' id='word_1_165' title='bbox 899 1854 1039 1915; x_wconf 85' lang='lat' dir='ltr'>tueantur,</span> <span class='ocrx_word' id='word_1_166' title='bbox 1054 1864 1090 1903; x_wconf 91' lang='lat' dir='ltr'>ne</span> <span class='ocrx_word' id='word_1_167' title='bbox 1108 1850 1180 1905; x_wconf 90' lang='lat' dir='ltr'>forte</span> 
     </span>
     <span class='ocr_line' id='line_1_18' title="bbox 72 1933 1179 2008; baseline 0.001 -17"><span class='ocrx_word' id='word_1_168' title='bbox 72 1952 139 2006; x_wconf 82' lang='lat' dir='ltr'>gens</span> <span class='ocrx_word' id='word_1_169' title='bbox 152 1946 251 2008; x_wconf 86' lang='lat' dir='ltr'>pereat</span> <span class='ocrx_word' id='word_1_170' title='bbox 268 1949 310 2003; x_wconf 85' lang='lat'>39.</span> <span class='ocrx_word' id='word_1_171' title='bbox 324 1964 359 1975; x_wconf 94' lang='lat'>-</span> <span class='ocrx_word' id='word_1_172' title='bbox 372 1933 486 1989; x_wconf 89' lang='lat' dir='ltr'>Refellit</span> <span class='ocrx_word' id='word_1_173' title='bbox 509 1933 640 1987; x_wconf 82' lang='lat' dir='ltr'>Pontifex</span> <span class='ocrx_word' id='word_1_174' title='bbox 661 1949 759 1987; x_wconf 90' lang='lat' dir='ltr'>eorum</span> <span class='ocrx_word' id='word_1_175' title='bbox 780 1933 953 1988; x_wconf 89' lang='lat' dir='ltr'>calumniam</span> <span class='ocrx_word' id='word_1_176' title='bbox 967 1936 1015 2006; x_wconf 90' lang='lat' dir='ltr'>qui</span> <span class='ocrx_word' id='word_1_177' title='bbox 1041 1953 1099 1991; x_wconf 88' lang='lat' dir='ltr'>non</span> <span class='ocrx_word' id='word_1_178' title='bbox 1117 1938 1179 1993; x_wconf 85' lang='lat' dir='ltr'>reli-</span> 
     </span>
     <span class='ocr_line' id='line_1_19' title="bbox 72 2019 1177 2095; baseline -0.001 -16"><span class='ocrx_word' id='word_1_179' title='bbox 72 2024 160 2095; x_wconf 87' lang='lat' dir='ltr'>gionis</span> <span class='ocrx_word' id='word_1_180' title='bbox 177 2025 250 2090; x_wconf 88' lang='lat' dir='ltr'>zelo,</span> <span class='ocrx_word' id='word_1_181' title='bbox 263 2022 315 2077; x_wconf 88' lang='lat' dir='ltr'>sed</span> <span class='ocrx_word' id='word_1_182' title='bbox 333 2020 437 2077; x_wconf 88' lang='lat' dir='ltr'>summi</span> <span class='ocrx_word' id='word_1_183' title='bbox 451 2019 562 2089; x_wconf 89' lang='lat' dir='ltr'>imperii</span> <span class='ocrx_word' id='word_1_184' title='bbox 575 2019 718 2091; x_wconf 90' lang='lat' dir='ltr'>cupidine,</span> <span class='ocrx_word' id='word_1_185' title='bbox 744 2020 908 2075; x_wconf 90' lang='lat' dir='ltr'>Catholicos</span> <span class='ocrx_word' id='word_1_186' title='bbox 923 2021 1020 2077; x_wconf 88' lang='lat' dir='ltr'>dicunt</span> <span class='ocrx_word' id='word_1_187' title='bbox 1040 2022 1077 2077; x_wconf 93' lang='lat' dir='ltr'>ad</span> <span class='ocrx_word' id='word_1_188' title='bbox 1096 2023 1177 2079; x_wconf 90' lang='lat' dir='ltr'>Fidei</span> 
     </span>
     <span class='ocr_line' id='line_1_20' title="bbox 75 2106 1179 2180; baseline -0.001 -13"><span class='ocrx_word' id='word_1_189' title='bbox 75 2121 213 2167; x_wconf 87' lang='lat' dir='ltr'>certamen</span> <span class='ocrx_word' id='word_1_190' title='bbox 226 2107 339 2164; x_wconf 89' lang='lat' dir='ltr'>incitari</span> <span class='ocrx_word' id='word_1_191' title='bbox 353 2122 478 2177; x_wconf 67' lang='lat' dir='ltr'>3q4o.-</span> <span class='ocrx_word' id='word_1_192' title='bbox 491 2106 638 2162; x_wconf 83' lang='lat' dir='ltr'>Adversus</span> <span class='ocrx_word' id='word_1_193' title='bbox 647 2108 742 2177; x_wconf 87' lang='lat' dir='ltr'>ipsum</span> <span class='ocrx_word' id='word_1_194' title='bbox 751 2108 855 2176; x_wconf 73' lang='lat' dir='ltr'>JESUM</span> <span class='ocrx_word' id='word_1_195' title='bbox 865 2125 883 2162; x_wconf 91' lang='lat' dir='ltr'>a</span> <span class='ocrx_word' id='word_1_196' title='bbox 892 2108 1009 2177; x_wconf 87' lang='lat' dir='ltr'>Judaeis</span> <span class='ocrx_word' id='word_1_197' title='bbox 1019 2110 1179 2180; x_wconf 86' lang='lat' dir='ltr'>excogitata</span> 
     </span>
     <span class='ocr_line' id='line_1_21' title="bbox 75 2195 1179 2266; baseline -0.001 -12"><span class='ocrx_word' id='word_1_198' title='bbox 75 2208 115 2253; x_wconf 88' lang='lat' dir='ltr'>est</span> <span class='ocrx_word' id='word_1_199' title='bbox 126 2199 197 2253; x_wconf 87' lang='lat' dir='ltr'>baec</span> <span class='ocrx_word' id='word_1_200' title='bbox 214 2206 329 2254; x_wconf 87' lang='lat' dir='ltr'>vetusta</span> <span class='ocrx_word' id='word_1_201' title='bbox 341 2196 493 2264; x_wconf 89' lang='lat' dir='ltr'>calumnia,</span> <span class='ocrx_word' id='word_1_202' title='bbox 513 2196 627 2266; x_wconf 90' lang='lat' dir='ltr'>aliaque</span> <span class='ocrx_word' id='word_1_203' title='bbox 646 2195 677 2249; x_wconf 89' lang='lat' dir='ltr'>id</span> <span class='ocrx_word' id='word_1_204' title='bbox 698 2211 791 2266; x_wconf 84' lang='lat' dir='ltr'>genus</span> <span class='ocrx_word' id='word_1_205' title='bbox 812 2195 884 2251; x_wconf 89' lang='lat' dir='ltr'>falsa</span> <span class='ocrx_word' id='word_1_206' title='bbox 897 2197 1018 2252; x_wconf 88' lang='lat' dir='ltr'>crimina</span> <span class='ocrx_word' id='word_1_207' title='bbox 1032 2198 1179 2254; x_wconf 90' lang='lat' dir='ltr'>Fidelibus</span> 
     </span>
     <span class='ocr_line' id='line_1_22' title="bbox 76 2282 1177 2355; baseline -0.001 -15"><span class='ocrx_word' id='word_1_208' title='bbox 76 2285 138 2340; x_wconf 89' lang='lat' dir='ltr'>olim</span> <span class='ocrx_word' id='word_1_209' title='bbox 155 2287 293 2342; x_wconf 88' lang='lat' dir='ltr'>attributa</span> <span class='ocrx_word' id='word_1_210' title='bbox 311 2285 432 2353; x_wconf 88' lang='lat' dir='ltr'>fuerunt,</span> <span class='ocrx_word' id='word_1_211' title='bbox 445 2301 504 2355; x_wconf 90' lang='lat' dir='ltr'>quo</span> <span class='ocrx_word' id='word_1_212' title='bbox 520 2282 629 2338; x_wconf 86' lang='lat' dir='ltr'>facturn</span> <span class='ocrx_word' id='word_1_213' title='bbox 646 2293 690 2338; x_wconf 90' lang='lat' dir='ltr'>est</span> <span class='ocrx_word' id='word_1_214' title='bbox 712 2282 788 2337; x_wconf 92' lang='lat' dir='ltr'>utin</span> <span class='ocrx_word' id='word_1_215' title='bbox 810 2282 937 2337; x_wconf 90' lang='lat' dir='ltr'>hostium</span> <span class='ocrx_word' id='word_1_216' title='bbox 959 2300 1077 2340; x_wconf 91' lang='lat' dir='ltr'>numero</span> <span class='ocrx_word' id='word_1_217' title='bbox 1099 2286 1177 2341; x_wconf 92' lang='lat' dir='ltr'>Chri-</span> 
     </span>
     <span class='ocr_line' id='line_1_23' title="bbox 74 2370 1179 2441; baseline 0.005 -16"><span class='ocrx_word' id='word_1_218' title='bbox 74 2371 196 2427; x_wconf 87' lang='lat' dir='ltr'>stianiab</span> <span class='ocrx_word' id='word_1_219' title='bbox 209 2371 433 2441; x_wconf 84' lang='lat' dir='ltr'>imperatoribus</span> <span class='ocrx_word' id='word_1_220' title='bbox 445 2370 573 2425; x_wconf 87' lang='lat' dir='ltr'>romanis</span> <span class='ocrx_word' id='word_1_221' title='bbox 587 2370 761 2425; x_wconf 88' lang='lat' dir='ltr'>haberentur</span> <span class='ocrx_word' id='word_1_222' title='bbox 770 2383 813 2435; x_wconf 80' lang='lat'>40.</span> <span class='ocrx_word' id='word_1_223' title='bbox 828 2398 862 2410; x_wconf 88' lang='lat'>·-</span> <span class='ocrx_word' id='word_1_224' title='bbox 876 2370 994 2426; x_wconf 90' lang='lat' dir='ltr'>Postero</span> <span class='ocrx_word' id='word_1_225' title='bbox 1009 2372 1096 2427; x_wconf 90' lang='lat' dir='ltr'>etiam</span> <span class='ocrx_word' id='word_1_226' title='bbox 1109 2383 1179 2430; x_wconf 92' lang='lat' dir='ltr'>tem·</span> 
     </span>
     <span class='ocr_line' id='line_1_24' title="bbox 73 2457 1179 2531; baseline -0.001 -15"><span class='ocrx_word' id='word_1_227' title='bbox 73 2474 145 2526; x_wconf 79' lang='lat' dir='ltr'>pore,</span> <span class='ocrx_word' id='word_1_228' title='bbox 162 2460 234 2515; x_wconf 87' lang='lat' dir='ltr'>mali</span> <span class='ocrx_word' id='word_1_229' title='bbox 247 2457 400 2530; x_wconf 85' lang='lat' dir='ltr'>principes,</span> <span class='ocrx_word' id='word_1_230' title='bbox 413 2467 442 2512; x_wconf 91' lang='lat' dir='ltr'>ut</span> <span class='ocrx_word' id='word_1_231' title='bbox 463 2457 636 2526; x_wconf 84' lang='lat' dir='ltr'>Ecclesiam,</span> <span class='ocrx_word' id='word_1_232' title='bbox 651 2457 781 2527; x_wconf 89' lang='lat' dir='ltr'>justitiae</span> <span class='ocrx_word' id='word_1_233' title='bbox 801 2458 925 2525; x_wconf 90' lang='lat' dir='ltr'>nomine,</span> <span class='ocrx_word' id='word_1_234' title='bbox 947 2458 1062 2515; x_wconf 91' lang='lat' dir='ltr'>liberius</span> <span class='ocrx_word' id='word_1_235' title='bbox 1084 2463 1179 2531; x_wconf 88' lang='lat' dir='ltr'>oppri-</span> 
     </span>
     <span class='ocr_line' id='line_1_25' title="bbox 74 2543 1179 2617; baseline 0.005 -18"><span class='ocrx_word' id='word_1_236' title='bbox 74 2556 184 2617; x_wconf 91' lang='lat' dir='ltr'>merent,</span> <span class='ocrx_word' id='word_1_237' title='bbox 193 2547 275 2601; x_wconf 89' lang='lat' dir='ltr'>illam</span> <span class='ocrx_word' id='word_1_238' title='bbox 283 2562 402 2615; x_wconf 87' lang='lat' dir='ltr'>arguere</span> <span class='ocrx_word' id='word_1_239' title='bbox 414 2544 476 2600; x_wconf 91' lang='lat' dir='ltr'>ausi</span> <span class='ocrx_word' id='word_1_240' title='bbox 489 2553 555 2600; x_wconf 92' lang='lat' dir='ltr'>sunt</span> <span class='ocrx_word' id='word_1_241' title='bbox 568 2544 650 2616; x_wconf 89' lang='lat' dir='ltr'>quasi</span> <span class='ocrx_word' id='word_1_242' title='bbox 664 2543 778 2600; x_wconf 87' lang='lat' dir='ltr'>civilem</span> <span class='ocrx_word' id='word_1_243' title='bbox 791 2544 938 2600; x_wconf 84' lang='lat' dir='ltr'>invaderet</span> <span class='ocrx_word' id='word_1_244' title='bbox 951 2556 1123 2615; x_wconf 88' lang='lat' dir='ltr'>potestatem</span> <span class='ocrx_word' id='word_1_245' title='bbox 1137 2566 1179 2616; x_wconf 84' lang='lat'>41·</span> 
     </span>
     <span class='ocr_line' id='line_1_26' title="bbox 74 2634 1179 2704; baseline 0.004 -14"><span class='ocrx_word' id='word_1_246' title='bbox 74 2636 175 2692; x_wconf 90' lang='lat' dir='ltr'>-Nec</span> <span class='ocrx_word' id='word_1_247' title='bbox 187 2637 256 2691; x_wconf 91' lang='lat' dir='ltr'>aliis</span> <span class='ocrx_word' id='word_1_248' title='bbox 267 2635 355 2690; x_wconf 87' lang='lat' dir='ltr'>hodie</span> <span class='ocrx_word' id='word_1_249' title='bbox 374 2635 460 2690; x_wconf 77' lang='lat' dir='ltr'>aruns</span> <span class='ocrx_word' id='word_1_250' title='bbox 475 2634 624 2689; x_wconf 87' lang='lat' dir='ltr'>Ecclesiae</span> <span class='ocrx_word' id='word_1_251' title='bbox 641 2634 740 2690; x_wconf 89' lang='lat' dir='ltr'>hostes</span> <span class='ocrx_word' id='word_1_252' title='bbox 759 2644 896 2690; x_wconf 88' lang='lat' dir='ltr'>utuntur:</span> <span class='ocrx_word' id='word_1_253' title='bbox 915 2646 1027 2704; x_wconf 90' lang='lat' dir='ltr'>oportet</span> <span class='ocrx_word' id='word_1_254' title='bbox 1047 2648 1076 2692; x_wconf 90' lang='lat' dir='ltr'>et</span> <span class='ocrx_word' id='word_1_255' title='bbox 1099 2640 1179 2694; x_wconf 91' lang='lat' dir='ltr'>Chri-</span> 
     </span>
     <span class='ocr_line' id='line_1_27' title="bbox 75 2722 1179 2800; baseline 0.005 -25"><span class='ocrx_word' id='word_1_256' title='bbox 75 2722 137 2779; x_wconf 88' lang='lat' dir='ltr'>tiani</span> <span class='ocrx_word' id='word_1_257' title='bbox 149 2724 284 2780; x_wconf 89' lang='lat' dir='ltr'>eamdem</span> <span class='ocrx_word' id='word_1_258' title='bbox 293 2740 361 2800; x_wconf 77' lang='lat' dir='ltr'>prae</span> <span class='ocrx_word' id='word_1_259' title='bbox 370 2739 403 2778; x_wconf 91' lang='lat' dir='ltr'>se</span> <span class='ocrx_word' id='word_1_260' title='bbox 411 2723 505 2779; x_wconf 88' lang='lat' dir='ltr'>ferant</span> <span class='ocrx_word' id='word_1_261' title='bbox 518 2724 711 2779; x_wconf 86' lang='lat' dir='ltr'>constantiam</span> <span class='ocrx_word' id='word_1_262' title='bbox 724 2738 760 2778; x_wconf 89' lang='lat' dir='ltr'>ac</span> <span class='ocrx_word' id='word_1_263' title='bbox 773 2722 883 2793; x_wconf 89' lang='lat' dir='ltr'>antiqui</span> <span class='ocrx_word' id='word_1_264' title='bbox 898 2724 979 2779; x_wconf 88' lang='lat' dir='ltr'>Fidei</span> <span class='ocrx_word' id='word_1_265' title='bbox 996 2726 1179 2796; x_wconf 82' lang='lat' dir='ltr'>Defensores,</span> 
     </span>
     <span class='ocr_line' id='line_1_28' title="bbox 76 2810 1177 2885; baseline 0.004 -20"><span class='ocrx_word' id='word_1_266' title='bbox 76 2811 218 2882; x_wconf 87' lang='lat' dir='ltr'>Doctores,</span> <span class='ocrx_word' id='word_1_267' title='bbox 234 2813 377 2880; x_wconf 86' lang='lat' dir='ltr'>Martyres</span> <span class='ocrx_word' id='word_1_268' title='bbox 389 2826 432 2877; x_wconf 81' lang='lat'>41.</span> <span class='ocrx_word' id='word_1_269' title='bbox 453 2840 489 2851; x_wconf 92' lang='lat'>-</span> <span class='ocrx_word' id='word_1_270' title='bbox 512 2810 673 2866; x_wconf 84' lang='lat' dir='ltr'>Concordia</span> <span class='ocrx_word' id='word_1_271' title='bbox 705 2810 862 2865; x_wconf 88' lang='lat' dir='ltr'>Catholicis</span> <span class='ocrx_word' id='word_1_272' title='bbox 880 2828 952 2881; x_wconf 88' lang='lat' dir='ltr'>opus</span> <span class='ocrx_word' id='word_1_273' title='bbox 973 2823 1025 2883; x_wconf 90' lang='lat' dir='ltr'>est,</span> <span class='ocrx_word' id='word_1_274' title='bbox 1046 2831 1102 2885; x_wconf 93' lang='lat' dir='ltr'>qua</span> <span class='ocrx_word' id='word_1_275' title='bbox 1125 2815 1177 2869; x_wconf 89' lang='lat' dir='ltr'>for-</span> 
     </span>
     <span class='ocr_line' id='line_1_29' title="bbox 76 2897 1178 2971; baseline 0.005 -19"><span class='ocrx_word' id='word_1_276' title='bbox 76 2899 155 2957; x_wconf 90' lang='lat' dir='ltr'>tiores</span> <span class='ocrx_word' id='word_1_277' title='bbox 173 2902 210 2956; x_wconf 88' lang='lat' dir='ltr'>ad</span> <span class='ocrx_word' id='word_1_278' title='bbox 222 2916 352 2971; x_wconf 87' lang='lat' dir='ltr'>pugnam</span> <span class='ocrx_word' id='word_1_279' title='bbox 364 2897 446 2954; x_wconf 85' lang='lat' dir='ltr'>Fidei</span> <span class='ocrx_word' id='word_1_280' title='bbox 459 2898 592 2966; x_wconf 87' lang='lat' dir='ltr'>evadant,</span> <span class='ocrx_word' id='word_1_281' title='bbox 606 2915 659 2953; x_wconf 89' lang='lat' dir='ltr'>nec</span> <span class='ocrx_word' id='word_1_282' title='bbox 677 2898 725 2953; x_wconf 90' lang='lat' dir='ltr'>alii</span> <span class='ocrx_word' id='word_1_283' title='bbox 738 2897 797 2952; x_wconf 88' lang='lat' dir='ltr'>alio</span> <span class='ocrx_word' id='word_1_284' title='bbox 809 2898 865 2953; x_wconf 91' lang='lat' dir='ltr'>sint</span> <span class='ocrx_word' id='word_1_285' title='bbox 879 2899 975 2954; x_wconf 91' lang='lat' dir='ltr'>animo</span> <span class='ocrx_word' id='word_1_286' title='bbox 986 2901 1015 2955; x_wconf 89' lang='lat' dir='ltr'>in</span> <span class='ocrx_word' id='word_1_287' title='bbox 1026 2902 1178 2958; x_wconf 85' lang='lat' dir='ltr'>hodiernos</span> 
     </span>
     <span class='ocr_line' id='line_1_30' title="bbox 76 2984 1179 3059; baseline 0.005 -18"><span class='ocrx_word' id='word_1_288' title='bbox 76 2988 242 3059; x_wconf 88' lang='lat' dir='ltr'>reipublicae</span> <span class='ocrx_word' id='word_1_289' title='bbox 252 2987 448 3042; x_wconf 86' lang='lat' dir='ltr'>moderatores</span> <span class='ocrx_word' id='word_1_290' title='bbox 461 3001 552 3053; x_wconf 81' lang='lat'>41·42.</span> <span class='ocrx_word' id='word_1_291' title='bbox 566 3014 602 3023; x_wconf 88' lang='lat'>—</span> <span class='ocrx_word' id='word_1_292' title='bbox 622 2984 710 3040; x_wconf 88' lang='lat' dir='ltr'>Varia</span> <span class='ocrx_word' id='word_1_293' title='bbox 722 2986 835 3040; x_wconf 88' lang='lat' dir='ltr'>fuerunt</span> <span class='ocrx_word' id='word_1_294' title='bbox 855 2986 910 3041; x_wconf 92' lang='lat' dir='ltr'>hoc</span> <span class='ocrx_word' id='word_1_295' title='bbox 923 2989 1037 3043; x_wconf 90' lang='lat' dir='ltr'>saeculo</span> <span class='ocrx_word' id='word_1_296' title='bbox 1051 2990 1179 3047; x_wconf 87' lang='lat' dir='ltr'>Gallicae</span> 
     </span>
     <span class='ocr_line' id='line_1_31' title="bbox 76 3073 1179 3146; baseline 0.004 -17"><span class='ocrx_word' id='word_1_297' title='bbox 76 3078 162 3143; x_wconf 88' lang='lat' dir='ltr'>gentis</span> <span class='ocrx_word' id='word_1_298' title='bbox 174 3073 323 3146; x_wconf 87' lang='lat' dir='ltr'>regimina,</span> <span class='ocrx_word' id='word_1_299' title='bbox 336 3090 390 3130; x_wconf 88' lang='lat' dir='ltr'>uec</span> <span class='ocrx_word' id='word_1_300' title='bbox 402 3074 491 3129; x_wconf 90' lang='lat' dir='ltr'>ullum</span> <span class='ocrx_word' id='word_1_301' title='bbox 503 3089 538 3129; x_wconf 82' lang='lat' dir='ltr'>ex</span> <span class='ocrx_word' id='word_1_302' title='bbox 548 3073 593 3129; x_wconf 91' lang='lat' dir='ltr'>his</span> <span class='ocrx_word' id='word_1_303' title='bbox 607 3084 655 3128; x_wconf 89' lang='lat' dir='ltr'>aut</span> <span class='ocrx_word' id='word_1_304' title='bbox 671 3073 775 3128; x_wconf 89' lang='lat' dir='ltr'>rationi</span> <span class='ocrx_word' id='word_1_305' title='bbox 786 3084 835 3127; x_wconf 91' lang='lat' dir='ltr'>aut</span> <span class='ocrx_word' id='word_1_306' title='bbox 848 3074 1020 3130; x_wconf 88' lang='lat' dir='ltr'>christianae</span> <span class='ocrx_word' id='word_1_307' title='bbox 1034 3076 1179 3133; x_wconf 89' lang='lat' dir='ltr'>doctrinae</span> 
     </span>
     <span class='ocr_line' id='line_1_32' title="bbox 76 3160 1179 3233; baseline 0.003 -18"><span class='ocrx_word' id='word_1_308' title='bbox 76 3172 216 3233; x_wconf 84' lang='lat' dir='ltr'>repugnat.</span> <span class='ocrx_word' id='word_1_309' title='bbox 244 3162 334 3217; x_wconf 89' lang='lat' dir='ltr'>Nulla</span> <span class='ocrx_word' id='word_1_310' title='bbox 363 3161 442 3216; x_wconf 89' lang='lat' dir='ltr'>enim</span> <span class='ocrx_word' id='word_1_311' title='bbox 476 3160 600 3216; x_wconf 86' lang='lat' dir='ltr'>civitatis</span> <span class='ocrx_word' id='word_1_312' title='bbox 625 3161 719 3215; x_wconf 87' lang='lat' dir='ltr'>forma</span> <span class='ocrx_word' id='word_1_313' title='bbox 747 3160 882 3230; x_wconf 91' lang='lat' dir='ltr'>displicet</span> <span class='ocrx_word' id='word_1_314' title='bbox 913 3162 1062 3219; x_wconf 85' lang='lat' dir='ltr'>Ecclesiae</span> <span class='ocrx_word' id='word_1_315' title='bbox 1088 3162 1118 3219; x_wconf 92' lang='lat' dir='ltr'>in</span> <span class='ocrx_word' id='word_1_316' title='bbox 1149 3165 1179 3219; x_wconf 91' lang='lat' dir='ltr'>id</span> 
     </span>
     <span class='ocr_line' id='line_1_33' title="bbox 77 3237 1181 3321; baseline 0.003 -17"><span class='ocrx_word' id='word_1_317' title='bbox 77 3265 183 3321; x_wconf 88' lang='lat' dir='ltr'>semper</span> <span class='ocrx_word' id='word_1_318' title='bbox 202 3251 333 3306; x_wconf 83' lang='lat' dir='ltr'>intentae</span> <span class='ocrx_word' id='word_1_319' title='bbox 351 3259 381 3303; x_wconf 91' lang='lat' dir='ltr'>ut</span> <span class='ocrx_word' id='word_1_320' title='bbox 402 3248 473 3303; x_wconf 89' lang='lat' dir='ltr'>Fide&#39;</span> <span class='ocrx_word' id='word_1_321' title='bbox 496 3259 524 3304; x_wconf 88' lang='lat' dir='ltr'>et</span> <span class='ocrx_word' id='word_1_322' title='bbox 546 3237 685 3319; x_wconf 86' lang='lat' dir='ltr'>religione</span> <span class='ocrx_word' id='word_1_323' title='bbox 705 3265 807 3304; x_wconf 87' lang='lat' dir='ltr'>omnes</span> <span class='ocrx_word' id='word_1_324' title='bbox 825 3258 926 3318; x_wconf 88' lang='lat' dir='ltr'>gentes</span> <span class='ocrx_word' id='word_1_325' title='bbox 945 3250 1064 3305; x_wconf 79' lang='lat' dir='ltr'>floreant</span> <span class='ocrx_word' id='word_1_326' title='bbox 1084 3267 1126 3318; x_wconf 82' lang='lat'>4²·</span> <span class='ocrx_word' id='word_1_327' title='bbox 1146 3282 1181 3291; x_wconf 90' lang='lat'>—-</span> 
     </span>
     <span class='ocr_line' id='line_1_34' title="bbox 78 3338 1179 3411; baseline 0.007 -21"><span class='ocrx_word' id='word_1_328' title='bbox 78 3338 217 3411; x_wconf 86' lang='lat' dir='ltr'>Propriam</span> <span class='ocrx_word' id='word_1_329' title='bbox 234 3358 304 3397; x_wconf 86' lang='lat' dir='ltr'>vero</span> <span class='ocrx_word' id='word_1_330' title='bbox 324 3357 394 3395; x_wconf 88' lang='lat' dir='ltr'>suae</span> <span class='ocrx_word' id='word_1_331' title='bbox 406 3340 530 3395; x_wconf 82' lang='lat' dir='ltr'>civitatis</span> <span class='ocrx_word' id='word_1_332' title='bbox 551 3340 683 3405; x_wconf 88' lang='lat' dir='ltr'>formam,</span> <span class='ocrx_word' id='word_1_333' title='bbox 695 3340 822 3395; x_wconf 88' lang='lat' dir='ltr'>humana</span> <span class='ocrx_word' id='word_1_334' title='bbox 840 3341 1012 3396; x_wconf 87' lang='lat' dir='ltr'>auctoritate</span> <span class='ocrx_word' id='word_1_335' title='bbox 1032 3342 1179 3398; x_wconf 87' lang='lat' dir='ltr'>delinitam</span> 
     </span>
     <span class='ocr_line' id='line_1_35' title="bbox 79 3427 1181 3501; baseline 0.006 -21"><span class='ocrx_word' id='word_1_336' title='bbox 79 3442 125 3495; x_wconf 91' lang='lat' dir='ltr'>pro</span> <span class='ocrx_word' id='word_1_337' title='bbox 146 3446 238 3484; x_wconf 87' lang='lat' dir='ltr'>rerum</span> <span class='ocrx_word' id='word_1_338' title='bbox 260 3427 462 3484; x_wconf 84' lang='lat' dir='ltr'>convenientia</span> <span class='ocrx_word' id='word_1_339' title='bbox 488 3438 574 3500; x_wconf 87' lang='lat' dir='ltr'>atque</span> <span class='ocrx_word' id='word_1_340' title='bbox 593 3427 814 3497; x_wconf 89' lang='lat' dir='ltr'>opportunitate,</span> <span class='ocrx_word' id='word_1_341' title='bbox 827 3444 927 3483; x_wconf 91' lang='lat' dir='ltr'>omnes</span> <span class='ocrx_word' id='word_1_342' title='bbox 951 3429 1028 3484; x_wconf 86' lang='lat' dir='ltr'>cives</span> <span class='ocrx_word' id='word_1_343' title='bbox 1051 3430 1181 3501; x_wconf 91' lang='lat' dir='ltr'>accipere</span> 
     </span>
     <span class='ocr_line' id='line_1_36' title="bbox 78 3513 1178 3587; baseline 0.004 -20"><span class='ocrx_word' id='word_1_344' title='bbox 78 3513 185 3585; x_wconf 89' lang='lat' dir='ltr'>debent,</span> <span class='ocrx_word' id='word_1_345' title='bbox 196 3534 251 3573; x_wconf 88' lang='lat' dir='ltr'>nec</span> <span class='ocrx_word' id='word_1_346' title='bbox 264 3516 313 3570; x_wconf 89' lang='lat' dir='ltr'>ulli</span> <span class='ocrx_word' id='word_1_347' title='bbox 333 3515 400 3572; x_wconf 89' lang='lat' dir='ltr'>licet</span> <span class='ocrx_word' id='word_1_348' title='bbox 412 3516 524 3571; x_wconf 89' lang='lat' dir='ltr'>ruinam</span> <span class='ocrx_word' id='word_1_349' title='bbox 538 3514 756 3585; x_wconf 88' lang='lat' dir='ltr'>principum,aut</span> <span class='ocrx_word' id='word_1_350' title='bbox 768 3532 813 3570; x_wconf 90' lang='lat' dir='ltr'>res</span> <span class='ocrx_word' id='word_1_351' title='bbox 823 3532 913 3571; x_wconf 84' lang='lat' dir='ltr'>novas</span> <span class='ocrx_word' id='word_1_352' title='bbox 928 3516 1020 3571; x_wconf 88' lang='lat' dir='ltr'>moliri</span> <span class='ocrx_word' id='word_1_353' title='bbox 1034 3532 1126 3587; x_wconf 85' lang='lat'>42-43.</span> <span class='ocrx_word' id='word_1_354' title='bbox 1147 3550 1178 3561; x_wconf 91' lang='lat'><em>-</em></span> 
     </span>
     <span class='ocr_line' id='line_1_37' title="bbox 80 3604 1181 3677; baseline 0.006 -21"><span class='ocrx_word' id='word_1_355' title='bbox 80 3604 235 3677; x_wconf 88' lang='lat' dir='ltr'>Principum</span> <span class='ocrx_word' id='word_1_356' title='bbox 247 3607 407 3677; x_wconf 88' lang='lat' dir='ltr'>imperium,</span> <span class='ocrx_word' id='word_1_357' title='bbox 414 3615 515 3675; x_wconf 91' lang='lat' dir='ltr'>utpote</span> <span class='ocrx_word' id='word_1_358' title='bbox 526 3621 562 3659; x_wconf 87' lang='lat' dir='ltr'>ex</span> <span class='ocrx_word' id='word_1_359' title='bbox 578 3607 643 3659; x_wconf 92' lang='lat' dir='ltr'>Deo</span> <span class='ocrx_word' id='word_1_360' title='bbox 656 3615 760 3672; x_wconf 90' lang='lat' dir='ltr'>ortum,</span> <span class='ocrx_word' id='word_1_361' title='bbox 773 3604 906 3659; x_wconf 88' lang='lat' dir='ltr'>Ecclesia</span> <span class='ocrx_word' id='word_1_362' title='bbox 920 3622 1034 3677; x_wconf 89' lang='lat' dir='ltr'>semper</span> <span class='ocrx_word' id='word_1_363' title='bbox 1046 3606 1117 3663; x_wconf 85' lang='lat' dir='ltr'>tulta</span> <span class='ocrx_word' id='word_1_364' title='bbox 1129 3620 1181 3677; x_wconf 87' lang='lat' dir='ltr'>est,</span> 
     </span>
     <span class='ocr_line' id='line_1_38' title="bbox 80 3692 1182 3770; baseline 0.006 -25"><span class='ocrx_word' id='word_1_365' title='bbox 80 3707 110 3746; x_wconf 91' lang='lat' dir='ltr'>eo</span> <span class='ocrx_word' id='word_1_366' title='bbox 121 3696 163 3750; x_wconf 85' lang='lat' dir='ltr'>uel</span> <span class='ocrx_word' id='word_1_367' title='bbox 175 3705 304 3766; x_wconf 88' lang='lat' dir='ltr'>tempore</span> <span class='ocrx_word' id='word_1_368' title='bbox 323 3712 410 3765; x_wconf 88' lang='lat' dir='ltr'>quum</span> <span class='ocrx_word' id='word_1_369' title='bbox 432 3693 524 3763; x_wconf 87' lang='lat' dir='ltr'>ipsam</span> <span class='ocrx_word' id='word_1_370' title='bbox 542 3693 687 3763; x_wconf 91' lang='lat' dir='ltr'>principes</span> <span class='ocrx_word' id='word_1_371' title='bbox 707 3692 958 3763; x_wconf 87' lang='lat' dir='ltr'>persequebantur,</span> <span class='ocrx_word' id='word_1_372' title='bbox 972 3696 1182 3770; x_wconf 87' lang='lat' dir='ltr'>praeclarisque</span> 
     </span>
     <span class='ocr_line' id='line_1_39' title="bbox 80 3780 1181 3855; baseline 0.005 -20"><span class='ocrx_word' id='word_1_373' title='bbox 80 3782 166 3837; x_wconf 84' lang='lat' dir='ltr'>verbis</span> <span class='ocrx_word' id='word_1_374' title='bbox 176 3784 212 3837; x_wconf 90' lang='lat' dir='ltr'>ad</span> <span class='ocrx_word' id='word_1_375' title='bbox 222 3782 384 3855; x_wconf 88' lang='lat' dir='ltr'>principum</span> <span class='ocrx_word' id='word_1_376' title='bbox 397 3781 567 3852; x_wconf 90' lang='lat' dir='ltr'>obsequium</span> <span class='ocrx_word' id='word_1_377' title='bbox 582 3780 738 3837; x_wconf 67' lang='lat' dir='ltr'>saporus</span> <span class='ocrx_word' id='word_1_378' title='bbox 747 3790 774 3835; x_wconf 92' lang='lat' dir='ltr'>et</span> <span class='ocrx_word' id='word_1_379' title='bbox 790 3780 894 3835; x_wconf 89' lang='lat' dir='ltr'>Paulus</span> <span class='ocrx_word' id='word_1_380' title='bbox 907 3782 1023 3838; x_wconf 86' lang='lat' dir='ltr'>Fideles</span> <span class='ocrx_word' id='word_1_381' title='bbox 1036 3784 1181 3841; x_wconf 89' lang='lat' dir='ltr'>adhortati</span> 
     </span>
     <span class='ocr_line' id='line_1_40' title="bbox 80 3866 1181 3939; baseline 0.008 -21"><span class='ocrx_word' id='word_1_382' title='bbox 80 3878 140 3923; x_wconf 87' lang='lat' dir='ltr'>sunt</span> <span class='ocrx_word' id='word_1_383' title='bbox 151 3883 230 3938; x_wconf 57' lang='lat' dir='ltr'>‹ta-</span> <span class='ocrx_word' id='word_1_384' title='bbox 239 3870 337 3925; x_wconf 91' lang='lat' dir='ltr'>Potest</span> <span class='ocrx_word' id='word_1_385' title='bbox 350 3868 471 3923; x_wconf 87' lang='lat' dir='ltr'>inomni</span> <span class='ocrx_word' id='word_1_386' title='bbox 483 3877 571 3937; x_wconf 86' lang='lat' dir='ltr'>gente</span> <span class='ocrx_word' id='word_1_387' title='bbox 583 3877 675 3922; x_wconf 89' lang='lat' dir='ltr'>status</span> <span class='ocrx_word' id='word_1_388' title='bbox 700 3866 876 3937; x_wconf 89' lang='lat' dir='ltr'>reipublicae</span> <span class='ocrx_word' id='word_1_389' title='bbox 890 3869 971 3923; x_wconf 89' lang='lat' dir='ltr'>novis</span> <span class='ocrx_word' id='word_1_390' title='bbox 983 3868 1109 3939; x_wconf 90' lang='lat' dir='ltr'>imperiis</span> <span class='ocrx_word' id='word_1_391' title='bbox 1122 3889 1181 3927; x_wconf 91' lang='lat' dir='ltr'>mu·</span> 
     </span>
     <span class='ocr_line' id='line_1_41' title="bbox 81 3951 1183 4027; baseline 0.006 -21"><span class='ocrx_word' id='word_1_392' title='bbox 81 3951 149 4019; x_wconf 88' lang='lat' dir='ltr'>tari;</span> <span class='ocrx_word' id='word_1_393' title='bbox 169 3956 229 4011; x_wconf 89' lang='lat' dir='ltr'>sola</span> <span class='ocrx_word' id='word_1_394' title='bbox 249 3955 356 4011; x_wconf 88' lang='lat' dir='ltr'>Christi</span> <span class='ocrx_word' id='word_1_395' title='bbox 378 3953 510 4009; x_wconf 88' lang='lat' dir='ltr'>Ecclesia</span> <span class='ocrx_word' id='word_1_396' title='bbox 523 3954 694 4009; x_wconf 90' lang='lat' dir='ltr'>immutabili</span> <span class='ocrx_word' id='word_1_397' title='bbox 707 3953 814 4024; x_wconf 88' lang='lat' dir='ltr'>gaudet</span> <span class='ocrx_word' id='word_1_398' title='bbox 828 3954 975 4024; x_wconf 86' lang='lat' dir='ltr'>regimine,</span> <span class='ocrx_word' id='word_1_399' title='bbox 987 3956 1093 4027; x_wconf 91' lang='lat' dir='ltr'>quippe</span> <span class='ocrx_word' id='word_1_400' title='bbox 1106 3959 1183 4027; x_wconf 92' lang='lat' dir='ltr'>quod</span> 
     </span>
    </p>
   </div>
   <div class='ocr_carea' id='block_1_3' title="bbox 81 4040 1182 4467">
    <p class='ocr_par' dir='ltr' id='par_1_3' title="bbox 81 4040 1182 4467">
     <span class='ocr_line' id='line_1_42' title="bbox 81 4040 1182 4115; baseline 0.008 -24"><span class='ocrx_word' id='word_1_401' title='bbox 81 4040 115 4093; x_wconf 87' lang='lat' dir='ltr'>ab</span> <span class='ocrx_word' id='word_1_402' title='bbox 125 4042 185 4112; x_wconf 90' lang='lat' dir='ltr'>ipso</span> <span class='ocrx_word' id='word_1_403' title='bbox 198 4044 261 4099; x_wconf 88' lang='lat' dir='ltr'>Deo</span> <span class='ocrx_word' id='word_1_404' title='bbox 283 4044 335 4099; x_wconf 88' lang='lat' dir='ltr'>fuit</span> <span class='ocrx_word' id='word_1_405' title='bbox 352 4043 380 4099; x_wconf 92' lang='lat' dir='ltr'>in</span> <span class='ocrx_word' id='word_1_406' title='bbox 394 4060 480 4099; x_wconf 90' lang='lat' dir='ltr'>omne</span> <span class='ocrx_word' id='word_1_407' title='bbox 499 4053 612 4113; x_wconf 90' lang='lat' dir='ltr'>tempus</span> <span class='ocrx_word' id='word_1_408' title='bbox 631 4041 780 4099; x_wconf 87' lang='lat' dir='ltr'>delinitum</span> <span class='ocrx_word' id='word_1_409' title='bbox 793 4057 836 4110; x_wconf 88' lang='lat'>44.</span> <span class='ocrx_word' id='word_1_410' title='bbox 850 4072 886 4083; x_wconf 90' lang='lat'>-·</span> <span class='ocrx_word' id='word_1_411' title='bbox 914 4044 957 4097; x_wconf 89' lang='lat' dir='ltr'>Ex</span> <span class='ocrx_word' id='word_1_412' title='bbox 971 4061 1077 4115; x_wconf 88' lang='lat' dir='ltr'>magna</span> <span class='ocrx_word' id='word_1_413' title='bbox 1090 4062 1182 4100; x_wconf 89' lang='lat' dir='ltr'>rerum</span> 
     </span>
     <span class='ocr_line' id='line_1_43' title="bbox 83 4129 1182 4202; baseline 0.006 -21"><span class='ocrx_word' id='word_1_414' title='bbox 83 4130 293 4200; x_wconf 85' lang='lat' dir='ltr'>perturbatione,</span> <span class='ocrx_word' id='word_1_415' title='bbox 305 4132 481 4202; x_wconf 87' lang='lat' dir='ltr'>principibus</span> <span class='ocrx_word' id='word_1_416' title='bbox 503 4129 623 4200; x_wconf 84' lang='lat' dir='ltr'>imperio</span> <span class='ocrx_word' id='word_1_417' title='bbox 644 4129 743 4200; x_wconf 88' lang='lat' dir='ltr'>pulsis,</span> <span class='ocrx_word' id='word_1_418' title='bbox 763 4129 793 4183; x_wconf 91' lang='lat' dir='ltr'>in</span> <span class='ocrx_word' id='word_1_419' title='bbox 808 4147 1008 4201; x_wconf 90' lang='lat' dir='ltr'>summumque</span> <span class='ocrx_word' id='word_1_420' title='bbox 1027 4132 1182 4188; x_wconf 88' lang='lat' dir='ltr'>discrimen</span> 
     </span>
     <span class='ocr_line' id='line_1_44' title="bbox 84 4213 1181 4289; baseline 0.008 -24"><span class='ocrx_word' id='word_1_421' title='bbox 84 4213 189 4271; x_wconf 84' lang='lat' dir='ltr'>civitate</span> <span class='ocrx_word' id='word_1_422' title='bbox 208 4220 340 4288; x_wconf 84' lang='lat' dir='ltr'>adducta,</span> <span class='ocrx_word' id='word_1_423' title='bbox 361 4236 468 4274; x_wconf 86' lang='lat' dir='ltr'>novum</span> <span class='ocrx_word' id='word_1_424' title='bbox 489 4234 695 4289; x_wconf 87' lang='lat' dir='ltr'>nonnunquam</span> <span class='ocrx_word' id='word_1_425' title='bbox 719 4217 807 4273; x_wconf 89' lang='lat' dir='ltr'>oritur</span> <span class='ocrx_word' id='word_1_426' title='bbox 828 4216 1002 4287; x_wconf 88' lang='lat' dir='ltr'>reipublicae</span> <span class='ocrx_word' id='word_1_427' title='bbox 1023 4219 1181 4289; x_wconf 91' lang='lat' dir='ltr'>legitimum</span> 
     </span>
     <span class='ocr_line' id='line_1_45' title="bbox 85 4302 1182 4377; baseline 0.001 -17"><span class='ocrx_word' id='word_1_428' title='bbox 85 4302 201 4372; x_wconf 73' lang='lat' dir='ltr'>regthten</span> <span class='ocrx_word' id='word_1_429' title='bbox 213 4321 256 4373; x_wconf 84' lang='lat'>44.</span> <span class='ocrx_word' id='word_1_430' title='bbox 269 4337 304 4348; x_wconf 92' lang='lat'><em>-</em></span> <span class='ocrx_word' id='word_1_431' title='bbox 315 4306 440 4377; x_wconf 88' lang='lat' dir='ltr'>Imperio</span> <span class='ocrx_word' id='word_1_432' title='bbox 448 4307 486 4361; x_wconf 92' lang='lat' dir='ltr'>ad</span> <span class='ocrx_word' id='word_1_433' title='bbox 498 4305 569 4361; x_wconf 91' lang='lat' dir='ltr'>alios</span> <span class='ocrx_word' id='word_1_434' title='bbox 579 4306 724 4377; x_wconf 88' lang='lat' dir='ltr'>principes</span> <span class='ocrx_word' id='word_1_435' title='bbox 738 4306 779 4361; x_wconf 93' lang='lat' dir='ltr'>sic</span> <span class='ocrx_word' id='word_1_436' title='bbox 792 4306 939 4375; x_wconf 88' lang='lat' dir='ltr'>translato,</span> <span class='ocrx_word' id='word_1_437' title='bbox 948 4324 1006 4361; x_wconf 92' lang='lat' dir='ltr'>non</span> <span class='ocrx_word' id='word_1_438' title='bbox 1017 4308 1182 4362; x_wconf 88' lang='lat' dir='ltr'>immutatur</span> 
     </span>
     <span class='ocr_line' id='line_1_46' title="bbox 86 4389 1180 4467; baseline 0.002 -20"><span class='ocrx_word' id='word_1_439' title='bbox 86 4389 143 4458; x_wconf 77' lang='lat' dir='ltr'>ipsa</span> <span class='ocrx_word' id='word_1_440' title='bbox 162 4394 251 4449; x_wconf 88' lang='lat' dir='ltr'>civilis</span> <span class='ocrx_word' id='word_1_441' title='bbox 280 4405 416 4467; x_wconf 89' lang='lat' dir='ltr'>potestas,</span> <span class='ocrx_word' id='word_1_442' title='bbox 442 4411 515 4466; x_wconf 89' lang='lat' dir='ltr'>quae</span> <span class='ocrx_word' id='word_1_443' title='bbox 545 4412 564 4448; x_wconf 91' lang='lat' dir='ltr'>a</span> <span class='ocrx_word' id='word_1_444' title='bbox 592 4394 657 4450; x_wconf 87' lang='lat' dir='ltr'>Deo</span> <span class='ocrx_word' id='word_1_445' title='bbox 675 4406 729 4465; x_wconf 88' lang='lat' dir='ltr'>est,</span> <span class='ocrx_word' id='word_1_446' title='bbox 750 4393 873 4464; x_wconf 88' lang='lat' dir='ltr'>ideoque</span> <span class='ocrx_word' id='word_1_447' title='bbox 897 4393 978 4449; x_wconf 90' lang='lat' dir='ltr'>novis</span> <span class='ocrx_word' id='word_1_448' title='bbox 1005 4394 1180 4465; x_wconf 88' lang='lat' dir='ltr'>principibus</span> 
     </span>
    </p>
   </div>
   <div class='ocr_carea' id='block_1_4' title="bbox 0 0 1576 4859">
    <p class='ocr_par' dir='ltr' id='par_1_4' title="bbox 0 0 1576 4859">
     <span class='ocr_line' id='line_1_47' title="bbox 0 0 1576 4859; baseline 0 0"><span class='ocrx_word' id='word_1_449' title='bbox 0 0 1576 4859; x_wconf 95' lang='lat' dir='ltr'> </span> 
     </span>
    </p>
   </div>
  </div>
 </body>
</html>
