3117 4859
393 365 443 436 80
469 382 654 435 EPISTOLA
672 384 723 434 AD
742 384 858 435 EPlSC.
879 384 1112 438 Pltovmctnts
1136 386 1488 437 NEO-EBORACENSIS.

217 597 225 609 ,
262 546 365 596 Laudat
389 534 488 597 huius
512 532 658 598 Sanctae
674 532 774 605 Sedis
800 534 1114 599 observantissimos
1139 535 1294 599 novimus
1309 544 1343 599 et
1371 534 1490 617 experti

215 626 363 725 ωζζήῗζζζ
389 656 506 699 sumus
520 654 625 719 quum
655 637 698 701 ad
716 636 790 701 Nos
806 638 1016 715 accederent,
1031 637 1199 723 quispiam
1227 658 1422 721 numquam,
1444 658 1491 701 ne·

233 744 363 807 apocopa·
389 742 480 805 mine
494 762 630 825 prorsus
639 752 795 824 excepto,
811 744 900 807 visus
914 752 964 807 est
988 744 1160 825 ambigere
1174 742 1217 806 de
1232 742 1385 807 doctrina
1401 741 1443 805 ab
1457 762 1490 805 ea

213 825 272 857 Μ’
286 810 363 935 ἐχ,
388 846 512 910 tradita
535 845 622 909 circa
650 846 784 910 scholas
808 848 841 911 in
872 848 994 929 quibus
1019 847 1203 913 catholicos
1219 865 1340 929 pueros
1374 846 1491 911 institui

258 938 364 1054 jem
389 950 614 1032 oportetUna
623 950 749 1014 scilicet
758 950 911 1015 omnium
924 952 1091 1016 sententia
1100 960 1152 1017 est
1162 951 1358 1032 negantium
1372 948 1492 1014 scholas

213 1070 353 1134 improban-
387 1055 522 1139 probari
538 1074 638 1138 posse
649 1064 793 1131 neutras,
809 1074 930 1137 nempe
946 1054 1116 1139 religionis
1126 1062 1293 1137 expertes,
1308 1054 1367 1117 sed
1385 1052 1491 1117 unani·

223 1138 363 1264 effiffi
388 1160 488 1223 miter
496 1158 743 1238 confisrhmles
753 1158 922 1233 adserunt,
933 1168 1033 1241 prout
1042 1157 1076 1221 in
1090 1156 1282 1239 regionibus
1294 1158 1406 1222 evenit
1415 1175 1489 1238 quas

232 1268 362 1316 lemures
388 1261 583 1326 acatholicis
610 1261 770 1343 permixti
798 1259 914 1325 fideles
935 1261 1087 1325 incolunt
1106 1260 1261 1339 ;scholas
1279 1261 1437 1323 nimirum
1462 1259 1490 1321 in

234 1330 363 1446 stiffi,
389 1366 510 1449 quibus
526 1365 621 1447 pueri
645 1364 841 1447 religionem
859 1366 920 1429 rite
939 1365 1103 1428 docentur
1118 1364 1163 1428 ab
1178 1364 1218 1427 iis
1233 1384 1318 1447 quos
1334 1362 1412 1427 huic
1429 1382 1489 1425 ma·

214 1463 363 1541 mimia?
390 1470 527 1553 gisterio
550 1489 647 1551 pares
671 1469 830 1553 Episcopi
847 1468 1053 1551 agnoverint.
1071 1468 1223 1532 Praestat
1246 1467 1370 1551 itaque,
1389 1466 1489 1531 Vene-

210 1536 365 1645 ulaml-
391 1573 513 1637 rabiles
529 1573 671 1651 Fratres,
687 1582 724 1637 ut
745 1592 904 1636 unacum
921 1572 1040 1636 ceteris
1057 1571 1270 1635 Dioecesium
1290 1570 1491 1635 Praesulibus

211 1660 365 1774 ‘lxma‘
391 1677 536 1759 regionis
559 1678 655 1741 istius
674 1676 894 1741 connitamini
921 1676 1067 1740 consiliis
1094 1674 1280 1758 studiisque
1306 1675 1491 1757 paribusne

249 1778 364 1869 rentem
390 1782 483 1863 pueri
499 1781 654 1845 catholici
671 1801 729 1844 eos
743 1780 914 1845 celebrent
930 1780 1107 1844 litterarius
1123 1779 1221 1842 ludos
1238 1778 1271 1841 in
1288 1776 1411 1859 quibus
1427 1775 1489 1839 reli·

242 1854 365 1985 '32³2
388 1886 483 1967 giosa
495 1906 610 1949 eorum
626 1886 794 1949 institutio
810 1884 1095 1967 praetermittitur,
1109 1892 1330 1964 apertumque
1346 1881 1491 1945 imminet

246 1986 363 2036 “ilfi“
387 2010 497 2053 mores
524 1990 735 2072 pervertendi
762 1988 951 2053 discrimen.
973 1987 1086 2072 Quare
1103 1988 1320 2051 vehementer
1334 1997 1492 2069 optamus,

208 2060 361 2169 „ffissf
386 2096 591 2177 proutvobis
601 2094 826 2177 significatum
837 2101 888 2157 est
899 2114 958 2177 per
968 2112 1098 2157 sacrum
1116 2092 1301 2157 Consilium
1318 2091 1491 2159 christiano

208 2192 275 2233 eant.
386 2199 514 2263 nomini
527 2200 756 2281 propagando,
783 2207 820 2261 ut
836 2197 869 2261 in
886 2198 1050 2281 proximis
1068 2198 1312 2281 Episcoporum
1328 2194 1491 2260 conventi-

387 2304 450 2365 bus
465 2302 582 2365 sedulo
597 2302 790 2367 deliberetis
807 2304 850 2367 de
872 2303 1057 2367 rationibus
1080 2302 1233 2367 ineundis
1249 2323 1335 2387 quae
1350 2301 1428 2366 huic
1444 2298 1492 2363 fini

255 2434 360 2482 cm.
387 2404 598 2486 assequendo
624 2403 801 2487 potissime
830 2406 1012 2471 conserant.
1042 2407 1205 2490 Cupimus
1241 2417 1416 2489 praeterea
1439 2422 1491 2467 vos
1555 2454 1556 2463 ,

209 2499 363 2627 {2²:25ss
387 2509 489 2572 enixe
503 2511 707 2574 contendere
723 2511 829 2591 utqui
846 2530 999 2575 summae
1020 2513 1066 2575 rei
1084 2520 1244 2594 praesunt
1261 2510 1294 2574 in
1307 2508 1491 2574 civitatibus

211 2631 273 2707 reges
284 2630 360 2693 impe.
386 2612 536 2693 singulis,
551 2614 656 2695 probe
678 2624 900 2695 agnoscentes
916 2614 998 2678 nihil
1015 2634 1089 2679 esse
1104 2616 1147 2679 ad
1164 2615 1308 2679 salutem
1329 2614 1376 2677 rei
1393 2612 1490 2697 publi·

209 2695 359 2809 enar

230 2826 360 2888 ultumi
386 2821 538 2903 spiciam,
553 2830 591 2885 ut
612 2822 757 2886 docendi
774 2821 1005 2899 ministerium,
1021 2822 1111 2905 quod
1139 2821 1284 2906 publicis
1310 2820 1491 2903 sumptibus

232 2890 261 2938 in
271 2890 360 2939 scholis
657 2925 666 2939 .
736 2925 745 2939 .
935 2928 943 2941 ,
1125 2926 1132 2941 ,
1441 2924 1480 2939 Η

206 2954 323 3019 purg-,g
386 2925 538 3007 adeoque
553 2924 685 2989 collatis
700 2934 803 2989 ettam
820 2924 1059 2990 catholicorum
1076 2927 1199 3009 oprbus
1215 2936 1402 3003 exercetur,
1417 2920 1490 2987 nrhrl

385 3030 508 3094 habeat
518 3031 609 3113 quod
619 3049 735 3095 eorum
745 3030 971 3095 conscientiae
981 3030 1107 3096 officiat
1115 3041 1174 3096 aut
1184 3031 1381 3113 religionem
1394 3028 1490 3094 offen·

386 2737 445 2781 cae
470 2717 630 2799 religione
659 2718 893 2802 praestantius,
917 2719 1119 2801 sapientium
1136 2719 1248 2801 legum
1273 2718 1400 2783 latione
1424 2737 1490 2801 pro·
1554 2776 1555 2779 ,

384 3134 452 3198 dat.
469 3134 579 3197 Nobis
594 3134 684 3197 enim
705 3154 903 3216 persuasum
920 3144 972 3199 est
995 3134 1083 3199 cives
1104 3156 1238 3221 quoque
1252 3146 1383 3200 vestros
1407 3134 1491 3219 quia
1553 3124 1554 3127 '

384 3238 494 3302 Nobis
509 3237 683 3317 dissident,
699 3258 760 3321 pro
787 3260 826 3304 ea
843 3260 909 3324 qua
925 3250 1096 3323 praestant
1113 3232 1238 3323 ingenii
1254 3239 1286 3301 vi
1303 3248 1337 3303 et
1354 3239 1489 3321 prudeu-

384 3342 441 3420 tia,
465 3342 563 3406 lacile
589 3342 779 3407 obiecturus
809 3344 1015 3428 suspiciones
1045 3345 1287 3427 opinionesque
1325 3342 1490 3408 Ecclesiae
1552 3430 1553 3441 ἵ

384 3445 570 3510 catholicae
596 3444 753 3527 infensas,
773 3446 928 3531 ultroque
953 3448 1128 3531 agnituros
1154 3447 1227 3529 ejus
1256 3448 1377 3511 merita
1403 3464 1491 3530 quae,

385 3548 519 3612 ethnica
534 3548 687 3613 barbarie
702 3569 762 3631 per
776 3551 941 3633 evangelii
954 3551 1066 3615 lumen
1080 3551 1229 3635 depulsa,
1243 3570 1365 3615 novam
1379 3568 1490 3633 proge-

385 3653 458 3717 nuit
488 3653 695 3730 societatem,
719 3654 975 3719 christianarum
1003 3657 1165 3720 virtutum
1184 3656 1305 3720 decore
1337 3654 1490 3737 omnique

385 3756 477 3820 cultu
492 3755 714 3821 humanitatis
730 3757 907 3839 insignem.
924 3758 1028 3823 Hisce
1044 3768 1156 3823 autem
1173 3758 1365 3841 perspectis,
1382 3774 1490 3840 passu·
1551 3776 1552 3807 r

385 3880 458 3923 rum
490 3879 564 3923 esse
590 3860 759 3925 neminem
789 3862 863 3925 istic
888 3872 1057 3945 putamus,
1086 3870 1124 3927 ut
1154 3862 1311 3927 catholici
1341 3868 1490 3944 parentes

384 3973 549 4044 cogantur
563 3981 603 4025 ea
630 3964 775 4059 condere
799 3966 951 4049 tuerique
966 3967 1145 4050 gymnasia
1166 3976 1199 4031 et
1218 3965 1359 4045 scholas,
1374 3964 1489 4048 quibus

385 4067 433 4129 uti
450 4073 619 4148 nequeant
635 4067 678 4130 ad
695 4065 781 4131 filios
796 4088 875 4133 suos
892 4070 1123 4135 instituendos.
1150 4069 1289 4136 Interim
1306 4091 1347 4136 eo
1374 4066 1488 4134 reversi

243 4138 361 4267 gfff}
385 4171 475 4235 unde
501 4170 641 4252 digressi
657 4190 785 4251 sumus,
803 4172 881 4255 ‚lore
903 4172 1104 4239 confidimus
1128 4184 1167 4239 ut
1198 4175 1352 4257 perlectis
1376 4170 1488 4237 litteris

208 4272 359 4393 mm
384 4274 475 4338 hisce
491 4272 634 4352 Nostris,
650 4274 696 4337 nil
718 4275 813 4340 triste
835 4286 894 4341 aut
909 4278 1063 4341 tetricum
1088 4278 1121 4341 in
1139 4280 1260 4343 animis
1278 4277 1394 4343 vestris
1416 4274 1487 4341 resi-

229 4400 360 4451 m,
385 4378 463 4441 deat
478 4377 570 4461 quod
596 4377 637 4441 iis
652 4376 705 4442 vel
726 4378 834 4443 levem
852 4379 1052 4445 nubeculam
1079 4380 1242 4449 offundat.
1258 4382 1395 4448 Certum
1423 4380 1487 4444 imo
