3117 4859
210 376 261 424 DE
287 370 568 429 PROHIBITIONE
595 377 643 426 ET
669 375 847 428 CENSURA
875 379 1088 432 LlBRORUM.
1147 381 1216 452 253

566 561 695 627 Carus
717 562 759 626 V.

330 724 382 790 Dr
388 724 504 807 poenis
520 724 553 787 in
566 724 778 789 Decretorum
792 727 1003 792 Generalium

459 837 713 911 transgressores
727 832 872 896 staturis.

154 1034 206 1098 47.
230 1018 360 1084 Omnes
376 1029 409 1082 et
436 1017 558 1100 singuli
585 1019 728 1084 scienter
752 1020 914 1103 legentes,
928 1022 1000 1086 sine
1023 1022 1225 1087 auctoritate

112 1122 212 1189 Sedis
227 1122 459 1206 Apostolicae,
472 1123 574 1214 libros
590 1133 822 1205 apostatarum
834 1135 868 1191 et
882 1125 1128 1191 haereticorum
1144 1127 1222 1191 hae-

112 1227 212 1291 resim
230 1238 494 1310 propugnantes,
510 1245 572 1289 nec
596 1247 663 1290 non
692 1227 796 1292 libros
822 1230 967 1293 cuiusvis
994 1231 1140 1295 auctoris
1165 1251 1224 1312 per

112 1331 331 1413 Apostolicas
343 1331 471 1395 litteras
481 1330 682 1394 nominatim
696 1332 892 1414 prohibitos
906 1335 1110 1418 eosdemque
1123 1336 1224 1400 libros

113 1437 305 1511 retinentes,
320 1435 552 1518 imprimentes
578 1445 612 1499 et
636 1436 893 1518 quomodolibet
918 1439 1148 1518 defendentes,
1163 1460 1223 1502 ex-

114 1539 457 1604 communicationem
474 1540 548 1621 ipso
571 1538 661 1603 lacto
688 1541 872 1619 incurrunt,
889 1543 1046 1607 Romano
1070 1541 1225 1608 Pontifici

116 1644 251 1728 speciali
269 1644 372 1707 modo
388 1653 601 1709 reservatam.

159 1750 211 1828 48.
235 1746 303 1831 Qui
319 1751 391 1812 sine
404 1747 574 1814 Ordinarii
587 1749 833 1831 approbatione
847 1750 1023 1816 Sacrarum
1039 1751 1226 1836 Scriptura-

117 1873 189 1918 rum
207 1853 319 1932 libros,
333 1853 386 1916 vel
413 1855 609 1917 earumdem
635 1855 874 1919 adnotationes
898 1856 950 1920 vel
967 1857 1228 1921 commentarios

117 1959 326 2043 imprimunt,
350 1968 408 2023 aut
445 1959 591 2042 imprimi
630 1959 768 2037 iaciunt,
796 1961 949 2025 incidunt
977 1962 1050 2044 ipso
1077 1962 1167 2026 iacto
1194 1963 1226 2026 in

117 2063 507 2128 excommunicationem
525 2065 651 2127 nemini
669 2073 882 2129 reservatam.

162 2186 214 2249 49,
238 2166 306 2250 Qui
321 2188 401 2232 vero
413 2165 739 2250 cetera'transgressi
756 2169 890 2247 fuerint,
907 2189 993 2252 quae
1008 2169 1059 2232 his
1077 2171 1230 2236 Decretis

120 2272 341 2340 Generalibus
376 2273 638 2356 praecipiuntur,
664 2291 725 2354 pro
760 2273 893 2336 diversa
927 2282 1039 2337 reatus
1066 2274 1231 2356 grauitate

119 2377 206 2440 serio
221 2375 266 2440 ab
282 2376 454 2459 Episcopo
471 2385 691 2453 moueantur;
707 2383 750 2452 et,
765 2375 793 2438 si
809 2385 1038 2459 opportunum
1056 2377 1232 2457 videbitur,

120 2481 292 2546 canonicis
308 2481 409 2545 etiam
427 2482 546 2564 poenis
562 2490 786 2545 coerceantur.

165 2587 363 2650 Praesentes
379 2605 458 2650 vero
473 2580 600 2650 litteras
616 2595 650 2648 et
672 2605 905 2669 quaecumque
921 2585 954 2649 in
971 2586 1051 2669 ipsis
1067 2586 1233 2652 habentur
1295 2643 1409 2688 Pramn-

122 2689 215 2753 nullo
231 2710 379 2772 unquam
396 2699 549 2772 tempore
564 2691 608 2754 de
624 2690 851 2771 subreptionis
868 2698 927 2753 aut
943 2691 1151 2774 obreptionis
1164 2692 1234 2755 sive
1259 2705 1322 2748 rrum
1334 2703 1397 2748 ssere-

122 2793 320 2858 intentionis
345 2795 492 2858 Nostrae
517 2794 600 2857 vitio
625 2793 734 2857 aliove
759 2793 879 2876 quovis
895 2793 1029 2858 delectu
1055 2794 1165 2859 notari
1181 2795 1234 2858 vel
1260 2775 1402 2867 {mliii

122 2898 314 2981 impugnari
331 2919 439 2982 posse,
454 2901 513 2962 sed
534 2918 670 2980 semper
685 2897 815 2960 validas
840 2898 923 2961 etin
952 2918 1013 2962 suo
1030 2899 1148 2963 robore
1166 2899 1235 2963 lore
1261 2880 1379 2986 ἴξξὶζζξιζ

124 3011 158 3064 et
175 3021 256 3081 esse,
272 3011 373 3085 atque
400 3003 444 3066 ab
459 3002 618 3066 omnibus
641 3001 786 3064 cuiusvis
814 3002 938 3082 gradus
955 3010 989 3065 et
1004 3001 1235 3085 praeeminen-

123 3105 192 3169 tiae
209 3106 446 3170 inuiolabiliter
462 3107 494 3169 in
520 3105 644 3170 iudicio
661 3113 693 3167 et
722 3113 821 3168 extra
849 3105 1017 3168 observari
1033 3105 1165 3182 debere,
1181 3107 1237 3168 de-

124 3211 313 3276 cernimus:
328 3212 456 3275 irritum
473 3229 606 3293 quoque
622 3219 656 3272 et
672 3208 772 3271 inane
784 3208 810 3270 si
829 3228 924 3271 secus
936 3228 1037 3290 super
1051 3208 1104 3272 his
1121 3230 1140 3273 a
1156 3205 1243 3292 quo-'

126 3335 237 3400 quam,
252 3317 370 3399 quavis
392 3314 593 3379 auctoritate
618 3311 669 3375 vel
697 3321 889 3396 praetextu,
905 3314 1048 3377 scienter
1064 3314 1116 3377 vel
1145 3313 1239 3396 igno-

125 3429 238 3485 ranter
263 3421 442 3503 contigerit
468 3416 627 3484 attentari
653 3417 874 3493 declarantes,
888 3419 1063 3482 contrariis
1091 3439 1157 3482 non
1181 3420 1240 3482 ob-

127 3525 297 3590 stantibus
313 3525 591 3607 quibuscumque.

170 3628 339 3692 Volumus
370 3639 482 3691 autem
509 3638 545 3691 ut
572 3630 691 3692 harum
720 3625 905 3690 litterarum
932 3626 1109 3708 exemplis,
1136 3625 1237 3689 etiam

129 3733 411 3816 impressis,manu
422 3741 536 3796 tamen
549 3733 680 3796 Notarii
695 3730 892 3812 subscriptis
902 3739 935 3793 et
949 3750 1009 3812 per
1018 3731 1238 3793 constitutum

128 3836 161 3899 in
179 3836 404 3901 ecclesiastica
428 3836 596 3919 dignitate
623 3837 730 3900 virum
748 3834 859 3917 sigillo
883 3835 1030 3912 munitis,
1046 3833 1164 3898 eadem
1181 3832 1240 3896 ha-

128 3939 248 4004 beatur
285 3939 368 4004 fides
393 3960 479 4024 quae
516 3939 661 4004 Nostrae
697 3937 881 4002 voluntatis
917 3937 1161 4021 significationi,
1188 3936 1240 4000 his

130 4044 365 4126 praesentibus
378 4043 531 4121 ostensis,
546 4042 735 4107 haberetur.

173 4145 267 4209 Nulli
283 4167 365 4228 ergo
380 4145 556 4210 hominum
570 4145 669 4209 liceat
680 4145 767 4208 hanc
781 4142 941 4228 paginam
955 4145 1101 4208 Nostrae
1117 4142 1240 4207 consti-

130 4251 282 4328 tutionis,
297 4249 528 4327 ordinationis,
556 4247 775 4326 limitationiS,
801 4247 1041 4330 derogationis,
1057 4247 1240 4323 voluntatis

131 4353 321 4437 infringere,
336 4354 387 4418 vel
405 4355 433 4417 ei
450 4373 534 4417 ausu
551 4351 728 4417 temerario
744 4352 919 4416 contraire.
932 4389 976 4400 -
987 4351 1022 4416 Si
1040 4351 1114 4434 quis
1126 4361 1238 4416 autem
