3117 4859
103 1226 428 1300 QUARUM
448 1219 623 1298 exemplar
646 1219 901 1282 Institutionum
931 1219 963 1283 T
958 1219 1118 1302 laeolograc
1137 1220 1213 1284 Mo-

313 1325 404 1401 ralis,
429 1343 513 1406 quas
539 1323 721 1386 novissime
745 1323 915 1404 expolitas
940 1325 1096 1388 secundis
1122 1325 1211 1388 curis
1285 1341 1352 1384 ocr

106 1289 290 1541 *OEN
313 1438 495 1510 auctasque
521 1427 665 1503 edidisti,
692 1436 825 1508 gratum
854 1427 963 1491 Nobis
988 1428 1073 1492 scito
1102 1427 1213 1494 luisse.
1281 1393 1356 1457 ¹⁸⁹⁶

105 1528 292 1603 moenis
313 1532 489 1616 Siquidem
513 1531 726 1613 perspexisse
750 1533 784 1595 in
808 1551 848 1596 eo
873 1533 1043 1597 volumine
1059 1533 1214 1596 videmur
1238 1509 1390 1626 ponsspssffa‘

103 1639 304 1703 meditatum
335 1658 421 1719 opus
451 1655 491 1699 ac
523 1636 759 1699 laboriosum·
752 1637 892 1720 ‚idque
924 1639 1130 1702 documento
1161 1646 1211 1701 est
1239 1627 1391 1740 ἑζῗῃῑῑᾞξο·

100 1741 218 1806 sedulo
234 1753 268 1805 te
279 1742 488 1824 scienterque
500 1740 578 1804 his'
569 1761 602 1803 ιιι
619 1686 805 1822 disciplinis
817 1744 940 1806 versari
942 1763 1048 1825 ,quae
1061 1741 1212 1824 prolecto
1239 1746 1391 1852 hishis&

102 1845 188 1910 tanti
211 1855 299 1924 sunt,
322 1847 439 1928 quanti
462 1845 662 1909 christianos
687 1865 797 1909 mores
821 1866 920 1910 nosse
945 1866 1068 1929 regere.
1092 1845 1212 1928 Neque
1240 1879 1291 1911 rem
1293 1867 1392 1935 ,quippe

104 1968 218 2012 sumus
235 1950 347 2030 nescii,
361 1959 396 2014 te
411 1950 548 2033 quidem
569 1948 633 2013 hoc
652 1953 754 2014 etiam
772 1951 919 2030 nomine,
935 1951 1117 2015 multorum
1134 1971 1213 2015 con·
1240 1938 1390 2030 qpmurqznqer

104 2071 212 2132 sensu,
241 2055 369 2119 laudari
397 2055 526 2137 quod
516 2074 550 2118 ιιι
582 2055 736 2118 universa
763 2075 798 2118 re
826 2055 943 2120 morali
975 2055 1211 2140 pertractanda
1240 2044 1376 2150 mmet

103 2158 247 2221 multum
275 2161 461 2224 contendas
487 2161 574 2224 bene
601 2160 735 2240 provisa
762 2161 927 2244 principia
953 2180 1086 2244 ponere,
1113 2169 1214 2244 atque
1235 2163 1376 2290 ἷὲἐξῑωθ·

103 2263 190 2340 iude,
205 2282 292 2346 quae
308 2265 550 2347 consequentia
572 2273 660 2338 suut,
676 2263 808 2326 ratione
830 2263 996 2345 colligere
1014 2263 1213 2328 Cuiusmodi
1233 2280 1320 2339 jubear
1331 2296 1366 2328 ιι

101 2386 207 2449 genus
224 2368 429 2450 disputandi,
448 2370 476 2432 si
501 2369 634 2451 sapiens
650 2369 828 2432 accesserit
853 2367 1112 2453 intelligensque
1128 2368 1214 2433 iudi·
1239 2340 1344 2445 2²¹3*
1343 2355 1378 2387 ³⁸⁶

100 2472 201 2550 cium,
217 2492 283 2536 non
301 2474 405 2537 modo
416 2473 460 2536 ad
473 2473 744 2555 persuadendum
756 2474 847 2537 valet
864 2473 1056 2555 plurimum,
1072 2473 1157 2536 sed'
1149 2474 1212 2556 rpsi
1239 2473 1268 2564 “T
1301 2464 1386 2624 ιζ’ξζὲζζ

102 2575 312 2660 Theologiae
335 2577 452 2642 morali
476 2577 570 2641 iubet
593 2597 676 2653 esse,
698 2578 747 2640 uti
767 2578 874 2656 decet,
891 2577 1140 2660 philosophiam
1157 2597 1212 2641 co·
1240 2579 1337 2626 man.

104 2681 220 2744 mitem
237 2682 461 2766 eamdemque
476 2682 684 2747 adiutricem.
702 2681 932 2764 Quamobrem
950 2681 1211 2746 collaudandam

104 2804 279 2849 censemus
304 2787 503 2850 industriam
530 2796 643 2851 tuam:
668 2787 889 2869 cupimusque
917 2786 996 2864 lore,
1019 2796 1056 2851 ut
1079 2807 1124 2850 ex
1147 2787 1214 2850 isto

90 2889 219 2954 labore
244 2903 303 2955 tuo
327 2890 472 2956 fructum
496 2891 642 2974 aliquem
658 2912 777 2974 capere
798 2900 988 2975 opportune
1004 2900 1128 2976 queant
1153 2890 1210 2974 qui

104 3014 141 3058 se
156 2994 199 3058 ad
216 2995 432 3059 christianam
447 3016 576 3060 morum
589 2997 764 3060 scientiam
778 2997 947 3080 applicare
959 3003 1212 3061 consueverunt.

104 3134 148 3145 -
166 3099 299 3163 Interea
313 3098 507 3164 caelestium
521 3120 697 3164 munerum
710 3101 880 3182 auspicem
894 3099 1214 3181 benevolentiaeque

105 3203 250 3268 Nostrae
264 3213 396 3284 testem,
411 3204 647 3288 Apostolicam
664 3204 936 3269 benedictionem
955 3204 1017 3268 tibi
1032 3223 1212 3285 peraman-

106 3315 157 3370 ter
171 3308 393 3391 impertimus.

150 3413 278 3475 Datum
318 3413 449 3477 Romae
486 3414 577 3497 apud
621 3413 654 3479 S.
696 3398 834 3477 Petrum
872 3411 927 3475 die
965 3425 1017 3474 xx
1056 3409 1214 3475 Octobris

106 3531 330 3597 MDcccxcvl,
348 3516 566 3583 Pontificatus
583 3518 698 3582 Nostri
715 3537 805 3582 anno
822 3517 955 3583 decimo
972 3535 1073 3579 nouo.

703 3672 798 3739 nno
817 3629 880 3739 ιι.
896 3671 998 3736 ιιιιι.
