3117 4859
195 1148 224 1180 ,ο
310 1104 698 1407 {QRAECLARA
739 1092 978 1174 gratulationis
1018 1094 1175 1177 publicae
1219 1098 1429 1173 testimonia,

162 1196 255 1245 sur-rr

174 1250 247 1313 189⁴·
345 1175 494 1413 flii
518 1214 605 1278 quae
619 1206 692 1259 toto
707 1195 877 1277 superiore
893 1217 992 1275 anno,
1006 1198 1051 1263 ob
1068 1200 1264 1263 memoriam
1281 1201 1426 1281 primos.

211 1367 287 1415 lacto
469 1254 495 1403 Β
517 1301 648 1363 diorum
664 1299 879 1381 episcopatus
896 1300 1021 1378 Nostri,
1047 1298 1194 1383 undique
1221 1302 1429 1384 accepimus,

151 1434 237 1481 animo
248 1449 284 1480 re.
310 1408 423 1479 &aas
477 1437 491 1467 ›1-
518 1421 671 1485 quaeque
687 1401 846 1483 proximo
862 1410 1013 1484 tempore
1030 1402 1170 1487 insignis
1188 1402 1424 1486 Hispanorum

150 1496 283 1575 ‘imm
311 1508 418 1589 pietas
445 1503 637 1581 cumulavit,
667 1503 755 1567 hunc
786 1504 950 1587 imprimis
977 1505 1119 1569 attulere
1148 1506 1256 1569 Nobis
1272 1506 1426 1572 laetitiae

150 1564 285 1705 ‘iiiiii‘
310 1611 467 1688 fructum,
482 1610 572 1693 quod
589 1610 622 1672 in
636 1608 694 1671 illa
710 1609 929 1673 similitudine
944 1610 1191 1693 concordiaque
1207 1611 1423 1677 voluntatum

218 1777 234 1807 r
250 1723 283 1807 ro]
310 1714 419 1777 eluxit
450 1712 626 1777 Ecclesiae·
652 1712 773 1789 unitas,
803 1713 942 1794 eiusque
971 1731 1047 1774 cum
1080 1711 1241 1776 Pontifice
1267 1714 1424 1778 maximo

152 1825 283 1889 mmepis·
311 1818 395 1880 mira
415 1817 615 1881 coniunctio.
642 1815 831 1879 Videbatur
844 1836 903 1898 per
934 1834 990 1879 eos
1011 1816 1082 1878 dies
1107 1816 1197 1880 orbis
1223 1816 1423 1897 catholicus,

133 1898 231 1954 topatus
241 1891 285 1939 rui
396 1922 404 1935 ·
809 1920 816 1935 ·
1158 1920 1164 1933 ·
1313 1921 1320 1935 .
1392 1924 1399 1936 .

193 1958 300 2038 ampl
310 1941 404 2003 quast
422 1941 529 1985 rerum
545 1931 730 1986 ceterarum
743 1932 886 2004 cepisset
897 1920 1031 1997 oblrvro,
1044 1938 1076 1982 rn
1090 1920 1229 1984 aedibus
1239 1919 1419 1986 Vaticanis

142 2023 282 2134 gratularss
309 2025 465 2089 obtutum
485 2026 657 2089 oculorum
680 2024 851 2107 animique
877 2024 1119 2105 cogitationem
1140 2022 1307 2089 defixisse.
1326 2026 1420 2090 Prin-

131 2088 282 2202 iiileiliini·
309 2130 422 2210 cipum
439 2129 634 2212 legationes,
658 2130 909 2212 peregrinorum
937 2126 1134 2209 frequentia,
1150 2126 1270 2208 plenae
1293 2133 1419 2195 amoris

131 2220 185 2266 m·
309 2230 480 2311 epistolae,
495 2234 726 2295 caeremoniae
738 2230 970 2294 sanctissimae
986 2230 1020 2292 id
1037 2238 1153 2311 aperte
1170 2228 1417 2311 significabant,

309 2334 342 2396 in
359 2335 520 2418 obsequio
545 2337 766 2419 Apostolicae
783 2335 881 2400 Sedis
898 2354 955 2397 cor
971 2354 1074 2398 unum
1092 2353 1165 2396 esse
1181 2335 1334 2399 omniurn
1360 2357 1417 2402 ca·

171 2484 280 2535 Catholr'·
307 2437 508 2502 tholicorum
533 2450 567 2504 et
585 2442 733 2503 animam
762 2459 873 2503 unam.
899 2436 996 2520 Quae
1016 2458 1068 2501 res
1084 2436 1148 2501 hoc
1165 2439 1266 2499 etiarn
1294 2441 1416 2506 accidit

144 2566 282 2599 commcor
307 2543 483 2606 iucundior
503 2553 538 2608 et
552 2546 687 2626 gratior,
713 2545 793 2627 quia
808 2562 884 2607 cum
905 2542 1051 2605 consiliis
1069 2540 1265 2623 coeptisque
1282 2540 1416 2605 Nostris

128 2631 280 2731 ἵζ’ξωὸξέξξ
306 2647 491 2709 admodum
503 2668 701 2731 congruens.
712 2647 886 2730 Siquidem
897 2646 1193 2729 gnaritemporum
1204 2654 1239 2708 et
1249 2662 1416 2709 memores

126 2748 236 2824 obsequio
253 2763 279 2795 ²0
305 2749 414 2826 officii,
430 2750 463 2812 in
479 2752 573 2814 omni
596 2750 814 2834 pontificatus
841 2750 957 2815 Nostri
988 2767 1096 2827 cursu,
1125 2748 1190 2811 hoc
1221 2758 1416 2813 constanter

145 2828 279 2928 ”megi
304 2854 540 2934 spectavimus,
555 2864 657 2938 atque
679 2855 927 2937 hoc,quantum
953 2854 1108 2917 docendo
1124 2852 1322 2935 agendoque
1352 2871 1414 2933 po·

146 2944 275 3059 §mx
304 2958 439 3037 ruimus,
455 2960 565 3023 conati
587 2980 714 3037 sumus,
740 2958 900 3040 colligare
924 2956 1111 3021 Nobiscum
1140 2957 1265 3019 arctius
1293 2974 1414 3019 omnes

120 3076 273 3140 prruniver-
301 3071 419 3143 gentes
435 3082 620 3147 omnesque
636 3063 790 3146 populos,
805 3072 907 3145 atque
924 3061 956 3123 in
974 3060 1156 3143 conspicuo
1186 3078 1312 3142 ponere
1341 3060 1412 3123 virn

144 3155 274 3268 ³225}ng
301 3164 517 3247 pontificatus
532 3167 673 3245 romani,
688 3168 869 3230 salutarem
894 3167 927 3228 in
954 3184 1073 3228 omnes
1099 3174 1220 3247 partes.
1238 3162 1412 3228 Maximas

120 3273 229 3337 poprrros.
300 3269 401 3351 igitur
419 3280 452 3333 et
468 3273 601 3353 agimus
617 3282 650 3335 et
666 3270 830 3335 habemus
845 3270 973 3352 gratias
985 3268 1130 3351 primum
1144 3269 1281 3351 quidem
1294 3267 1411 3350 benig-

75 3394 86 3420 ι’
165 3388 272 3437 Gratum
301 3374 398 3436 nitati
419 3373 562 3455 divinae,
577 3376 671 3439 cuius
687 3393 824 3437 munere
840 3372 1069 3455 beneficioque
1092 3374 1126 3436 id
1149 3372 1271 3435 aetatis
1296 3372 1411 3453 attigi-

166 3459 275 3501 ’ΜΨ
300 3494 375 3538 mus
402 3476 610 3543 incolumes:
626 3478 749 3542 deinde
780 3478 859 3541 viris
880 3477 1097 3560 principibus,
1118 3474 1296 3558 episcopis,
1310 3475 1411 3553 clero,

155 3519 272 3566 animum

120 3582 272 3713 mm
299 3580 505 3664 privatisque
543 3583 714 3661 universis,
749 3591 918 3665 quotquot
958 3580 1135 3663 multiplici
1170 3577 1410 3644 testificatione

143 3714 270 3763 phium:
299 3685 434 3765 pietatis
460 3696 494 3750 et
509 3687 660 3771 obsequii
676 3687 799 3751 dedere
815 3705 952 3768 operam
977 3696 1014 3750 ut
1030 3703 1209 3767 personam
1226 3704 1267 3747 ac
1298 3683 1410 3766 digni·

120 3780 190 3827 ΨΜ
298 3792 403 3847 tatem
417 3786 578 3853 Nostram
594 3791 730 3866 honore,
747 3786 887 3871 Nosque
902 3787 1059 3869 privatIm
1076 3796 1271 3870 opportuno
1285 3785 1409 3849 solatio

297 3886 475 3956 afficerent

155 4043 268 4093 Lam
341 3998 558 4080 Quamquam
589 3996 631 4059 ad
662 3996 801 4078 plenum
825 3994 1038 4079 solidumque
1068 3992 1238 4069 solatium,
1259 3991 1407 4057 multum

118 4114 266 4186 tanrenlmr-
295 4119 375 4163 sane
391 4099 506 4163 deluit
533 4099 623 4162 Nam
645 4099 732 4162 inter
747 4098 838 4180 ipsas
862 4098 1034 4181 popularis
1059 4097 1207 4161 laetitiae
1235 4097 1408 4179 studiique

118 4174 228 4287 Μ’ζὲζ
292 4202 564 4285 significationes,
578 4202 820 4268 obversabatur
829 4204 944 4268 animo
961 4202 1280 4284 multitudoingens,
1295 4201 1329 4263 in
1346 4201 1409 4265 illo

116 4254 172 4287 cmi

116 4305 240 4420 mgr
292 4309 508 4389 gestientium
542 4307 786 4373 catholicorum
812 4328 976 4373 consensu
1007 4306 1127 4385 aliena,
1156 4306 1279 4389 partim
1309 4306 1406 4387 quod
