3117 4859
396 374 405 393 ¹¹
428 364 490 416 οι,
516 388 527 403 ι1
553 388 565 403 ι,
590 390 603 405 ιι
627 388 638 402 v¹
664 388 676 403 v¹
702 390 714 405 ι.
738 387 751 403 ιΙ
774 386 788 403 ι,
812 388 831 405 ab
850 387 864 403 v¹
887 388 905 407 'v
924 388 941 405 u»
961 388 981 403 a„
998 388 1012 405 v¹
1034 388 1048 403 a,
1072 388 1088 405 ι,
1109 388 1127 404 1„
1146 388 1160 405 ι,
1183 388 1199 405 ι,
1220 388 1231 401 ·,
1256 388 1269 403 ιΔ
1291 388 1340 405 -Ηιι
1361 388 1375 405 ο,
1395 385 1435 403 νυῑ,
1457 371 1469 389 ”’

424 435 426 438 .
537 432 710 438 .ΗΠ
1192 430 1439 439 ,...,...,..,,,,-.....,.

400 451 401 455 ,
433 442 986 455 *Qu—“mm-
1443 442 1466 468 :pt

403 477 407 482 ⁷
1460 471 1464 481 ι

402 552 405 559 ,
429 511 433 576 l

407 574 433 590 λ’,

423 613 433 620 ,η

402 625 406 632 ι

483 677 541 736 lid
573 677 767 736 praesules
793 679 859 750 qui
893 677 942 737 ob
972 677 1196 737 memoriam
1228 679 1397 749 baptismi

480 825 502 868 a
517 809 732 871 clodovaeo
752 811 918 882 suseepti
945 810 1109 869 Rhamos
1130 817 1397 871 convenerunt
1439 802 1449 889 ,³3

401 923 427 1023 l}
474 971 540 1030 os
573 967 811 1027 panicus
842 967 1212 1029 snscutnnrnus
1246 969 1414 1029 rasus.

386 1249 773 1324 fflwcnoviiws
798 1265 878 1308 sane
904 1245 1055 1322 libentes,
1079 1264 1118 1306 ea
1144 1243 1284 1308 Rhemis
1308 1245 1474 1326 nuperrime

272 1261 303 1308 24

249 1306 323 1424 idol.
595 1351 756 1427 evenisse,
777 1369 874 1432 «quae,
897 1350 1035 1414 ineunte
1058 1348 1121 1412 hoc
1143 1366 1244 1424 anno,
1260 1347 1433 1430 plurimum
1447 1355 1473 1408 et

267 1473 364 1545 Gabar
596 1473 639 1516 ex
656 1454 756 1518 corde
772 1453 867 1518 vobis
883 1454 1126 1518 ominabamur.
1144 1454 1274 1537 Insigni
1300 1456 1387 1517 enim
1409 1451 1473 1534 Epi·

245 1534 363 1654 ’[’ζξζζζζ
595 1577 772 1640 scoporum
791 1558 977 1642 frequentia
992 1579 1031 1620 ac
1049 1557 1162 1622 multis
1186 1557 1342 1639 publicae
1358 1556 1473 1640 pietatis

201 1711 357 1770 saraam·
386 1671 568 1744 grataeque
584 1662 824 1727 recordationis
846 1663 1076 1738 sollemnibus,
1099 1663 1211 1726 exitus
1232 1662 1358 1726 decimi
1382 1663 1473 1745 quani

208 1773 361 1877 macla
386 1765 509 1827 saeculi
531 1774 582 1829 est
602 1777 895 1843 commemoratus,
918 1787 962 1830 ex
979 1785 1046 1850 quo
1067 1765 1290 1844 Clodovaeus,
1312 1767 1377 1850 qui,
1392 1765 1472 1829 rebus

227 1845 359 1950 opriffi
385 1877 520 1932 strenue
534 1870 647 1952 gestis,
663 1869 729 1932 iarn
747 1880 894 1934 veterem
912 1871 1116 1934 Francorum
1133 1871 1275 1953 gloriam
1294 1871 1362 1935 late
1376 1879 1472 1954 protu-

204 1956 360 2056 mssfflff
384 1971 476 2048 lerat,
501 1975 747 2056 praestantiora
771 1975 909 2038 demum
930 1995 1083 2058 agressus
1105 1985 1261 2058 suscepto
1279 1976 1474 2059 baptismate,

207 2071 298 2117 ml·
385 2076 431 2139 sic
457 2077 530 2140 aliis
555 2078 715 2161 exemplo
737 2078 810 2156 suit,
834 2088 871 2143 ut
892 2078 987 2161 plura
1010 2080 1132 2143 civium
1154 2079 1259 2142 millia
1276 2079 1321 2144 ad
1339 2081 1471 2143 instituta

280 2211 358 2258 vm„
385 2180 567 2245 christiana
594 2193 724 2247 mature
750 2181 954 2265 perduxerit.
982 2183 1101 2267 quue
1127 2184 1307 2248 iucundius
1331 2184 1363 2250 id
1384 2179 1473 2246 Nobis

205 2271 358 2392 wa&
384 2285 515 2360 accidit,
541 2307 609 2369 quo
636 2285 836 2368 praeclarior
863 2287 941 2351 inde
968 2307 1004 2349 se
1030 2287 1123 2351 dedit
1150 2289 1296 2364 occasio,
1324 2297 1361 2352 ut
1386 2303 1470 2349 novas

205 2397 358 2496 mm
383 2389 540 2470 populus,
556 2391 597 2454 ad
615 2391 743 2462 avitum
765 2390 843 2455 fidei
865 2391 968 2456 decus
984 2391 1037 2454 vel
1054 2393 1279 2455 revocandum
1299 2392 1352 2456 vel
1368 2407 1472 2472 augen-

199 2511 357 2580 geasgarlica
385 2493 477 2569 dum,
493 2505 640 2559 sumeret
659 2495 767 2574 vires;
791 2497 958 2576 sacrisque
976 2517 995 2559 e
1016 2505 1088 2558 tota
1110 2493 1219 2560 Gallia
1237 2496 1332 2561 initis
1349 2491 1471 2579 peregri·

205 2569 291 2622 ‘Mi'
383 2597 587 2677 nationibus,
611 2599 700 2681 apud
729 2599 836 2662 sancti
865 2599 1012 2681 Remigii
1040 2601 1189 2675 exuvias,
1221 2597 1472 2682 magnificentius

382 2701 572 2779 translatas,
596 2712 676 2766 vota
701 2704 734 2766 in
760 2703 931 2784 baptismo
955 2701 1035 2766 olim
1061 2714 1224 2786 concepta
1240 2712 1472 2788 peropportune

383 2809 592 2872 instauraret.
618 2807 764 2871 Provido
788 2817 900 2870 autern
926 2826 1139 2888 supernoque
1163 2807 1307 2872 consilio
1331 2806 1472 2888 obtigisse

383 2913 629 2989 existimamus,
655 2921 692 2975 ut
716 2931 803 2992 quae
831 2910 981 2987 Rhamis,
1008 2912 1247 2976 convenienter
1271 2911 1474 2994 temporibus,

379 3027 458 3080 sunt
474 3026 561 3093 acta,
584 3035 624 3079 ea
639 3014 743 3078 veluti
759 3015 945 3080 consecrari
962 3013 1133 3078 volueritis
1153 3014 1244 3079 cultu
1267 3027 1304 3080 et
1325 3011 1472 3099 praesidio

383 3119 517 3184 Rosarii
535 3117 695 3194 Marialis,
719 3119 773 3180 cui
799 3119 887 3181 hunc
912 3118 1108 3199 praesertim
1136 3138 1283 3183 mensem
1304 3119 1471 3185 Octobrem

377 3225 479 3306 plane
508 3224 661 3288 deditum
689 3223 778 3286 haud
807 3221 911 3285 semel
939 3222 1129 3300 statuimus,
1154 3235 1187 3288 et
1214 3243 1283 3305 quo
1312 3221 1393 3285 nihil
1420 3219 1472 3281 lere

377 3329 488 3410 aptius
502 3327 643 3390 inveniri
655 3334 776 3408 potest,
789 3335 826 3387 ut
839 3323 916 3388 fidei
927 3326 1106 3407 praeconia
1119 3328 1151 3389 in
1166 3326 1339 3392 mentibus
1356 3324 1473 3408 penitus

378 3433 545 3496 insideant
569 3430 612 3495 ad
637 3432 844 3493 incrementa
865 3430 1035 3492 virtutum.
1059 3429 1215 3494 Studium
1241 3430 1346 3514 igitur
1361 3433 1393 3493 in
1415 3443 1472 3489 ren

377 3538 463 3600 tanti
498 3535 661 3599 momenti
693 3535 845 3615 impense
880 3533 1068 3596 adhibitum
1104 3534 1265 3617 singulari
1301 3537 1474 3613 meritaque

379 3641 613 3723 prosequimur
636 3639 735 3702 laude
750 3661 757 3716 ;
783 3637 943 3720 vobisque
967 3639 1101 3720 gratias,
1118 3649 1154 3702 ut
1170 3660 1231 3722 par
1247 3648 1308 3716 est,
1324 3639 1475 3703 habemus

230 3790 353 3849 lamp„
378 3745 618 3821 cummaxime,
641 3746 684 3807 de
707 3743 828 3806 litteris
850 3762 965 3806 amore
987 3743 1215 3829 obsequioque
1239 3743 1381 3821 refertis,
1394 3750 1426 3805 et
1439 3737 1474 3801 ad

245 3851 353 3920 perregn
377 3870 446 3914 rem
464 3851 572 3932 ipsam
590 3848 810 3912 enarrandam
827 3846 926 3912 datis.
939 3849 978 3910 In
997 3849 1118 3929 quibus
1134 3848 1335 3932 placuerunt
1350 3843 1476 3931 quidem

199 3912 306 3966 exposcis
322 3924 351 3955 m

198 3965 292 4013 utrem
316 3970 352 4015 aa
376 3953 569 4018 communia
593 3971 653 4034 pro
677 3951 802 4015 Nostra
827 3951 1058 4016 incolumitate
1081 3954 1239 4036 auspicia,
1261 3953 1476 4030 memorisque

219 4026 350 4074 sedatisa
422 4059 430 4073 .
471 4059 479 4072 .
523 4058 530 4072 .
582 4057 590 4072 .
673 4057 680 4070 .
1123 4058 1130 4072 ι

222 4084 349 4132 praesule.
375 4078 479 4123 animi
504 4055 764 4139 significationes
786 4055 830 4120 ob
853 4055 976 4119 collata
1001 4077 1020 4120 a
1040 4058 1149 4122 Nobis
1170 4058 1358 4134 benefacta,
1381 4065 1425 4132 ut,
1439 4051 1476 4115 ad

226 4142 351 4261 suam
376 4161 572 4224 memoriam
591 4169 730 4223 eventus
747 4161 779 4222 in
806 4159 976 4240 religionis
993 4160 1088 4224 lastis
1109 4161 1371 4245 auspicatissimi
1386 4159 1477 4224 altius

222 4264 348 4368 ,ssssssss‘j'
378 4263 600 4340 recolendam,
627 4261 741 4327 fideles
769 4261 867 4326 isthic
895 4264 928 4325 in
958 4284 1061 4328 unum
1094 4265 1330 4329 excitarentur.
1364 4260 1477 4328 Maiori

211 4380 349 4437 emersum
375 4376 489 4428 tamen
518 4365 638 4428 solatio
664 4365 727 4429 luit
754 4376 787 4429 et
808 4364 1028 4432 oblectationi
1054 4367 1281 4432 nobilissimus
1305 4369 1417 4444 ardor,
1438 4373 1476 4438 ut,
