3117 4859
379 382 420 431 12
577 385 759 439 uersuum
786 387 998 439 uucvcmcn
1027 376 1048 405 ‘⁸
1071 388 1236 441 ocrouar
1260 368 1279 393 ’'

195 543 282 592 sertim
298 543 348 592 urs·-
374 541 537 618 gratiores
552 557 624 603 esse
640 540 840 616 noverimus,
855 540 1035 605 Rosarium
1049 542 1172 605 idcirco
1182 541 1384 605 nominatim
1396 537 1474 603 indi·
1545 575 1547 626 i

224 608 348 659 tissimum

195 673 243 737 qm·
263 681 349 737 mm,
375 659 450 703 care
467 641 576 722 placet
593 643 811 726 impenseque
826 643 1000 710 inculcare.
1027 645 1117 708 Huic
1138 646 1297 728 precandi
1320 644 1397 708 ritui
1420 661 1474 705 oo·
1545 669 1547 688 ι

229 740 271 788 ”²³
287 740 349 789 Μ
376 762 452 806 men
468 765 600 810 coronae
624 748 796 811 communi
822 768 977 814 sermone
1001 750 1164 824 adhaesit,
1179 770 1217 812 ac
1234 748 1337 813 etiam
1361 763 1474 811 caussa
1545 755 1547 814 i

194 812 278 864 oraru,
300 820 348 854 ure·

219 870 346 921 durantur.
374 849 465 927 quod
479 853 701 933 magnaluso
713 863 746 916 et
757 852 877 916 Matris
888 854 1056 935 mysteria,
1067 854 1200 936 gaudia,
1208 853 1355 931 dolores,
1366 852 1475 915 trium·
1545 919 1547 930 ,

373 948 468 1031 phos,
494 954 646 1020 felicibus
673 956 792 1020 reddat
816 958 913 1020 sertis
940 976 1103 1021 connexa
1132 955 1229 1040 Quae
1259 954 1376 1020 fideles
1405 974 1474 1036 my·
1545 1009 1547 1042 Ι

371 1054 473 1119 steria
488 1068 633 1141 augusta
649 1060 677 1122 si
703 1059 759 1142 pia
781 1062 1069 1125 commentatione
1084 1082 1129 1125 ex
1145 1059 1262 1124 ordine
1278 1059 1427 1124 recolant
1441 1066 1474 1120 et
1545 1119 1547 1174 Ι

371 1161 650 1244 contemplentur,
667 1164 788 1227 mirum
805 1174 971 1247 quantum
982 1166 1168 1229 adiumenti
1184 1164 1317 1227 trahere
1328 1162 1392 1227 sibi
1402 1178 1475 1244 pos·
1545 1209 1547 1230 .

370 1273 449 1329 sunt
461 1276 535 1331 tum
548 1268 591 1331 ad
609 1264 709 1331 fidem
726 1266 884 1333 alendam
910 1279 945 1333 et
972 1270 1017 1334 ab
1041 1270 1231 1352 ignorantia
1255 1278 1314 1333 aut
1330 1282 1473 1331 errorum
1545 1255 1547 1258 ’

370 1381 464 1453 peste
476 1372 665 1450 tutandam,
681 1381 753 1436 tum
770 1374 874 1437 etiam
886 1375 929 1438 ad
948 1374 1107 1438 virtutem
1132 1374 1236 1437 animi
1262 1370 1471 1437 relevandam

369 1483 403 1537 et
419 1475 661 1539 sustinendam.
680 1475 758 1539 Hoc
773 1478 899 1540 etenim
916 1477 1019 1540 modo
1039 1476 1166 1541 orantis
1182 1477 1345 1560 cogitatio
1361 1484 1394 1538 et
1410 1490 1475 1537 me·

369 1578 485 1655 moria,
498 1576 575 1643 fidei
588 1578 713 1642 lumine
727 1578 948 1661 praelucente,
959 1581 1001 1643 ad
1015 1600 1055 1643 ea
1068 1580 1226 1662 mysteria
1237 1577 1474 1643 iucundissimo

369 1683 481 1748 studio
497 1682 655 1759 feruntur,
681 1684 847 1767 iocisque
871 1694 907 1749 et
931 1683 1066 1749 defixae
1089 1693 1124 1748 et
1148 1685 1380 1761 discurrentes,
1395 1680 1474 1745 satis

367 1786 526 1851 admirari
543 1806 610 1851 non
626 1796 754 1870 queunt
780 1788 955 1852 restitutae
982 1788 1150 1851 humanae
1174 1786 1292 1851 salutis
1309 1788 1474 1851 inenarra-

367 1890 434 1955 bile
450 1911 544 1974 opus,
560 1900 630 1956 tam
658 1892 751 1975 largo
767 1892 876 1976 pretio
900 1912 1077 1976 rerumque
1101 1903 1271 1957 tantarum
1297 1892 1381 1955 serie
1397 1906 1474 1953 con·

366 1994 490 2059 sectum
507 2020 515 2061 :
530 2005 601 2060 tum
620 2017 698 2059 vero
714 1997 848 2060 animus
863 2016 961 2079 super
978 1997 1031 2060 his
1046 1996 1195 2061 caritatis
1222 1996 1358 2060 divinae
1377 2011 1474 2075 argu·

367 2101 488 2163 mentis
505 2120 619 2165 amore
628 2112 662 2166 et
678 2102 788 2183 gratia
803 2101 1003 2179 exardescit,
1014 2121 1109 2184 spem
1122 2098 1300 2165 confirmat
1310 2109 1344 2163 et
1364 2106 1473 2181 auget,

366 2204 507 2286 cupidus
534 2215 749 2287 arrectusque
776 2206 819 2267 ad
844 2203 1002 2269 caelestia
1032 2206 1191 2287 praemia,
1221 2204 1262 2267 iis
1289 2223 1310 2268 a
1337 2202 1471 2268 Christo

366 2318 484 2393 parata
501 2308 558 2391 qui
573 2328 609 2371 se
625 2308 668 2372 ad
685 2309 795 2390 ipsum
813 2309 1002 2373 imitatione
1017 2308 1165 2391 exempli
1182 2318 1215 2373 et
1238 2310 1473 2374 communione

365 2414 520 2479 dolorum
532 2412 759 2477 adiunxerint.
775 2414 871 2477 Haec
887 2416 973 2478 iuter
984 2413 1132 2479 funditur
1144 2414 1254 2478 verbis
1266 2413 1425 2497 precatio,
1434 2410 1474 2475 ab

366 2521 441 2602 ipso
458 2517 617 2595 Domino,
633 2538 653 2580 a
669 2517 826 2582 Gabriele
843 2517 1068 2602 Archangelo,
1095 2520 1139 2581 ab
1156 2517 1307 2582 Ecclesia
1328 2516 1451 2581 tradita
1468 2540 1474 2577 :

366 2638 462 2703 quae,
478 2617 579 2702 plena
594 2619 731 2684 laudum
749 2630 783 2685 et
796 2621 995 2699 salutarium
1020 2633 1185 2698 votorum,
1210 2630 1302 2685 certo
1317 2620 1473 2701 varioque

367 2724 485 2787 ordine
509 2724 629 2787 iterata
659 2724 865 2801 continuata,
893 2744 999 2788 novos
1026 2746 1131 2808 usque
1158 2725 1261 2788 habet
1292 2722 1471 2804 dulcesque

369 2828 495 2891 fructus
511 2827 657 2909 pietatis.

240 2946 345 3023 horarii
415 2930 577 3015 Magnam
595 2942 707 2996 autem
725 2932 918 2996 huiusmodi
934 2933 1118 3013 precationi
1130 2932 1284 2995 caelestis
1310 2932 1385 3013 ipsa
1412 2929 1473 2993 Re·

217 3026 342 3153 {wis}
369 3036 449 3119 gina
465 3036 625 3101 adiecisse
637 3037 795 3100 virtutem
813 3036 890 3100 ideo
906 3036 1074 3100 credenda
1088 3045 1148 3113 est,
1163 3036 1254 3118 quod
1265 3056 1328 3101 suo
1338 3035 1475 3098 numine

190 3142 335 3219 Attageases
369 3148 402 3201 et
419 3140 578 3203 instinctu
596 3140 639 3203 ab
655 3140 771 3203 inclito
788 3151 884 3221 patre
901 3138 1082 3203 Dominico
1097 3142 1230 3204 invecta
1246 3140 1290 3203 sit
1306 3150 1341 3202 et
1356 3154 1474 3222 propa·

189 3207 342 3321 alig‘ffi'-
369 3252 457 3325 gata,
481 3263 541 3324 per
567 3255 713 3306 aetatem
740 3244 907 3307 catholico
930 3243 1057 3307 nomini
1084 3243 1365 3321 adversissimam,
1388 3260 1475 3305 eam·

190 3338 342 3465 mm
369 3349 513 3429 demque
538 3347 616 3409 huic
641 3356 776 3409 nostrae
803 3366 922 3428 parum
953 3345 1161 3424 dissimilem,
1190 3345 1287 3428 quasi
1318 3345 1472 3410 bellicum

182 3440 342 3531 favoresim’-
369 3455 630 3517 instrumentum
647 3454 690 3515 ad
709 3452 825 3515 hostes
842 3450 919 3514 fidei
935 3452 1155 3515 debellandos
1178 3451 1421 3534 praevalidum.
1436 3484 1476 3497 -

188 3538 344 3662 iltapwf
370 3558 471 3623 Secta
487 3558 577 3620 enirn
595 3556 831 3637 Albigensium
845 3556 1096 3631 haereticorum,
1110 3576 1176 3639 qua
1189 3555 1401 3620 clandestina
1411 3574 1476 3638 qua

205 3664 272 3713 atne
294 3678 341 3711 me·
370 3660 557 3736 manifesta,
574 3661 606 3722 in
635 3660 788 3740 regiones
813 3660 981 3721 invaserat
1009 3657 1152 3736 multas;
1178 3661 1351 3723 teterrima
1369 3659 1475 3724 Mani·

250 3735 338 3779 morat.
368 3766 547 3829 chaeorum
572 3764 758 3845 progenies,
789 3783 931 3846 quorum
949 3763 1114 3827 immanes
1140 3765 1315 3828 excitabat
1339 3782 1475 3835 errores,

367 3868 666 3950 simulationesque
682 3875 716 3929 et
732 3867 853 3929 caedes
869 3876 902 3928 et
919 3866 1062 3946 capitale
1088 3867 1120 3929 in
1149 3866 1335 3930 Ecclesiam
1361 3866 1475 3930 odium

367 3972 466 4034 nimis
484 3970 626 4032 multum
644 3966 817 4032 referebat.
843 3968 1032 4030 Hominum
1060 3967 1233 4049 praesidiis
1259 3976 1378 4033 contra
1406 3985 1477 4049 per·

368 4075 624 4139 niciosissimam
640 4071 775 4137 turbam
791 4079 825 4133 et
841 4070 1041 4133 insolentem
1057 4072 1116 4134 vix
1127 4072 1193 4135 iam
1206 4080 1278 4135 erat
1290 4070 1477 4142 fidendum,

367 4198 471 4261 quum
489 4196 645 4260 praesens
657 4195 677 4238 a
690 4174 766 4237 Deo
776 4175 878 4249 venit,
891 4172 1022 4236 Rosarii
1036 4175 1182 4237 marialis
1194 4194 1268 4256 ope,
1278 4174 1473 4239 subsidium.

368 4282 433 4359 Sic,
450 4281 584 4345 favente
596 4278 745 4362 Virgine,
771 4278 918 4360 gloriosa
944 4276 1119 4341 haeresum
1147 4278 1298 4342 omnium
1329 4279 1474 4351 victrice,

367 4388 452 4451 vires
469 4385 648 4466 impiorum
665 4381 888 4446 labefactatae
900 4389 935 4443 et
951 4377 1143 4460 perfractae,
1157 4380 1251 4443 salva
1273 4400 1377 4463 quam
1405 4380 1474 4463 plu·
