3117 4859
126 379 178 429 DE
205 376 421 428 RELIGIOSIS
440 377 492 426 AD
512 375 560 427 SS.
577 376 748 427 ORDINES
766 371 1046 425 ADMITTENDIS.
1104 355 1175 430 277

64 521 207 583 rioribus
226 520 460 582 Institutorum
487 527 641 583 votorum
670 517 884 598 simplicium,
899 514 1032 596 quoties
1057 522 1178 594 agatur

64 622 107 687 de
123 624 237 705 aliquo
253 622 392 686 alumno
407 631 485 685 vota
502 620 668 701 simplicia
691 622 827 703 quidem
845 620 903 682 sed
921 626 1084 701 perpetua
1101 635 1176 698 pro·

64 725 163 804 sesso,
175 727 227 789 vel
240 727 328 790 votis
345 725 553 806 simplicibus
565 725 792 807 temporaneis
805 723 966 787 adstricto
976 741 1015 784 ac
1028 722 1061 783 in
1075 720 1176 782 sacris

65 833 201 914 insuper
227 831 412 897 Ordinibus
438 831 626 895 constituto
652 830 879 907 dimittendo;
907 829 955 892 ita
987 835 1023 890 ut
1056 825 1174 888 horum

64 936 235 999 neminem
253 944 287 998 et
304 935 368 1018 ipsi
383 935 554 999 dimittere
571 934 715 1011 valeant,
730 945 768 998 nt
785 953 874 998 nunc
890 933 1019 997 dictum
1037 939 1097 1007 est,
1113 927 1176 992 nisi

63 1040 108 1103 ob
125 1039 258 1121 culpam
275 1048 663 1121 gravem,externam,et
679 1037 860 1120 publicam,
871 1045 905 1100 et
921 1037 984 1099 nisi
1001 1032 1176 1117 culpabilis

64 1143 108 1206 sit
124 1145 225 1207 etiam
243 1143 497 1225 incorregibilis.
514 1143 563 1207 Ut
582 1152 695 1207 autem
712 1142 787 1224 quis
804 1139 1047 1222 incorregibilis
1063 1156 1178 1200 revera

63 1248 237 1324 habeatur,
254 1245 451 1328 Superiores
475 1245 689 1329 praemittere
713 1244 849 1321 debent,
864 1243 1031 1308 distinctis
1046 1251 1176 1322 tempo·

64 1351 165 1426 ribus,
191 1349 315 1412 trinam
343 1348 613 1413 admonitionem
640 1358 675 1413 et
702 1347 967 1426 correctionem
993 1365 1061 1430 qua
1095 1344 1176 1408 nihil

63 1451 268 1536 proficiente,
282 1452 479 1536 Superiores
495 1453 621 1517 debent
637 1473 832 1536 processum
848 1462 965 1517 contra
980 1450 1176 1532 delinquen·

63 1568 133 1619 tem
160 1556 334 1633 instruere,
361 1577 536 1638 processus
563 1556 762 1621 resultantia
790 1567 950 1620 accusato
984 1553 1177 1629 contestari,

63 1660 174 1723 eidem
191 1667 326 1740 tempus
351 1678 537 1742 congruum
559 1659 753 1735 concedere,
768 1679 837 1741 quo
861 1678 939 1722 suas
963 1655 1177 1720 defensiones

64 1760 134 1821 sive
159 1779 219 1840 per
243 1779 289 1832 se,
312 1758 383 1821 sive
409 1779 469 1840 per
494 1757 598 1836 alium
625 1759 777 1822 eiusdem
807 1758 956 1822 instituti
973 1756 1176 1838 religiosum,

64 1861 228 1926 exhibere
240 1861 351 1926 valeat
364 1881 373 1940 ;
385 1863 514 1944 quodsi
527 1871 704 1926 accusatus
714 1863 787 1943 ipse
797 1861 949 1945 proprias
961 1859 1175 1925 defensiones

63 1987 133 2032 non
151 1967 423 2048 praesentaverit,
439 1966 608 2048 Superior,
626 1987 684 2032 seu
713 1966 886 2042 Tribunal‚
902 1965 1121 2042 defensorem,
1137 1972 1174 2028 ut

63 2092 174 2154 supra,
200 2070 374 2134 alumnum
398 2071 573 2153 respectivi
591 2072 742 2136 Instituti
767 2091 811 2134 ex
835 2069 945 2134 officio
970 2069 1174 2134 constituere

64 2174 210 2240 debebit
226 2174 307 2238 Post
323 2174 406 2238 haec
422 2173 583 2259 Superior
607 2195 683 2240 cum
708 2195 770 2238 suo
795 2173 945 2241 Consilio
969 2173 1172 2237 sententiam

64 2278 273 2362 expulsionis
288 2288 348 2343 aut
363 2278 569 2343 dimissionis
585 2280 800 2361 pronuntiare
816 2279 949 2362 poterit,
961 2297 1047 2361 quae
1059 2288 1172 2341 tamen

66 2383 194 2447 nullum
222 2380 379 2446 effectum
409 2382 549 2447 habebit
564 2385 592 2446 si
608 2385 855 2448 condemnatus
872 2403 892 2446 a
915 2382 1082 2446 sententia
1098 2401 1173 2463 pro·

64 2487 133 2551 lata
148 2487 210 2551 rite
225 2488 269 2550 ad
287 2485 321 2552 S.
339 2486 374 2552 C.
393 2486 465 2552 EE.
480 2495 515 2550 et
531 2487 606 2552 RR.
622 2488 850 2572 appellaverit,
866 2488 974 2551 donec
999 2507 1058 2569 per
1082 2504 1172 2549 cam-

62 2591 139 2653 dem
166 2590 200 2657 S.
226 2591 263 2656 C.
286 2589 499 2656 defmitivum
526 2591 687 2656 indicium
715 2592 884 2675 prolatum
912 2610 980 2655 non
1007 2589 1173 2654 luerit.-

62 2694 206 2777 Qnoties
230 2705 344 2758 autem
372 2695 532 2776 gravibus
547 2715 591 2758 ex
608 2697 735 2760 caussis
762 2695 967 2778 procedendi
992 2694 1171 2758 methodus

60 2798 256 2879 supradicta
270 2797 393 2860 servari
410 2807 565 2880 nequeat,
581 2810 662 2863 tunc
686 2820 837 2863 recursus
852 2799 967 2863 haberi
987 2799 1112 2862 debeat
1127 2799 1170 2862 ad

61 2902 148 2964 hanc
166 2901 200 2968 S.
216 2900 254 2967 C.
269 2903 312 2966 ad
329 2900 487 2966 effectum
514 2902 690 2967 obtinendi
706 2903 996 2985 dispensationem
1013 2922 1032 2965 a
1049 2900 1170 2965 solem·

61 3004 224 3069 nitatibus
252 3005 453 3087 prescriptis,
474 3015 508 3070 et
533 3005 728 3070 facultatem
755 3006 959 3088 procedendi
987 3005 1170 3068 summario

60 3110 165 3173 modo
179 3110 277 3173 iuxta
292 3109 426 3193 praxim
443 3110 615 3192 vigentem
631 3110 721 3192 apud
738 3109 826 3173 hane
842 3108 876 3174 S.
893 3109 928 3174 C.

106 3254 165 3319 IV.
190 3255 331 3318 Alumni
347 3263 503 3319 votorum
530 3255 741 3329 solemnium,
757 3253 810 3318 vel
834 3254 1036 3340 simplicium
1053 3275 1170 3339 perpe·
1210 3277 1347 3336 purpo-

59 3369 205 3436 tuorum,
226 3358 279 3421 vel
304 3359 553 3441 temporalium,
579 3360 613 3422 in
641 3358 753 3424 Sacris
775 3360 962 3427 Ordinibus
987 3359 1171 3438 constituti,
1194 3344 1349 3442 afflig}

59 3462 117 3543 qui
134 3461 267 3544 expulsi
282 3463 333 3527 vel
351 3463 481 3527 dimissi
498 3461 631 3542 luerint,
646 3475 811 3546 perpetuo
826 3463 979 3546 suspensi
1002 3473 1170 3540 maneant,
1196 3456 1350 3510 ordinibus,·

57 3566 168 3629 donec
191 3586 212 3629 a
239 3566 273 3632 S.
290 3565 379 3632 Sede
405 3567 472 3630 alio
498 3567 600 3630 modo
627 3569 675 3631 eis
699 3568 894 3632 consulatur
909 3589 917 3646 ;
933 3587 971 3631 ac
996 3578 1169 3651 praeterea

58 3669 267 3752 Episcopum
284 3670 484 3734 benevolum
511 3680 717 3754 receptorem
740 3671 939 3750 invenerint,
955 3683 988 3737 et
1004 3673 1047 3736 de
1063 3671 1168 3735 ecele-

57 3773 195 3836 siastico
210 3775 414 3855 patrimonio
429 3775 492 3839 sibi
516 3774 731 3857 providerint.

102 3919 145 3985 V.
169 3920 237 4003 Qui
253 3922 286 3984 in
304 3920 415 3987 Sacris
431 3922 616 3988 Ordinibus
628 3923 803 3988 constituti
816 3933 849 3987 et
861 3924 948 3988 votis
961 3923 1169 4006 simplicibus
1197 3937 1346 3996 sodeiisqut

57 4024 212 4089 obstricti
226 4025 297 4088 sive
312 4027 491 4108 perpetuis,
506 4027 577 4091 sive
593 4027 846 4110 temporalibus,
863 4036 985 4110 sponte
1000 4029 1166 4092 dimissio·
1191 4001 1348 4117 {lllilf‘d'r

58 4147 135 4190 nem
152 4128 196 4191 ab
212 4127 412 4212 Apostolica
436 4129 525 4194 Sede
547 4129 706 4213 petierint
721 4141 755 4196 et
770 4131 988 4208 obtinuerint,
1004 4131 1055 4195 vel
1072 4131 1169 4196 aliter
1194 4116 1348 4235 ffissss'j,

56 4252 102 4293 ex
119 4231 321 4313 Apostolico
345 4233 520 4315 privilegio
535 4253 556 4296 a
571 4235 658 4297 votis
683 4234 891 4317 simplicibus
916 4234 967 4298 vel
995 4236 1168 4318 perpetuis
1194 4235 1349 4287 solutisunn

56 4334 110 4399 vel
127 4337 355 4418 temporaneis
369 4335 555 4418 dispensati
571 4337 703 4414 suerint,
718 4357 763 4400 ex
780 4336 927 4402 claustro
949 4359 1015 4402 non
1032 4349 1168 4416 exeant,
