3117 4859
403 356 477 427 334
754 357 876 406 INDEX
904 358 1155 409 ANALYTlCUS.

400 526 491 579 usque
503 509 540 562 ad
552 508 764 561 revocationem
778 524 894 563 munere
914 508 1083 563 functurum.
1100 510 1203 565 Postea
1222 528 1289 565 vero
1301 512 1440 583 quomodo
1451 512 1489 567 eli·

400 598 510 669 gendos
526 610 583 662 172.
597 625 633 635 -
653 596 759 650 Rector
781 594 902 665 Collegii
925 598 953 651 S.
967 597 1096 651 Anselmi
1110 610 1175 653 cum
1190 598 1316 655 Primate
1329 616 1384 671 qua
1396 600 1490 655 ratione

400 682 507 739 versari
526 682 631 735 debeat
647 694 704 746 172.
716 708 753 721 -
766 681 850 735 Haec
864 682 978 737 decreta
992 683 1074 738 firma
1086 692 1205 755 rataque
1221 684 1380 741 habeantur
1395 698 1447 754 173.
1464 716 1491 725 -

401 773 501 827 Abbas
523 771 633 825 Primas
645 768 812 837 designatur
827 783 884 837 173.
898 800 934 809 -
945 772 1014 839 Jura
1036 782 1063 825 et
1084 771 1178 829 officia
1196 772 1319 827 Abbatis
1341 774 1490 828 Primatisa

401 859 631 928 Congregatione
644 857 829 927 Regularium
842 866 942 927 postea
954 858 1125 915 definientur
1140 874 1170 927 17
1174 875 1198 929 3.
1212 890 1246 901 -
1266 862 1391 917 Confidit
1411 862 1491 916 Ponti·

399 948 445 1002 fex
457 948 531 1001 hanc
545 944 807 1015 Congregationum
821 945 955 999 unionem
969 947 1186 1003 saluberrimam
1199 949 1251 1003 toti
1270 950 1371 1003 Ordini
1384 950 1491 1004 futuram

404 1052 413 1090 1
456 1078 461 1089 .

419 1050 488 1187 ⁷:333.
513 1132 724 1185 EP1STOL11
757 1132 800 1183 ed
833 1134 1126 1196 Arehleplseopum
1148 1136 1418 1199 Burdigalensem

401 1226 442 1276 de
460 1222 558 1271 rebus
575 1219 971 1283 Galliae-sanguen
993 1222 1082 1273 1893.
1355 1237 1417 1290 pag.
1453 1233 1491 1283 171

438 1324 526 1377 Laeto
538 1319 635 1373 animo
649 1316 778 1372 Pontifex
791 1319 921 1373 nuntium
934 1320 1045 1389 accepit
1056 1320 1151 1377 studia
1164 1322 1336 1377 concordiae
1349 1332 1377 1379 et
1387 1322 1459 1393 pacis
1470 1320 1491 1375 iu

401 1412 495 1467 Gallia
507 1408 682 1462 invalescere
698 1418 755 1471 174.
768 1436 804 1447 -
817 1406 1010 1463 Vehementer
1022 1426 1072 1463 eos
1086 1410 1267 1478 reprehendit
1280 1410 1329 1481 qui
1339 1409 1493 1467 concordiae

398 1496 589 1569 perficiendae
602 1492 808 1563 impedimenta
822 1494 944 1549 inferunt
962 1508 1057 1563 174-17
1062 1508 1085 1565 5.
1099 1524 1135 1535 -
1148 1498 1273 1567 Exponit
1287 1516 1318 1553 se
1339 1499 1453 1554 Litteras
1464 1498 1493 1551 de

397 1586 541 1658 praesenti
554 1584 666 1637 Galliae
678 1580 817 1651 regimine
831 1583 956 1638 edidisse
969 1584 1007 1638 ad
1021 1584 1170 1639 sarcienda
1180 1587 1285 1641 damna
1299 1586 1492 1657 Religionis,iu

396 1677 459 1733 dies
471 1674 603 1743 augenda
615 1688 650 1725 ex
662 1686 697 1724 eo
710 1670 788 1741 quod
807 1669 955 1725 Ecclesiae
969 1672 1092 1728 tuendae
1105 1673 1222 1727 nomine
1235 1674 1364 1729 nonnulli
1379 1674 1492 1744 publicae

396 1761 531 1835 potestati
539 1761 681 1815 obsistant
694 1772 725 1824 17
729 1770 797 1827 5.-
806 1758 918 1829 Religio
931 1760 1016 1815 rebus
1029 1760 1162 1816 humanis
1175 1762 1278 1817 celsius
1288 1762 1414 1817 eminere
1422 1763 1492 1816 debet

399 1866 456 1921 175.
469 1880 505 1890 -
518 1846 666 1904 Ecclesiae
678 1855 707 1903 et
719 1845 828 1901 civitati
843 1846 884 1902 sic
899 1848 1030 1903 Pontifex
1043 1850 1186 1903 consuluit
1203 1861 1260 1919 175.
1280 1878 1312 1889 ··-
1335 1847 1491 1919 Jactantiam

394 1956 493 1994 eorum
516 1934 639 1993 retundit
659 1933 709 2004 qui
731 1933 882 1989 Ecclesiae
904 1951 1001 1991 curam
1024 1936 1143 2007 causati,
1165 1937 1244 1991 illum
1267 1936 1435 2009 impugnant
1453 1933 1491 2006 qui

396 2025 546 2083 Ecclesiae
559 2033 636 2077 tutor
648 2038 676 2077 et
691 2023 783 2091 Caput
794 2033 838 2079 est
854 2023 979 2091 175-176.

430 2136 483 2188 34.
496 2132 703 2184 EPISTOLA
712 2130 956 2181 ENCYCLICA
977 2132 1021 2182 ad
1032 2132 1210 2195 Episcopos
1224 2134 1419 2197 Hungarlae

396 2227 437 2277 de
447 2238 480 2275 re
488 2223 652 2272 catholiea
666 2218 792 2269 tuenda
804 2224 837 2271 et
846 2220 1081 2281 promovenda.
1093 2244 1128 2255 —
1137 2220 1156 2269 2
1165 2222 1251 2284 sept.
1263 2221 1419 2287 1893pag.
1453 2226 1492 2277 177

431 2320 552 2391 Saepius
567 2317 696 2372 Pontifex
709 2334 791 2371 suam
804 2326 926 2373 testatus
939 2317 1169 2373 benevolentiam
1187 2336 1255 2387 erga
1271 2320 1433 2388 ilungaros,
1450 2317 1493 2369 has

395 2415 495 2467 adens
509 2410 632 2465 Litteras
643 2408 746 2463 eodem
758 2408 856 2462 animo
869 2407 976 2462 scribit.
991 2408 1187 2464 Gravissimae
1209 2426 1254 2464 res
1267 2426 1359 2477 nuper
1382 2411 1410 2463 in
1426 2408 1492 2461 Hun-

395 2501 475 2569 garia
487 2505 604 2563 ortae,et
618 2512 692 2548 nova
706 2494 865 2563 Religionis
879 2494 1014 2565 pericula,
1027 2514 1146 2567 operam
1158 2496 1315 2566 efflagitant
1329 2498 1419 2568 ipsius
1433 2496 1492 2549 Pon·

394 2586 480 2642 tificis
493 2597 520 2639 et
536 2584 700 2637 Praesulum
718 2597 817 2649 177-
831 2584 1021 2651 Summopere
1035 2586 1151 2641 interest
1164 2597 1194 2641 ut
1209 2586 1322 2654 Religio
1335 2588 1415 2640 salva
1426 2585 1459 2638 sit
1470 2582 1491 2633 iu

397 2675 512 2731 civitate
537 2670 660 2737 177·178.
673 2698 708 2709 —
724 2670 758 2723 In
780 2670 962 2738 Religionem
983 2680 1011 2725 et
1032 2672 1194 2727 Ecclesiam
1210 2673 1347 2727 tuendam
1369 2668 1492 2743 praeclari

396 2762 448 2815 viri
459 2776 522 2815 sese
541 2758 739 2828 impenderunt
752 2758 857 2829 ubique
870 2758 1006 2827 gentium,
1020 2760 1121 2830 quavis
1134 2769 1236 2828 aetate,
1248 2760 1321 2815 inter
1333 2777 1406 2830 quos
1424 2756 1491 2812 multi

396 2859 581 2905 recensentur
595 2846 733 2923 Hungari.
747 2848 881 2901 Testatur
894 2847 1014 2901 historia
1032 2848 1068 2902 de
1082 2856 1143 2902 toto
1159 2849 1228 2903 orbe
1241 2848 1385 2903 catholico
1398 2848 1492 2918 optime

397 2936 528 2990 meritam
540 2950 605 2988 esse
617 2935 818 3001 Hungarorum
831 2944 1034 3005 gentem‚quae
1048 2934 1226 3005 Religionem
1240 2936 1356 3005 tuendo,
1365 2926 1491 2991 et'semet·

397 3026 490 3095 ipsam
503 3022 574 3076 tuita
586 3033 629 3076 est
646 3022 767 3089 178-179.
776 3050 811 3059 —
823 3023 938 3075 Damna
948 3023 1039 3076 multa
1048 3024 1196 3078 Ecclesiae
1209 3024 1288 3078 illata
1296 3024 1408 3079 fuerunt
1426 3018 1492 3092 apud

399 3112 562 3178 Hungaros‚
576 3108 727 3178 postremis
747 3107 792 3163 his
815 3109 898 3163 annis
919 3123 975 3177 179.
987 3138 1022 3147 -
1035 3110 1141 3165 Curent
1164 3109 1301 3181 Episcopi
1324 3110 1461 3167 servanda
1478 3122 1491 3159 a

397 3198 474 3253 ciero
486 3208 513 3250 et
527 3214 544 3249 a
557 3196 636 3249 laicis
649 3196 764 3251 decreta
778 3195 807 3249 S.
828 3194 912 3249 Sedis
928 3208 985 3264 179.
1004 3226 1038 3235 -
1052 3196 1192 3267 Conjugia
1205 3214 1270 3251 cum
1284 3196 1448 3251 acatholicis
1459 3192 1492 3247 vi·

397 3285 485 3340 tanda
496 3284 776 3353 179·180.-Majora
781 3282 842 3353 jam
853 3285 958 3339 damna
966 3285 1133 3355 impendent
1141 3286 1343 3354 Hungarorum
1350 3282 1491 3352 Religioni;

396 3392 469 3447 quae
484 3372 679 3442 praecavenda
699 3371 776 3425 omni
800 3388 855 3441 ope
877 3373 1014 3442 Episcopi
1027 3384 1126 3428 curent
1143 3374 1200 3427 180.
1215 3402 1250 3412 -
1272 3375 1305 3427 ln
1323 3369 1491 3427 vindicandis

397 3462 546 3517 Ecclesiae
555 3460 665 3529 juribus
678 3470 792 3529 oportet
806 3460 945 3513 Catholici
961 3460 1088 3515 unanimi
1102 3462 1159 3515 sint
1171 3469 1199 3515 et
1208 3460 1296 3515 fortes
1313 3461 1374 3515 180.
1388 3490 1420 3499 -
1434 3460 1490 3512 Pru·

396 3550 493 3605 dentia
506 3549 621 3619 quidem
634 3564 707 3616 opus
716 3556 759 3601 est
772 3564 778 3599 :
793 3557 837 3601 ast
851 3547 1045 3617 imprudentes
1058 3549 1097 3603 illi
1112 3561 1177 3603 sunt
1190 3549 1237 3619 qui
1253 3548 1431 3619 Religionem
1448 3547 1490 3598 im-

396 3636 977 3708 punevexaripatiuntur180-181.-Varia
987 3636 1489 3707 exponunturreicatholicaemultum

395 3724 552 3795 profutura:
562 3726 648 3778 annui
659 3723 875 3778 Catholicorum
889 3735 1045 3779 conventus
1059 3735 1179 3794 agantur
1190 3725 1258 3791 ;vi1i
1269 3722 1457 3795 probatissimi
1465 3722 1489 3775 in

395 3812 612 3881 legumlatorum
632 3821 729 3867 coetus
749 3823 939 3883 cooptentur;
960 3814 1190 3882 ephemeridibus
1212 3814 1347 3884 librisque
1361 3809 1489 3883 perversis

396 3899 502 3970 scripta
514 3916 566 3952 sua
580 3899 720 3953 Catholici
734 3912 881 3970 opponant
896 3902 953 3955 181.
968 3931 1002 3940 -
1017 3902 1170 3955 Puerorum
1181 3913 1266 3973 atque
1276 3901 1488 3957 adolescentium

395 3989 503 4057 optima
517 3986 552 4039 sit
565 3986 712 4040 institutio.
729 3988 761 4041 In
775 3987 995 4056 primordiorum
1009 3989 1142 4043 nimirum
1155 3988 1260 4044 scholis
1273 4006 1376 4059 pueros
1388 4000 1488 4043 sacram

395 4075 556 4130 doctrinam
568 4072 623 4142 ipsi
636 4073 766 4130 curiones
779 4076 910 4131 doceant.
927 4078 1107 4147 Inspectores
1119 4075 1282 4133 dioecesani
1301 4088 1330 4132 et
1349 4074 1489 4131 decanales

395 4162 611 4219 constituantur.
619 4162 720 4217 Novae
730 4163 846 4217 scholae
856 4164 894 4224 eri
898 4174 1009 4235 gantur,
1017 4166 1134 4236 jamque
1141 4166 1274 4221 conditae
1284 4166 1488 4236 amplificentur,

395 4251 419 4304 si
438 4265 556 4303 necesse
581 4248 616 4301 sit
642 4248 764 4303 181·182.
787 4252 870 4303 -ln
884 4252 986 4306 rnediis
999 4269 1075 4319 vero,
1088 4264 1116 4307 et
1134 4252 1273 4321 majorum
1286 4252 1486 4323 disciplinatum

396 4337 510 4406 scholis,
524 4335 636 4405 Religio
646 4336 789 4392 adelectis
797 4338 864 4393 viris
878 4340 1014 4395 doceatur
1029 4342 1087 4397 182.
1097 4370 1130 4381 -
1143 4340 1283 4397 Studeant
1298 4338 1429 4411 Episcopi
1442 4338 1487 4393 sub
