3117 4859
357 392 376 441 2
382 392 430 463 50
456 394 572 447 earsr.
595 400 753 457 anerei..
777 390 799 419 ‘⁴
817 401 1019 455 enarrans
1046 402 1424 467 ruovrneurrueouu.
1444 378 1462 409 '¹

356 492 1467 517 ——ss--ss--ss-—ss-

178 551 226 626 qut
239 551 328 629 Russj·
355 559 504 618 numero,
518 546 575 625 qui
605 546 747 613 Russico
763 550 905 631 imperio
921 552 1053 631 paretis,
1070 552 1140 613 iure
1165 558 1217 613 est
1233 552 1324 632 quod
1336 550 1459 636 catho-

178 624 326 746 coam,
355 644 438 709 licae
474 650 689 729 professionis
720 656 857 718 nomine
892 656 1134 733 collaudemus,
1159 655 1353 720 hortatione
1391 674 1462 720 mu·

178 748 328 875 Pensm
355 750 491 815 niamus.
521 752 634 836 Caput
650 769 700 821 est
727 759 927 822 hortationis
956 760 1112 835 Nostrae,
1128 769 1165 823 ut
1182 760 1285 823 istum
1302 769 1464 824 constan·

214 884 326 927 constan·
353 855 420 917 tiae
446 858 596 922 animum
622 862 654 923 in
683 872 801 925 sancta
827 861 893 926 fide
920 862 1063 927 colenda
1087 862 1258 927 retineatis
1284 863 1410 927 acriter
1432 876 1465 927 et

178 943 327 1067 ”⁴223ss
354 958 502 1039 foveatis,
513 964 545 1025 in
563 966 678 1045 quaid
696 967 823 1029 bonum
850 966 991 1044 habetis,
1006 968 1098 1049 quod
1115 967 1317 1049 principium
1335 975 1372 1030 et
1388 966 1463 1031 lons

211 1074 330 1123 narratur
353 1073 414 1141 est,
438 1076 477 1128 ut
499 1067 659 1145 diximus,
686 1071 913 1134 maximorum
939 1071 1113 1136 bonorum.
1144 1070 1219 1135 Hoc
1243 1070 1363 1153 utique
1379 1070 1463 1134 chri·

177 1140 328 1255 {jsnpffzff‘
353 1167 481 1231 stianus
517 1172 648 1234 animus
682 1171 800 1235 ceteris
836 1174 934 1237 rebus
960 1174 1116 1237 omnibus
1148 1174 1249 1256 longe
1275 1182 1464 1255 anteponat

352 1266 485 1353 oportet
500 1294 508 1350 ;
534 1273 598 1337 hoc
615 1276 734 1356 ipsum,
750 1286 787 1340 ut
802 1288 880 1339 sunt
896 1277 1011 1340 divina
1026 1277 1116 1341 iussa
1141 1287 1174 1341 et
1190 1277 1373 1359 splendida
1389 1296 1465 1340 san·

353 1384 482 1438 ctorum
510 1375 685 1440 hominum
703 1377 801 1456 lacta,
816 1399 877 1442 nec
894 1378 969 1442 ullis
990 1379 1115 1443 fractus
1130 1376 1391 1442 difficultatibus
1406 1378 1462 1441 de·

353 1488 451 1552 serat,
460 1489 492 1543 et
505 1481 645 1543 summis
658 1482 781 1544 viribus
795 1482 1031 1565 laboribusque
1041 1483 1211 1547 custodiat
1224 1482 1464 1564 ;eiusdemque

354 1582 476 1645 virtute
492 1583 604 1661 fultus,
620 1587 777 1650 solatium
795 1597 829 1650 et
844 1608 955 1669 opem,
970 1608 1203 1671 quoscumque
1227 1587 1403 1651 humanae
1411 1606 1462 1649 res

353 1697 492 1751 eventus
518 1690 698 1767 adducant,
721 1711 828 1773 aeque
851 1692 1035 1756 certissime
1061 1712 1101 1755 ac
1129 1692 1298 1773 patienter
1323 1710 1346 1753 a
1386 1691 1460 1753 Deo

232 1808 327 1885 suan
353 1793 493 1855 memori
517 1804 686 1875 expectet.
709 1832 753 1844 —
778 1796 835 1858 Ad
853 1795 925 1859 Nos
941 1796 1031 1879 quod
1059 1796 1192 1873 attinet,
1206 1816 1315 1858 rerum
1332 1807 1461 1858 vestra·

179 1872 327 2002 ’ἴζζιᾜζς
352 1917 424 1959 rum
444 1918 528 1979 quae
544 1899 586 1960 sit
602 1900 761 1977 conditio,
784 1900 950 1982 equidem,
974 1922 1034 1983 pro
1053 1922 1189 1964 munere
1206 1899 1344 1977 Nostro,
1361 1901 1462 1963 habe·

192 2020 326 2067 rrunqmm
353 2022 426 2064 mus
450 2013 680 2083 compertum;
706 2004 870 2087 valdeque
897 2005 961 2068 ista
988 2005 1134 2068 delectat
1162 2004 1284 2067 fiducia
1306 2023 1413 2086 quam
1428 2003 1460 2065 in

212 2068 326 2132 defuisse
374 2106 383 2123 ,
436 2106 442 2119 .
532 2107 539 2119 .
668 2110 674 2123 .
884 2111 891 2123 .
1149 2110 1157 2122 .
1229 2109 1237 2121 .
1275 2108 1318 2123 ..

177 2135 326 2198 „„d,s„„„
354 2105 470 2181 luobrs,
495 2105 637 2169 filiorum
666 2118 780 2184 instar,
806 2108 984 2189 plurimam
1002 2109 1183 2172 collocatis.
1200 2107 1257 2173 Src
1274 2120 1388 2190 rgrtur,
1404 2108 1460 2169 ad·

176 2215 233 2314 fg'rl
254 2207 325 2249 Μία·
354 2229 528 2273 monemus
567 2210 706 2275 fallaciis
732 2213 872 2276 omnino
900 2212 1029 2276 reiectis
1063 2233 1149 2295 quae
1173 2224 1291 2277 contra
1319 2214 1464 2275 benevo-

353 2314 490 2377 lentiam
508 2324 541 2377 et
557 2314 816 2379 sollicitudinem
831 2317 862 2379 in
878 2337 937 2379 vos
952 2316 1112 2380 Nostram
1130 2316 1283 2399 nequiter
1297 2326 1462 2388 serantur,

354 2419 417 2481 hoc
439 2420 481 2481 sit
508 2419 602 2481 vobis
630 2420 763 2501 penitus
791 2441 996 2502 persuasum,
1021 2420 1102 2483 nihil
1132 2402 1203 2484 Nos
1231 2422 1346 2483 minus
1362 2438 1462 2503 quam

356 2520 533 2586 Pontifices
558 2523 758 2601 decessores,
784 2526 869 2590 sicut
887 2545 947 2606 pro
963 2526 1081 2588 ceteris
1097 2524 1316 2607 popularibus
1334 2522 1459 2597 vestris,

354 2626 401 2690 ita
429 2644 488 2707 pro
514 2627 609 2688 vobis
634 2628 821 2710 suscepisse
845 2640 878 2692 et
914 2628 1097 2692 intendisse
1122 2648 1241 2704 curas;
1265 2628 1324 2709 qui
1352 2626 1462 2700 etiam,

354 2741 498 2793 vestram
526 2740 563 2794 ut
588 2734 814 2795 sustineamus
843 2732 1009 2804 fiduciam,
1034 2734 1148 2795 omnia
1175 2732 1282 2813 parati
1299 2752 1419 2795 sumus
1430 2737 1463 2792 et

354 2834 519 2898 laboriose
546 2836 674 2898 conniti
699 2845 733 2898 et
758 2838 913 2918 persequi
940 2835 1156 2901 confidenter.
1184 2836 1284 2898 Iuvat
1300 2834 1463 2897 memoria

234 2984 330 3032 Retulit
354 2949 513 3021 repetere,
539 2940 618 3001 inde
645 2938 716 3002 Nos
741 2960 761 3002 a
790 2938 1008 3003 Pontificatus
1035 2940 1194 3017 exordiis,
1220 2941 1263 3002 de
1289 2958 1325 3002 re
1348 2937 1462 3002 catho-

184 3056 329 3127 pacracpp
356 3045 418 3107 lica
434 3044 507 3107 istic
533 3043 711 3107 relevanda
737 3045 935 3127 cogitantes,
959 3056 1150 3126 opportune
1165 3045 1255 3124 apud
1283 3041 1463 3124 Imperiale

195 3115 331 3243 affigi}
356 3148 541 3214 Consilium
558 3146 668 3210 officia
695 3150 943 3229 interposuisse,
959 3160 996 3211 ut
1024 3168 1063 3210 ea
1079 3149 1361 3211 contenderemus
1378 3164 1462 3229 quae

178 3246 255 3305 inita,
355 3251 452 3315 simul
481 3252 628 3333 dignitas
653 3252 750 3315 huius
778 3251 998 3333 Apostolicae
1030 3251 1142 3327 Sedis,
1169 3250 1267 3313 simul
1294 3250 1461 3314 rationum

355 3366 539 3419 vestrarum
567 3354 791 3437 patrocinium
818 3356 1009 3419 viderentur
1036 3356 1226 3436 deposcere.
1254 3350 1390 3435 Quibus
1420 3371 1462 3414 ex

355 3456 471 3522 officiis
498 3469 714 3521 consecutum
740 3471 801 3535 est,
827 3470 864 3522 ut
880 3480 969 3521 anno
994 3470 1254 3521 MDCCCLXXXII
1279 3467 1372 3519 certa
1388 3472 1461 3519 cum

356 3561 415 3624 illo
431 3564 625 3644 pactionum
642 3563 754 3643 capita
770 3564 838 3624 sint
854 3562 1037 3624 constituta
1052 3562 1154 3624 :haec
1170 3560 1266 3637 inter,
1284 3558 1461 3639 Episcopis

357 3664 495 3726 liberam
520 3664 588 3728 lore
616 3666 748 3747 copiam
778 3664 975 3727 moderandi
993 3666 1035 3726 ad
1063 3664 1242 3726 canonicas
1259 3664 1350 3743 leges
1367 3659 1462 3725 semi·

359 3770 451 3830 naria
472 3768 689 3845 clericorum;
714 3778 786 3832 tum
813 3768 1034 3832 Academiam
1061 3767 1321 3830 ecclesiasticam
1350 3766 1463 3830 Petro·

359 3870 554 3953 politanam,
570 3890 655 3950 quae
669 3872 805 3934 Polonis
816 3891 950 3954 quoque
963 3881 1056 3953 patet
1073 3870 1228 3945 alumnis,
1243 3867 1462 3932 iurisdictioui

359 3976 457 4057 plene
485 3976 681 4037 tradendam
724 3976 979 4058 Archiepiscopi
1012 3976 1278 4052 Mohiloviensis,
1301 3987 1407 4057 atque
1430 3974 1461 4035 iu

361 4079 478 4141 melius
520 4079 764 4158 adducendam,
805 4083 848 4144 ad
881 4081 1078 4162 ampliorem
1121 4081 1199 4143 cleri
1230 4091 1265 4142 et
1295 4078 1462 4161 religionis

359 4182 544 4246 catholicae
561 4182 762 4249 utilitatem:
778 4198 918 4267 accepta
935 4174 1108 4267 praeterea
1126 4183 1200 4261 fide,
1215 4186 1463 4267 quamprimum

360 4286 558 4367 abrogatum
587 4297 646 4351 aut
672 4288 863 4369 mitigatum
890 4289 928 4351 iri
966 4289 1152 4369 singulares
1174 4308 1230 4351 eas
1258 4288 1360 4369 leges,
1385 4304 1463 4370 quas

360 4389 467 4452 clerus
493 4400 604 4453 vester
629 4392 810 4455 severiores
836 4392 898 4455 sibi
927 4393 1201 4475 conquerebatur.
1232 4390 1295 4455 lllo
1321 4412 1369 4455 ex
1386 4403 1463 4456 tem·
