3117 4859
431 390 550 438 mot-:x
579 390 832 441 xnnnvrtcus
1122 389 1194 461 347

87 560 119 569 -
129 532 293 587 Laudantur
300 534 464 603 Religiosae
471 536 597 591 familiae
605 537 750 591 mandatis
759 536 877 593 S.Sedis
885 538 1077 609 obsequentes
1087 538 1148 605 289.
1160 566 1195 575 -

88 628 114 679 N
117 644 153 681 on
166 629 259 683 minor
271 631 308 683 de
321 630 469 686 fidelibus
481 648 568 702 quam
577 631 614 686 de
626 633 704 687 clero
713 632 750 687 sit
761 632 915 702 Episcopis
933 650 1008 688 cura.
1028 634 1196 687 Doceautur

86 724 162 793 pueri
176 726 318 797 rudesque
330 726 462 782 homines
484 726 628 797 religionis
641 730 804 795 elementa;
825 730 942 784 scholae
958 746 1111 799 puerorum
1126 745 1193 783 con·

85 820 186 875 dantur
196 841 207 887 ‚;
219 824 372 878 societates
384 824 558 879 christianae
569 842 588 879 a
599 824 680 880 laicis
693 824 913 893 constituantur,
927 825 961 881 iis
974 824 1196 881 consociationi-

83 921 135 974 bus
147 922 338 990 opponendae
350 938 425 991 quae
444 921 594 978 Ecclesiae
613 938 726 977 necnon
748 920 856 977 civitati
879 921 1068 977 adversantur
1080 923 1140 988 289.
1159 950 1195 959 —

84 1017 289 1087 Ephemerides
299 1036 448 1088 perversas
458 1020 598 1075 Catholici
607 1020 721 1089 scriptis
729 1019 789 1075 suis
797 1017 1193 1090 impugnent,Episcoporum

84 1114 167 1170 ductu
179 1116 242 1183 289.
251 1146 287 1155 -
301 1116 342 1171 lis
355 1128 465 1173 tantum
479 1119 692 1174 Catholicorum
706 1118 843 1189 suffragia
851 1119 975 1185 faveant,
988 1117 1036 1189 qui
1050 1113 1195 1184 religionis

82 1213 163 1267 simul
176 1232 212 1269 ac
224 1216 397 1286 reipublicae
411 1216 537 1271 studium
558 1234 629 1288 prae
649 1234 681 1272 se
701 1218 794 1273 ferant
815 1218 941 1287 289·290.
956 1247 990 1256 -
1013 1214 1194 1271 Concordiae

83 1312 222 1367 fovendae
233 1313 334 1382 gratia,
347 1314 462 1385 saepius
484 1313 620 1369 iterentur
636 1314 816 1385 episcopales
832 1326 991 1370 conventus
1010 1328 1069 1385 290.
1091 1343 1124 1353 —
1138 1313 1192 1368 Be·

82 1416 345 1471 nevolentissimum
366 1418 520 1487 Episcopis
540 1418 668 1473 animum
688 1428 810 1475 testatur
831 1418 970 1486 Pontifex,
989 1418 1088 1488 eisque
1107 1417 1194 1471 bene·

83 1510 147 1565 dicit
159 1526 221 1578 290.

114 1644 391 1694 54.EPISTOLA
417 1643 663 1698 Euctemon
690 1648 730 1697 ue
749 1646 1047 1697 nosarrontartau.
1070 1669 1104 1679 -

81 1750 356 1813 asspirans...
1038 1764 1103 1818 pag.
1141 1758 1191 1812 291

113 1902 229 1958 Gaudet
244 1901 374 1958 Pontifex
387 1906 545 1961 Octobrem
557 1923 687 1963 mensem
700 1906 813 1961 Rosarii
827 1907 928 1961 florere
941 1907 1026 1973 cultu,
1040 1905 1120 1975 cujus
1129 1905 1192 1975 qui·

79 1986 142 2041 dem
154 1990 292 2044 virtutem
313 2008 460 2063 nunquam
481 2011 540 2048 non
562 1994 653 2049 sensit
674 1995 848 2049 christianus
870 1994 991 2065 populus
1009 2007 1069 2061 291.
1091 2021 1125 2030 -
1145 1991 1192 2044 Ad

77 2074 170 2144 ipsum
181 2078 212 2132 in
226 2078 289 2134 dies
302 2082 466 2149 augendum
479 2082 610 2138 Pontifex
622 2083 667 2138 his
680 2082 785 2139 litteris
798 2084 915 2153 exponit
925 2100 975 2153 per
988 2083 1063 2137 hanc
1076 2097 1192 2150 precem

78 2165 143 2235 erigi
156 2177 289 2223 nostram
302 2169 474 2240 impetrandi
488 2172 630 2238 fiduciam,
646 2182 674 2229 et
689 2174 722 2227 B.
737 2174 778 2228 M.
794 2173 919 2242 Virginis
938 2173 967 2226 in
986 2188 1078 2241 genus
1091 2171 1192 2223 huma-

81 2271 145 2309 num
157 2257 334 2313 commoveri
357 2259 570 2316 miserationem
594 2276 722 2330 291·292.
736 2292 769 2301 -
789 2262 859 2317 Pars
877 2261 961 2331 prior.
977 2260 1101 2313 Mariam
1126 2256 1193 2311 ideo

80 2339 254 2411 invocamus,
267 2345 344 2413 quod
352 2346 485 2401 novimus
494 2364 559 2401 eam
571 2347 672 2417 gratiae
682 2348 788 2403 divinae
805 2365 870 2403 esse
878 2346 1111 2403 conciliatricem.
1127 2346 1193 2399 Hoc

79 2446 142 2484 vero
151 2431 273 2487 omnino
285 2444 365 2503 patet
385 2451 552 2504 expressum
568 2438 599 2490 in
618 2438 749 2504 Rosario,
762 2454 850 2507 quum
870 2435 989 2491 eximias
1009 2446 1104 2504 partes
1118 2448 1192 2503 quas

77 2517 134 2585 egit
148 2520 238 2589 Virgo
250 2522 417 2577 adsalutem
427 2523 920 2595 hominumprocurandam,singula
930 2533 1074 2594 exponant
1084 2532 1190 2591 myste-

79 2602 118 2657 ria
136 2606 256 2676 Gaudir',
269 2610 392 2677 Dolone,
406 2620 493 2681 atque
508 2612 624 2665 Glorior
638 2628 763 2681 ²9²·29}
776 2642 813 2651 —
827 2613 930 2667 Preces
942 2628 1011 2665 vero
1024 2610 1139 2665 vocales
1157 2624 1194 2661 eo

80 2690 267 2763 disponuntur
279 2695 379 2750 ordine
400 2707 428 2751 et
448 2713 577 2765 numero,
595 2700 758 2770 talibusque
770 2710 837 2755 sunt
851 2702 883 2755 B.
900 2700 939 2752 M.
955 2698 1079 2767 Virginis
1100 2695 1192 2750 titulis

79 2777 213 2850 insigues,
226 2795 256 2837 ut
275 2781 368 2853 ipsam
387 2785 502 2854 egregie
522 2786 687 2855 praedicent
708 2786 931 2842 conciliatricem
952 2786 1066 2841 divinae
1084 2782 1193 2853 gratiae

81 2881 241 2937 293·294.—
253 2871 365 2926 Rosarii
375 2890 443 2942 ergo
456 2874 600 2943 mysteriis
609 2876 798 2948 precibusque
808 2877 934 2932 intentus
947 2876 1069 2942 animus,
1081 2888 1195 2929 summa

79 2954 142 3010 inde
154 2957 261 3011 fiducia
280 2976 312 3014 se
331 2960 485 3015 committit
499 2962 531 3015 B.
547 2962 588 3016 M.
608 2961 734 3033 Virginis
755 2965 860 3019 tutelae
880 2979 940 3031 294.
954 2992 989 3002 -
1003 2964 1074 3017 Pars
1092 2962 1192 3015 altera.

80 3043 267 3100 Gratissimae
279 3057 345 3101 sunt
366 3048 477 3105 Mariae
495 3051 608 3105 Rosarii
631 3069 740 3121 preces,
755 3053 863 3124 quippe
881 3052 984 3122 quibus
1007 3051 1036 3104 in
1056 3065 1192 3105 coronam

78 3134 218 3187 nectimus
240 3133 331 3203 ipsius
352 3136 453 3191 laudes
475 3138 651 3209 eximiasque
667 3141 821 3210 petitiones
843 3150 1042 3196 eaeontentas
1063 3136 1193 3191 oratione

77 3236 162 3288 quam
174 3223 238 3290 ipse
250 3223 334 3291 Jesus
343 3240 397 3279 nos
410 3226 507 3281 docuit
519 3240 578 3296 295.
587 3257 623 3267 -
637 3228 840 3299 Mysteriorum
853 3227 1097 3297 contemplatione
1110 3242 1193 3279 mens

78 3320 173 3364 nostra
185 3326 206 3363 a
220 3310 343 3365 terrenis
356 3311 393 3365 ad
408 3312 545 3369 coelestia
562 3316 699 3385 elevatur,
712 3326 799 3385 atque
811 3317 849 3370 ad
859 3316 1008 3370 meliorem
1020 3314 1191 3367 informatur

79 3394 182 3461 vitam;
196 3413 255 3466 quo
268 3397 383 3466 quidem
399 3399 429 3452 fit
442 3402 536 3455 almae
549 3400 660 3472 Virgini
674 3404 819 3474 acceptior
832 3418 866 3470 29
870 3416 891 3471 5.
905 3430 940 3439 -
954 3402 1007 3455 llla
1016 3410 1113 3455 autem
1132 3417 1192 3466 my·

79 3483 163 3537 steria
175 3483 316 3538 meditatu
329 3483 424 3540 facilia
438 3500 503 3542 sunt
517 3489 561 3543 vel
571 3487 642 3558 ipsis
655 3490 779 3546 indoctis
793 3490 895 3559 296.-
906 3491 1061 3557 Acceptaa
1076 3484 1193 3555 Virgine

78 3569 217 3626 beneficia
238 3572 411 3628 revolvimus
442 3587 525 3645 grato
547 3578 653 3648 animo,
668 3578 821 3634 Rosarium
844 3579 971 3632 colentes
989 3598 996 3643 ς
1028 3576 1092 3646 ipsa
1112 3590 1190 3639 vero,

79 3672 183 3726 magno
193 3656 260 3713 inde
272 3659 389 3728 perlusa
399 3662 514 3730 gaudio,
527 3665 661 3720 ardentes
675 3667 728 3720 has
741 3682 841 3735 preces
860 3664 983 3718 libenter
1000 3660 1115 3717 exaudit
1127 3662 1193 3729 296-

80 3758 137 3812 297.
145 3773 181 3784 -
191 3748 344 3803 Concludit
354 3750 485 3806 Pontifex
495 3754 650 3810 Rosarium
660 3756 688 3810 in
699 3754 858 3811 remedium
868 3770 933 3809 esse
945 3752 1142 3807 adhibendum
1152 3751 1191 3806 ad

79 3831 272 3898 propulsanda
284 3833 435 3889 Ecclesiae
447 3836 531 3903 mala,
544 3838 683 3894 audacius
695 3838 797 3895 indies
809 3836 1011 3909 grassantibus
1022 3834 1115 3905 impiis
1130 3848 1191 3902 297.

79 3918 326 3995 —Contumeliae
345 3922 504 3979 referuntur
522 3924 577 3994 ipsi
601 3928 666 3981 Deo
686 3929 756 3997 Jesu
773 3944 867 3997 nuper
886 3926 983 3981 illatae
1005 3924 1035 3977 in
1051 3925 1143 3990 ltalia,
1154 3924 1191 3978 ad

79 4018 150 4071 quas
162 4006 279 4075 quidem
292 4009 453 4077 indignatio
467 4010 598 4068 universe
608 4027 754 4070 commota
771 4027 816 4070 est
831 4014 957 4083 297·298.
973 4042 1008 4051 —
1022 4012 1193 4067 Sollicitudo

80 4088 211 4146 laudatur
227 4094 436 4166 Episcopomm
451 4099 609 4169 sacrilegos
626 4118 714 4157 ausus
725 4100 942 4173 reprobantium
955 4099 1015 4167 298.
1030 4128 1065 4137 -
1080 4098 1144 4151 Hos
1164 4108 1192 4151 et

81 4175 142 4245 ipse
159 4194 332 4252 conquestus
346 4184 485 4253 Pontifex,
505 4186 682 4243 Christianos
702 4192 832 4244 hortatur
852 4198 954 4258 gentes
973 4186 1010 4241 ad
1024 4185 1192 4255 religionem

80 4260 215 4321 inviolate
227 4269 445 4325 custodiendam
460 4273 519 4341 298.
529 4276 667 4346 -'Optat
681 4275 804 4331 Mariam
824 4294 925 4331 omnes
937 4274 1039 4331 eximie
1056 4288 1194 4328 veneren-

83 4360 126 4405 tur
134 4370 233 4411 mense
247 4358 374 4427 Octobri,
387 4370 415 4415 et
427 4361 523 4417 Deum
534 4374 705 4433 apprecatus
718 4363 863 4419 benedicit
882 4362 942 4430 298.
