3117 4859
408 303 458 352 ns
486 301 657 354 ursmare
684 301 898 353 accrasrss.
1144 290 1213 378 167

101 447 171 526 bus,
183 457 216 512 et
233 457 271 510 ut
284 447 352 511 sibi
364 455 458 511 restes
479 455 583 508 essent
603 445 766 527 usquead
777 445 934 510 ultimum
957 457 1072 513 terrae.
1098 450 1215 534 Atque
1304 483 1334 530 ιφ

101 551 138 616 in
154 551 241 616 tanti
261 550 496 633 perfunctione
516 549 664 614 muneris
689 548 806 613 adiere
829 570 866 614 se
891 550 1062 633 pollicitus
1089 552 1137 616 eis
1153 563 1216 633 est,

102 655 206 738 idque
222 675 290 719 non
307 655 350 719 ad
367 654 496 735 aliquot
517 653 569 716 vel
597 672 705 717 annos
727 653 780 718 vel
808 663 947 732 aetates,
962 656 1022 718 sed
1052 656 1084 719 in
1111 677 1213 723 omne

101 767 247 843 tempus,
263 780 361 841 usque
384 758 434 822 ad
454 757 763 822 consummationem
783 758 913 822 sacculi.
945 758 1057 843 Quam
1083 762 1126 826 ad
1144 783 1214 827 rem

105 863 366 946 Hieronymus:
393 872 412 928 t
439 859 506 944 Qui
532 862 706 944 usquead
734 863 1063 926 consummationem
1091 865 1215 930 saeculi

105 978 123 1032 t
140 986 217 1030 cum
234 965 408 1048 discipulis
424 986 460 1029 se
476 964 625 1029 futurum
641 985 716 1030 esse
731 966 909 1048 promittit,
924 974 958 1029 et
974 965 1049 1030 illos
1062 968 1214 1039 ostendit

108 1085 125 1137 t
141 1089 273 1153 semper
287 1090 360 1134 esse
375 1071 522 1134 victuros
538 1079 571 1132 et
587 1088 624 1132 se
640 1088 825 1152 numquam
838 1091 858 1133 a
874 1069 1090 1134 credentibus
1105 1089 1212 1137 reces-

104 1188 124 1242 t
140 1193 254 1238 surum
267 1174 310 1254 (¹)
325 1187 355 1241 t.
372 1172 470 1256 Quae
486 1173 622 1254 quidem
636 1173 751 1236 omnia
764 1173 798 1235 in
809 1171 890 1236 solis
900 1170 1215 1257 Apostolis,supre-

103 1296 179 1341 mae
194 1278 384 1341 necessitati
411 1297 457 1340 ex
484 1277 632 1340 humana
657 1275 851 1340 conditione
866 1275 1036 1354 obnoxiis,
1051 1276 1109 1360 qui
1134 1297 1214 1341 vera

102 1401 176 1446 csse
190 1383 405 1464 potuissent?
419 1381 501 1444 Erat
513 1380 614 1463 igitur
637 1380 809 1461 provisum
826 1379 987 1443 divinitus
1000 1390 1038 1444 ut
1054 1381 1214 1463 magiste-

103 1485 188 1550 rium
205 1506 224 1548 a
243 1485 329 1551 IESU
349 1485 520 1550 CHRISTo
532 1485 723 1548 institutum
737 1503 804 1547 non
817 1483 935 1547 iisdem
949 1482 1213 1566 linibus,quibus

102 1589 171 1653 vita
188 1589 443 1671 Apostolorum,
467 1589 712 1662 terminaretur,
737 1588 796 1651 sed
819 1596 907 1651 esset
933 1596 1098 1672 perpetuo
1120 1607 1214 1652 man·

105 1713 228 1758 surum.
251 1693 480 1775 Propagatum
507 1712 622 1756 revera
648 1711 687 1755 ac
712 1691 863 1756 velutin
892 1711 1012 1755 manus
1039 1693 1083 1756 de
1111 1713 1214 1757 manu

104 1797 265 1861 traditum
282 1797 444 1861 videmus.
461 1797 551 1861 Nam
578 1815 815 1859 consecravere
840 1795 1019 1877 episcopos
1044 1796 1214 1880 Apostoli,
1281 1834 1392 1896 Am„-

105 1902 230 1984 quique
246 1900 309 1963 sibi
325 1903 481 1984 proxime
496 1901 714 1964 succederent
738 1900 770 1963 in
788 1898 974 1962 ministerio
984 1899 1083 1974 verbi,
1098 1901 1214 1986 singil-
1237 1895 1350 1954 ‘stim

1237 1967 1356 2000 6085le-

105 2003 200 2068 latim
221 2005 447 2086 designavere.
473 2041 516 2052 --
542 2005 662 2087 Neque
687 2003 752 2066 hoc
780 2012 915 2073 tantum
943 2003 1054 2068 :illud
1078 2024 1214 2089 quoque
1237 2014 1392 2084 vmruofr'n

106 2126 250 2172 sanxere
265 2109 298 2170 in
316 2109 563 2173 successoribus
585 2109 662 2184 suis,
679 2118 715 2171 ut
731 2115 766 2170 et
781 2107 846 2188 ipsi
861 2108 951 2170 viros
967 2109 1107 2172 idoneos
1123 2109 1214 2173 adle-
1238 2074 1361 2178 ἷῗζῖήῗ

105 2221 231 2294 gerent,
244 2231 338 2294 quos,
361 2213 479 2277 eadem
496 2213 695 2276 auctoritate
717 2218 845 2288 auctos,
860 2212 971 2275 eidem
997 2210 1215 2295 praeficerent
1238 2205 1385 2310 ᾕζζξζζζζῖ·

108 2316 251 2380 docendi
278 2314 389 2381 officio
415 2327 449 2380 et
477 2317 632 2380 muneri:
655 2315 703 2378 Tu
721 2335 804 2398 ergo,
828 2313 884 2391 fili
903 2316 958 2391 mi,
980 2302 1165 2396 confortare
1179 2319 1216 2381 in
1240 2311 1393 2368 '‘li“ffim

105 2419 230 2501 gratia,
252 2441 334 2501 quae
356 2421 455 2484 estin
474 2418 603 2485 Christo
632 2419 707 2482 Iesu
723 2442 735 2482 .·
747 2429 781 2483 et
810 2439 894 2501 quae
917 2419 1047 2483 audisti
1059 2441 1081 2483 a
1097 2442 1147 2484 mc
1154 2431 1219 2503 per
1240 2373 1393 2475 ἴὲἱσήᾰίῖτῖτῖί

107 2523 227 2587 multos
241 2534 343 2602 testes,
358 2525 435 2589 haec
448 2524 634 2588 commenda
646 2523 801 2604 fidelibus
814 2521 1009 2600 hominibus,
1023 2525 1084 2606 qui
1108 2524 1220 2590 idonei
1239 2490 1364 2599 mo?

106 2639 205 2692 amnt
215 2639 247 2692 et
255 2629 339 2693 alios
352 2627 460 2693 docem
476 2629 527 2711 (²).
545 2629 623 2712 Qua
634 2628 677 2693 de
693 2648 811 2692 caussa
830 2630 918 2692 sicut
934 2627 1088 2692 Christus
1099 2649 1120 2692 a
1131 2630 1217 2707 Deo,

43 2772 45 2776 -
104 2740 139 2796 et
154 2732 314 2814 Apostoli
331 2753 350 2796 a
366 2733 511 2811 Christo,
537 2734 584 2796 sic
609 2733 758 2816 episcopi
781 2743 815 2795 et
843 2741 1012 2815 quotquot
1037 2732 1216 2814 Apostolis

106 2854 301 2913 successere,
319 2837 409 2900 missi
426 2838 469 2902 ab
480 2836 655 2918 Apostolis
668 2846 765 2901 sunt:
784 2836 966 2918 (Apostoli
978 2835 1216 2904 nobistEvan-

110 2940 219 3022 <gebi
246 2941 492 3021 praedicatores
514 2940 592 3004 lacti
612 2951 690 3003 sunt
711 2961 731 3003 a
755 2940 905 3003 Domino
922 2940 1013 3005 IESU
1035 2940 1216 3019 CHRISTO,

110 3056 129 3111 t
148 3042 256 3108 lESUS
272 3044 463 3110 CHRISTUS
480 3045 601 3108 missus
617 3053 668 3107 est
683 3043 799 3106 aDeo.
810 3042 964 3107 Christus
979 3043 1113 3126 igitura
1130 3045 1215 3125 Deo,

111 3161 129 3213 t
143 3155 178 3211 et
189 3147 346 3230 Apostoli
357 3169 376 3212 a
386 3147 567 3225 Christo,et
577 3147 703 3212 iactum
717 3155 768 3210 est
784 3154 966 3228 utrumque
976 3147 1159 3210 ordinatim
1169 3168 1216 3212 ex

109 3265 126 3320 t
139 3252 316 3317 voluntate
329 3253 434 3318 Dei...
455 3255 517 3317 Per
526 3255 679 3335 regiones
695 3253 798 3335 igitur
812 3261 846 3316 et
858 3253 957 3316 urbes
967 3253 1107 3318 verbum
1120 3273 1215 3336 prae·

109 3367 127 3422 t
143 3356 304 3434 dicantes,
317 3359 482 3440 primitias
492 3378 607 3422 earum
632 3357 750 3439 spiritu
766 3376 843 3420 cum
864 3356 1073 3439 probassent,
1090 3357 1214 3422 consti·

109 3467 276 3525 (tuerunt
292 3462 468 3545 episcopos
484 3471 518 3525 et
533 3462 693 3526 diaconos
707 3479 823 3524 eorum
835 3461 894 3544 qui
907 3461 1063 3524 credituri
1077 3469 1215 3526 erant...

112 3576 129 3628 t
144 3561 399 3630 Constituerunt
415 3566 615 3648 praedictos,
626 3572 659 3628 et
675 3564 835 3645 deinceps
852 3563 1101 3628 ordinationem
1115 3565 1217 3629 dede-

111 3679 129 3732 t
143 3672 232 3744 runt,
245 3678 281 3732 ut
306 3689 410 3752 quum
437 3669 484 3732 illi
511 3670 745 3747 decessissent,
772 3669 996 3731 ministerium
1022 3686 1139 3732 eorum
1158 3669 1215 3732 alii

110 3784 127 3838 ‹
144 3771 204 3834 viri
221 3772 352 3854 probati
369 3773 564 3856 exciperent
577 3769 665 3855 (3).)>
686 3773 886 3837 Permanere
903 3773 1005 3855 igitur
1018 3791 1155 3836 necesse
1167 3781 1219 3836 est
1263 3814 1268 3824 ·

1244 3828 1280 3859 Sic
1297 3826 1325 3858 ue
1335 3826 1387 3857 mu·

109 3893 153 3938 ex
173 3895 240 3940 una
265 3886 360 3959 parte
385 3886 545 3941 constans
563 3887 667 3960 atque
692 3875 903 3940 immutabile
923 3895 1046 3939 munus
1073 3876 1218 3941 docendi
1244 3871 1398 3978 wlff

109 3980 231 4058 omnia,
254 3999 341 4062 quae
366 3981 520 4046 Christus
545 3981 705 4045 docuerat
721 4000 785 4044 :ex
810 3979 915 4044 altera
939 3988 1098 4043 constans
1115 3991 1219 4066 atque
1244 3992 1344 4063 quenda

110 4081 1219 4167 immutabileofficiumaccipiendiprofitendiqueomnemillorum
1245 4055 1378 4171 {iffi-'2⁸2

139 4241 160 4286 l.
179 4242 210 4288 ln
222 4243 316 4288 Metti.
327 4244 365 4289 lib.
379 4254 412 4295 rr,
436 4255 488 4302 cap.
503 4245 540 4297 28,
554 4253 577 4288 v.
591 4257 630 4290 20.
651 4267 680 4280 -·
699 4257 719 4290 2.
740 4244 769 4288 ΙΙ
782 4242 855 4297 Tim,
870 4252 898 4296 11,
912 4255 958 4289 ω.
982 4265 1013 4276 -
1027 4255 1049 4301 3.
1067 4241 1092 4288 S.
1106 4241 1219 4289 Clemens

112 4309 190 4362 Rom..
204 4310 281 4369 Epist.
294 4311 352 4356 Iad
361 4311 479 4374 Corinth..
493 4325 565 4370 capp.
576 4325 611 4369 42.
625 4325 663 4368 44.
