3117 4859
423 383 545 433 INDEX
573 382 823 433 ANALYTICUS.
914 454 917 461 Ι
1108 381 1179 453 329

81 486 188 494 ———-

82 537 150 591 sivas
162 536 288 607 opponit,
302 539 378 592 bona
389 536 586 593 ecclesiastica
605 537 675 591 fisco
687 535 806 604 addicit,
821 536 940 591 clericos
954 537 1029 605 cogit
1049 535 1086 589 ad
1107 535 1180 590 mili·

81 620 153 691 tiam,
165 623 346 679 matrimonia
357 633 386 679 et
398 624 498 679 funera
510 622 605 677 civilia
618 632 787 693 propugnat,
807 622 937 677 instituta
955 622 1083 678 caritatis
1101 623 1182 678 laicis

80 711 224 766 committit
239 723 363 779 124·125.
377 739 413 750 —
427 711 512 764 Hanc
524 709 671 781 religionis
684 709 929 779 oppugnationem
942 726 1030 779 qnam
1040 696 1137 779 iniqua
1147 709 1183 763 sit

82 797 204 851 Pontifex
215 796 305 851 fusius
318 797 580 868 exponit,illamque
593 814 610 851 a
623 806 702 852 secta
712 795 877 850 massonica
886 796 995 850 moveri
1010 795 1063 866 ipsi
1075 812 1184 851 masso·

80 900 128 937 nes
139 894 285 953 testantur,
297 885 454 954 gloriantes
467 903 485 941 a
497 901 529 940 se
541 896 634 939 ortam
653 901 718 940 esse
737 884 766 938 in
788 884 871 938 ltalia
891 882 1040 939 Ecclesiae
1053 901 1184 953 persecu·

79 970 180 1025 tionem
195 986 226 1025 12
231 982 360 1039 ;·te7.-
374 971 524 1039 Religione
537 988 684 1041 oppressa,
695 971 818 1025 societas
831 970 894 1039 ipsa
908 971 1095 1040 perturbatur,
1104 968 1184 1023 fami·

78 1058 114 1112 lia
135 1058 316 1127 periclitatur,
338 1057 469 1113 civitates
493 1058 644 1113 discordiis
666 1068 775 1129 patent,
794 1058 858 1129 jura
883 1058 981 1112 divina
1005 1068 1033 1111 et
1058 1058 1185 1111 humana

78 1146 252 1215 negliguntur
271 1162 290 1201 a
312 1162 408 1201 rerum
429 1146 664 1211 moderatoribus,
687 1155 768 1202 nutat
789 1146 937 1200 hominum
962 1143 1093 1212 societas,
1113 1145 1183 1199 dum

78 1250 164 1288 mores
176 1244 405 1304 corrumpuntur,
419 1235 567 1306 multique,
577 1234 760 1303 impatientes
770 1234 847 1301 mali,
861 1234 898 1288 ad
908 1245 1036 1288 extrema
1048 1234 1183 1287 labuntur

80 1335 179 1386 127.—
193 1322 249 1378 His
266 1324 339 1377 actis
361 1332 441 1377 secta
461 1339 493 1377 se
511 1322 602 1391 jactat
615 1324 690 1377 bene
709 1324 745 1377 de
767 1321 860 1392 patria
879 1322 1020 1389 meritam,
1034 1322 1182 1377 Ecclesiae

78 1407 183 1463 Fideles
191 1420 222 1465 ut
235 1408 366 1465 inimicos
380 1409 490 1479 patriae
499 1409 663 1478 vituperans
679 1410 774 1465 128.-
786 1409 928 1479 lpsavero
939 1408 1049 1478 patriae
1058 1410 1181 1464 tuendae

77 1496 192 1565 nomine,
205 1514 273 1552 eam
285 1497 418 1567 subigere
433 1507 462 1553 et
485 1497 663 1552 ethnicorum
677 1499 837 1568 corruptela
854 1496 969 1552 inficere
982 1497 1060 1567 cupit
1077 1498 1133 1552 128.
1147 1528 1182 1539 -

76 1581 185 1639 Sernota
198 1584 346 1654 religione,
359 1584 478 1655 solaque
500 1596 602 1639 natura
623 1586 705 1654 duce,
715 1596 801 1639 ruunt
822 1584 953 1639 homines
973 1584 1002 1639 in
1023 1586 1183 1655 superbiae,

74 1671 241 1742 cupiditatis,
254 1672 504 1743 sensualitatisque
514 1672 669 1742 perniciem
686 1674 780 1727 nt-
790 1675 817 1727 A
829 1684 908 1728 secta
916 1674 1089 1728 abhorreant
1099 1675 1122 1727 F
1124 1674 1181 1729 ide

74 1759 119 1829 les,
131 1777 217 1832 quarn
231 1760 342 1817 Summi
357 1761 511 1816 Pontifices
524 1760 637 1831 saepius
659 1761 831 1815 damnarunt
846 1762 899 1815 sub
909 1762 1181 1817 excommunicatio·

73 1848 114 1901 nis
121 1866 213 1917 poena
224 1850 385 1919 128·129.-
396 1849 576 1921 Quicumque
584 1848 704 1903 aliorum
712 1866 810 1903 curam
820 1860 952 1918 geronta
962 1862 1040 1903 secta
1050 1850 1180 1904 subditos

73 1953 134 1991 suos
150 1940 313 1993 deterreant
329 1953 385 2006 129.
400 1968 436 1978 -
450 1938 653 1992 Praecludatur
666 1939 759 1992 omnis
778 1937 824 1991 via
844 1939 881 1993 ad
904 1949 1013 1993 sectam
1026 1939 1178 1995 delabendi

75 2038 128 2093 1²9·
142 2057 177 2065 —
190 2028 350 2096 Suspectae
363 2027 523 2080 habeantur
535 2036 564 2080 et
577 2027 643 2080 illae
659 2026 813 2080 societates
826 2042 901 2095 quae
914 2027 951 2081 de
964 2028 1101 2096 religione
1120 2044 1178 2081 non

71 2121 164 2164 curant
176 2132 184 2176 ;
196 2111 321 2167 vitentur
332 2128 351 2165 a
363 2111 529 2165 mulieribus
541 2110 696 2165 societates
709 2111 925 2177 beneficentiae,
936 2112 989 2165 nisi
1004 2122 1114 2167 constet
1129 2130 1178 2167 eas

72 2198 283 2253 aMassonibus
303 2199 412 2253 alienas
431 2216 496 2253 esse
517 2213 593 2265 1294
598 2214 639 2266 30.
654 2228 689 2238 -
712 2200 815 2253 Nullus
833 2199 989 2254 familiares
1007 2202 1112 2255 habeat
1131 2201 1179 2273 qui

72 2283 212 2339 doctrinas
234 2284 426 2353 subversivas,
439 2287 481 2339 vel
496 2299 594 2355 aperte
607 2295 797 2355 propugnent,
817 2288 860 2342 vel
874 2288 1040 2342 tolerandas
1053 2288 1178 2342 habeant

77 2386 171 2438 13o.-
196 2372 288 2443 lmpie
310 2373 418 2443 scripta
430 2389 515 2426 nemo
528 2374 604 2441 legat
620 2388 678 2441 130·
694 2402 730 2414 -
744 2375 830 2428 Secta
852 2390 909 2427 non
928 2385 1040 2429 tantum
1061 2375 1179 2429 vitanda

74 2459 120 2512 sed
130 2458 327 2530 impugnanda
341 2480 347 2515 :
368 2461 474 2515 scholis
492 2471 587 2516 sectae
600 2461 736 2532 subjectis
749 2472 932 2531 opponantur
944 2464 1060 2517 scholae
1075 2464 1178 2519 Catho-

71 2542 185 2601 licorum
200 2564 207 2600 t
213 2564 256 2616 30.
271 2577 305 2587 --
319 2549 460 2603 Subsidiis
471 2548 597 2603 caritatis
608 2549 739 2618 publicae
749 2548 853 2603 ablatis
870 2550 982 2618 privata
995 2550 1099 2605 caritas
1114 2568 1178 2620 sup·

72 2631 140 2698 pleat
151 2656 159 2699 3
173 2634 307 2689 vitiorum
320 2636 481 2689 recessibus
493 2646 674 2704 opponantur
686 2637 791 2690 domus
804 2636 985 2691 honestatem
997 2648 1108 2692 tuentes
1121 2653 1178 2705 131.

72 2744 102 2755 -
125 2722 245 2790 Scriptis
267 2722 362 2791 impiis
384 2722 491 2790 scripta
511 2722 654 2776 catholica
675 2722 895 2791 respondeant;
917 2724 1178 2779 consociationibus

70 2822 138 2874 quae
150 2822 248 2864 sectae
260 2811 378 2864 asseclis
387 2810 492 2877 favent,
503 2821 687 2879 opponantur
698 2826 773 2880 quae
787 2810 935 2864 caritatem
949 2811 976 2863 in
991 2827 1091 2865 omnes
1101 2828 1178 2868 exer·

71 2911 147 2954 ceant
162 2914 221 2967 131.
234 2928 270 2939 -
286 2902 454 2953 Massonum
465 2897 613 2953 industriis
626 2899 663 2952 ad
675 2899 835 2953 Ecclesiam
846 2897 1072 2967 impugnandam
1090 2917 1177 2969 oppo-

71 2995 148 3039 natur
159 2986 200 3039 rei
213 2985 371 3039 catholicae
384 2986 525 3039 studium:
540 2996 619 3040 secta
633 2983 661 3039 in
671 2986 1081 3054 apertograssnnte‚Catholici
1092 2986 1177 3041 fidem

69 3088 145 3127 suam
158 3086 187 3128 et
200 3073 255 3144 ipsi
269 3069 581 3143 publiceprofiteantur
596 3089 606 3126 1
611 3088 654 3141 31.
667 3102 703 3112 -
717 3073 803 3127 Secta
818 3073 980 3127 Ecclesiam
991 3074 1099 3128 civitati
1114 3076 1176 3127 sub-

66 3158 148 3225 jicere
168 3160 289 3227 nititnr;
309 3160 448 3215 Catholici
471 3159 621 3215 Ecclesiae
640 3160 803 3215 libertatem
825 3160 969 3215 vindicent
997 3174 1123 3228 131-132.
1144 3192 1178 3200 —

70 3245 213 3302 Unitatem
226 3247 399 3303 catholicam
413 3247 545 3301 scindere
557 3257 676 3301 conatur
689 3268 697 3313 ;
715 3265 751 3303 eo
769 3248 861 3317 magis
876 3248 904 3301 in
923 3249 1041 3302 caritate
1055 3258 1083 3301 et
1098 3264 1177 3317 prae-

69 3335 219 3400 positorum
233 3335 372 3405 obsequio
384 3346 572 3405 permaneant
587 3335 701 3390 Fideles
715 3352 815 3404 132-
830 3336 950 3391 Sublata
964 3336 1108 3404 religione,
1123 3334 1177 3405 ipsi

69 3425 170 3490 patriae
183 3426 265 3479 ruina
277 3425 423 3495 impendet
441 3440 499 3492 132.
512 3455 549 3464 -
561 3424 688 3479 Viriliter
700 3442 769 3494 ergo
786 3425 850 3479 ltali
864 3423 970 3492 praelia
987 3423 1103 3478 Domini
1118 3440 1177 3479 cer-

69 3522 123 3565 tent
136 3514 265 3567 oratione
274 3522 302 3567 et
315 3513 467 3568 virtutibus
477 3512 640 3567 christianis
654 3513 779 3567 roborati
797 3527 854 3581 ¹3²·

100 3638 374 3690 26.L1TTERAE
387 3639 683 3689 APOSTOLICAE
695 3635 816 3699 qulbus
830 3640 1090 3689 Constttuttones

69 3725 324 3779 Societatlslesu
345 3729 385 3777 de
406 3728 557 3778 doctrina
580 3729 609 3777 S.
632 3728 779 3777 'rhomae
793 3728 1087 3789 Aquinatlsproii-

69 3814 162 3864 tenda
179 3818 430 3866 confirmantur.
450 3838 481 3849 ·-
504 3814 548 3864 30
569 3815 643 3864 Deo.
667 3814 758 3864 1892.
1021 3827 1085 3880 pag.
1127 3826 1176 3879 133

101 3931 246 3986 Novarum
266 3932 462 3987 doctrinarum
481 3930 570 3985 libido
585 3930 665 3984 Fidei
680 3929 805 3984 maxime
819 3943 912 3998 nocet,
925 3930 1048 4001 ideoque
1064 3948 1176 3999 germa-

67 4031 118 4070 nae
128 4018 275 4074 doctrinae
297 4018 389 4072 fontes
410 4018 557 4088 repetendi
572 4028 646 4071 sunt.
662 4019 691 4073 S.
705 4018 836 4071 'rhomae
849 4018 1011 4072 doctrinam
1026 4016 1053 4071 in
1074 4033 1175 4071 omnes

67 4102 172 4159 scholas
184 4121 319 4160 revocare
334 4105 464 4159 Pontifex
477 4104 585 4172 statuit,
598 4122 687 4174 opera
700 4105 869 4175 confisus,in
883 4122 913 4160 re
926 4105 1101 4171 difficillima,
1114 4100 1176 4157 reli-

67 4188 204 4256 giosorum
217 4193 367 4260 Ordinum,
381 4194 456 4247 inter
469 4210 541 4264 quos
563 4194 738 4248 Societatem
761 4193 829 4262 Jesu
850 4194 955 4248 adesse
972 4193 1041 4246 nihil
1062 4193 1176 4261 mirum,

67 4280 352 4349 utpoteApostolicae
365 4281 433 4335 Sedi
447 4280 674 4347 devotissimam,
694 4280 873 4350 propriisque
896 4280 1006 4350 legibus
1026 4278 1174 4334 doctrinae

69 4358 96 4413 S.
108 4363 234 4421 'rhomae
242 4367 408 4422 adstrictam
420 4382 543 4437 133-134,
556 4398 591 4408 -
606 4370 669 4423 Has
683 4368 761 4438 leges
774 4368 803 4422 in
814 4370 956 4423 summam
969 4368 1097 4423 conferre
1111 4384 1173 4422 sua-
