3117 4859
373 329 442 401 118
505 350 689 403 asserum
717 338 738 366 ‘⁴
757 348 1082 401 exsacrnmouam
1102 348 1310 401 nssrnamr.
1332 324 1347 353 ''

369 511 423 564 tus
438 512 472 565 et
489 502 578 566 nitor
590 500 808 565 barbarorum
826 500 949 565 feritati
972 501 1150 565 antecellit
1169 500 1336 584 Equidem
1353 502 1391 565 in
1417 499 1482 563 hoc

368 623 469 667 caeco
485 603 608 668 irarum
625 606 753 687 impetu
770 605 926 669 miseram
944 604 1127 689 quamdam
1137 604 1308 668 vesaniam
1325 604 1481 685 agnosci-

369 729 443 772 mus
465 729 504 773 ac
520 708 749 785 deflemus,ex
773 728 841 791 qua
862 709 1065 792 repetendae
1081 719 1161 774 sunt
1183 709 1382 773 vexationes
1399 709 1482 772 assi·

366 813 463 891 duae,
478 814 600 896 quibus
615 812 852 877 conflictantur
867 812 1035 877 catholica
1060 812 1177 896 religio
1204 812 1340 895 eiusque
1368 812 1480 875 admi·

367 917 472 993 nistri,
487 917 642 999 publicus
660 916 724 980 Dei
741 916 851 980 cultus
868 916 991 999 etipsa
1015 915 1218 981 christianae
1243 917 1334 980 vitae
1358 914 1482 980 lunda·

367 1032 490 1101 menta,
505 1042 592 1106 quae
602 1022 725 1105 pariter
735 1020 1064 1106 veraehumanitatis
1074 1022 1246 1087 scatebrae
1262 1030 1296 1086 et
1311 1020 1482 1105 praesidia

367 1136 445 1191 sunt
460 1147 468 1205 ;
483 1126 619 1190 tametsi
635 1125 728 1190 nulla
744 1135 879 1207 praesto
896 1126 940 1189 sit
956 1125 1064 1190 solida
1076 1126 1172 1205 ratio,
1187 1144 1315 1209 quaeve
1331 1125 1481 1209 speciem

367 1231 491 1296 habeat
507 1232 616 1294 iustae
631 1250 769 1294 caussae
792 1238 862 1294 tam
878 1230 950 1294 dire
975 1230 1144 1295 saeviendi
1172 1230 1205 1293 in
1232 1250 1288 1294 eas
1315 1249 1376 1308 res,
1393 1248 1482 1313 quae

368 1354 482 1399 sacrae
496 1334 664 1398 habentur
680 1354 725 1397 ex
747 1332 893 1416 publicis
909 1333 1011 1399 etiarn
1028 1333 1202 1411 institutis,
1218 1352 1340 1417 eosque
1369 1334 1480 1397 homi-

368 1457 428 1501 nes
443 1458 528 1519 quos
540 1454 649 1520 aequo
665 1438 785 1502 saltem
801 1437 929 1501 censeri
939 1445 1073 1521 oportet
1085 1456 1161 1501 curn
1180 1439 1299 1502 ceteris
1310 1438 1390 1503 iure.

250 1588 290 1636 Ab
301 1588 342 1636 in·
412 1540 642 1606 Nihilominus
658 1543 692 1606 in
709 1542 772 1605 hac
788 1541 935 1624 procella
959 1562 1046 1625 quae
1062 1541 1141 1607 furit
1171 1543 1214 1606 ad
1247 1541 1477 1605 amoliendum

228 1659 293 1715 cepo
304 1659 342 1701 ta·
368 1666 454 1729 opus
469 1647 645 1712 salutarea
656 1647 767 1711 Nobis
778 1656 972 1728 susceptum
986 1647 1136 1731 aliisque,
1148 1666 1232 1730 quos
1246 1646 1353 1711 socios
1369 1644 1401 1709 N
1405 1646 1478 1711 obis

225 1733 343 1832 ᾝζζζ
368 1748 525 1814 adiunxit
551 1750 702 1814 studium
719 1770 780 1833 par
805 1750 936 1813 caritati
952 1769 1019 1833 qua
1050 1749 1246 1832 religionem
1275 1758 1308 1812 et
1330 1750 1477 1832 patriam

212 1848 344 1963 Chattosque
368 1850 522 1933 diligunt,
543 1851 662 1916 sedulo
677 1852 864 1916 curandum
881 1860 932 1916 est
960 1870 1002 1916 ne
1025 1850 1200 1917 Gallorum
1226 1850 1375 1915 fidelium
1394 1852 1479 1916 vires

191 1994 222 2028 ne
241 1922 345 2029 &2le
368 1954 538 2038 animique
553 1954 721 2032 deficiant,
730 1956 1018 2038 quemadmodum
1031 1964 1065 2019 et
1079 1954 1187 2019 Nobis
1203 1957 1390 2019 curandum
1407 1974 1480 2020 esse

214 2045 341 2111 ejiciant,
368 2060 531 2124 sentimus
547 2078 589 2123 ne
606 2070 775 2140 torpescat
786 2059 987 2135 sollicitudo,
997 2078 1098 2142 quam
1110 2058 1153 2123 de
1169 2068 1280 2123 vestra
1296 2059 1406 2123 salute
1422 2079 1478 2142 ge·

369 2163 480 2241 rimus,
492 2183 576 2226 neve
589 2162 698 2226 Nobis
715 2163 747 2225 in
766 2183 800 2227 re
816 2172 886 2226 tam
903 2162 1090 2227 necessaria
1109 2162 1300 2226 constantia
1312 2161 1476 2246 propositi

367 2274 481 2343 tenax,
490 2286 593 2349 quam
610 2268 655 2330 rei
673 2278 792 2331 natura
822 2267 980 2350 postulat,
989 2267 1144 2332 videatur
1155 2265 1362 2330 defuisse-
1381 2266 1478 2332 Cete-

366 2391 440 2435 rum
458 2390 525 2435 non
539 2392 606 2436 una
620 2374 771 2455 suppetit
787 2392 905 2437 caussa
926 2391 970 2436 ex
987 2392 1052 2455 qua
1082 2370 1221 2437 recreari
1237 2390 1299 2454 par
1314 2379 1365 2436 est
1390 2390 1480 2435 moe-

367 2484 479 2540 rentes
505 2476 635 2541 animos
665 2477 926 2561 confirmarique
953 2486 989 2540 ut
1014 2486 1150 2541 strenue
1165 2485 1314 2559 perstent
1330 2478 1363 2541 in
1383 2476 1479 2541 bonis

222 2596 342 2673 cqmciesr-
367 2579 519 2661 inceptis.
546 2581 717 2663 Imprimis
744 2580 872 2646 scilicet
902 2579 1003 2645 solari
1035 2600 1095 2644 vos
1123 2580 1223 2645 debet
1257 2580 1480 2645 conscientiae

192 2668 343 2792 mlo'sso‘ssgj
368 2684 610 2763 testimonium,
626 2704 694 2769 quo
719 2686 824 2749 nostis
847 2685 919 2748 dari
938 2706 958 2748 a
974 2684 1068 2748 vobis
1091 2704 1228 2766 operam
1251 2686 1285 2748 in
1302 2685 1401 2749 rebus
1417 2694 1480 2749 tre·

309 2794 341 2853 rt,
368 2784 465 2866 pidis,
480 2794 633 2868 tempore
648 2784 785 2862 difficili,
808 2783 959 2867 religioni
978 2794 1012 2847 et
1023 2786 1152 2867 patriae
1168 2786 1362 2851 servandae.
1381 2786 1477 2850 Haec

367 2886 462 2951 vobis
493 2889 721 2971 cogitantibus
753 2888 850 2953 facile
882 2888 983 2953 verba
1010 2888 1182 2965 subierint,
1198 2889 1293 2971 queis
1318 2888 1477 2972 Princeps

367 2988 611 3071 Apostolorum
628 2992 820 3075 primaevos
833 2990 1005 3055 solabatur
1022 2990 1157 3069 fideles;
1174 2990 1213 3057 Si
1235 2990 1477 3073 benefacientes

358 3094 717 3175 patientrrsustinetis,
732 3094 810 3159 haec
837 3106 887 3159 est
903 3096 1023 3179 gratia
1048 3095 1141 3179 apud
1161 3094 1279 3161 Deum.
1304 3096 1474 3177 Itemque:

366 3198 460 3262 Haec
471 3208 519 3262 est
544 3199 632 3263 enim
653 3200 783 3282 gratia,
797 3198 830 3262 si
850 3209 987 3281 propter
1000 3197 1068 3262 Dei
1088 3198 1316 3263 conscientiam
1338 3198 1476 3262 sustinet

365 3304 440 3385 quis
455 3303 622 3381 tristitias,
629 3304 765 3387 patiens
780 3304 910 3367 iniuste.
929 3304 1111 3368 Iucundior
1127 3305 1210 3368 haec
1232 3300 1291 3368 fiet
1316 3302 1477 3386 cogitatio

204 3421 342 3498 ψωθία
366 3408 393 3469 si
411 3406 533 3471 fiducia
550 3409 726 3471 accesserit
742 3408 817 3489 opis
846 3406 991 3484 divinae,
1007 3425 1093 3489 quae
1110 3401 1295 3490 numquam
1327 3408 1474 3490 roganti-

189 3485 340 3603 d’mm
366 3511 429 3574 bus
452 3512 556 3589 deest,
571 3520 605 3575 et
636 3530 712 3593 spes
739 3511 851 3575 uberis
869 3510 1006 3589 fructus,
1032 3511 1090 3594 qui
1114 3511 1301 3594 praemium
1319 3512 1382 3575 erit
1397 3531 1474 3575 con·

366 3614 511 3679 stantiae
527 3624 657 3679 vestrae
666 3627 700 3678 et
717 3615 885 3682 exantlati
902 3614 1034 3678 laboris.
1052 3614 1110 3678 Ad
1128 3615 1210 3678 haec
1230 3633 1290 3678 vos
1312 3632 1475 3678 memores

189 3716 340 3832 mmm:
367 3736 439 3779 esse
455 3726 599 3799 oportet,
615 3727 712 3801 parta
735 3738 809 3781 esse
839 3718 922 3781 haec
951 3717 1051 3794 mala,
1065 3736 1155 3801 quae
1170 3736 1230 3781 vos
1246 3728 1414 3799 premunt,
1430 3738 1471 3782 ex

212 3864 272 3897 rum
283 3864 340 3897 cau·
367 3846 414 3890 rra
430 3826 629 3890 tenebricosi
645 3827 819 3892 cuiusdam
848 3838 962 3891 coetus
989 3826 1190 3892 catholicam
1220 3823 1322 3889 fidem
1349 3826 1472 3889 iamdiu

189 3928 277 4028 ὦ
290 3929 342 4029 {5⁰52
366 3919 484 4011 perosi,
500 3949 567 3995 non
585 3950 629 3994 ex
645 3932 820 3995 voluntate
837 3951 874 3994 ac
892 3930 1016 3995 iudicio
1032 3930 1135 3996 totius
1163 3930 1401 4013 magnanimae
1417 3948 1473 3993 na·

203 4045 338 4093 m‘eras·
366 4030 468 4097 tionis
491 4043 629 4109 vestrae,
645 4033 698 4096 cui
712 4051 885 4115 nunquam
903 4032 1036 4114 probari
1053 4032 1176 4114 poterit
1193 4032 1278 4097 acris
1294 4031 1377 4095 haec
1389 4031 1475 4093 inse·

197 4124 339 4224 ,mm
365 4134 470 4200 ctatio
500 4134 740 4214 innocentium,
756 4155 843 4218 quae
870 4134 1121 4218 vulgatissimae
1139 4135 1230 4199 tollit
1257 4134 1421 4199 libertatis
1444 4143 1476 4195 et

222 4240 288 4304 tifex
299 4241 339 4291 de·
366 4239 514 4304 iustitiae
530 4238 694 4318 notiones,
717 4259 805 4323 quae
820 4238 931 4321 gentis
948 4258 1057 4303 mores
1085 4239 1253 4321 pervertit,
1268 4255 1412 4319 eamque
1440 4235 1471 4297 in

189 4312 320 4357 mustra.
366 4353 599 4429 contemptum
629 4353 729 4409 vocat
759 4343 962 4426 populorum
990 4341 1122 4406 civilem
1153 4343 1258 4407 vitam
1290 4340 1475 4425 agentium,
