3117 4859
403 370 447 420 22
680 372 864 426 semrom
893 363 915 392 “
940 373 1178 438 LONGINQUA.
1198 354 1218 382 ''

399 513 551 594 personis
567 525 701 598 regatur
717 535 784 579 non
802 516 884 580 recti
900 516 1085 596 tenacibus,
1107 539 1174 583 non
1200 518 1357 603 religioni
1384 516 1496 591 amicis

398 614 514 698 eisque
529 617 680 682 obnoxie
692 627 818 698 pareat,
829 617 948 682 obesse
960 617 1143 701 plurimum
1154 620 1290 704 publice
1301 631 1337 686 et
1352 620 1495 704 privatim

399 726 521 798 potest,
534 719 692 800 prodesse
709 739 775 783 non
792 730 914 803 potest.
931 721 1072 786 Maneat
1088 743 1178 807 ergo,
1192 723 1286 807 quod
1299 741 1498 806 consequens

398 831 459 897 est,
486 841 553 885 non
580 822 684 886 modo
713 821 827 906 lugere
851 826 1121 891 consociationes
1146 837 1314 910 oportere,
1337 827 1499 892 Ecclesiae

400 929 524 993 iudicio
540 940 655 1012 aperte
671 931 861 1010 damnatas,
885 934 944 998 sed
972 953 1029 998 eas
1056 936 1170 1014 etiam,
1186 957 1274 1019 quae
1289 934 1498 1017 prudentium

400 1032 546 1096 virorum
580 1035 798 1117 maximeque
826 1035 1074 1120 Episcoporum
1112 1039 1291 1116 sententie,
1328 1047 1497 1121 suspectae

402 1135 677 1220 periculosaeque
691 1137 889 1204 habeantur.

266 1249 378 1302 κωκυ
449 1239 524 1303 lmo
539 1259 628 1318 vero,
655 1242 745 1324 quod
774 1252 826 1306 est
849 1244 948 1308 valde
975 1245 1018 1308 ad
1045 1244 1123 1310 fidei
1149 1247 1421 1311 incolumitatem
1436 1265 1503 1309 con·

235 1320 378 1432 ffiffl}
404 1345 559 1422 ducibile,
587 1345 688 1409 malle
708 1345 866 1411 catholici
881 1348 1006 1412 debent
1024 1369 1101 1414 cum
1117 1349 1293 1415 catholicis
1307 1349 1503 1434 congregari.

237 1447 314 1512 factu
321 1463 379 1525 fon·
405 1448 468 1514 nisi
485 1447 554 1511 fieri
571 1469 667 1513 secus
682 1451 832 1534 coegerit
847 1455 1040 1518 necessitas.
1068 1453 1141 1520 Sibi
1158 1475 1238 1518 vero
1252 1457 1342 1521 inter
1357 1477 1398 1520 se
1412 1455 1502 1518 socie-

222 1529 378 1630 fflffip.
405 1561 475 1618 tate
491 1553 703 1634 conglobatis
714 1574 869 1637 praeesse
878 1559 1072 1622 sacerdotes
1081 1568 1140 1622 aut
1153 1559 1257 1624 laicos
1272 1559 1401 1641 probos
1416 1568 1503 1639 atque

246 1659 378 1696 cmnrso-
405 1655 605 1721 auctoritate
631 1676 750 1740 graves
774 1659 933 1724 iubeant:
960 1662 1066 1744 iisque
1093 1661 1235 1726 consilio
1264 1662 1503 1746 praeeuntibus.

262 1716 380 1842 pmii
404 1759 578 1825 consulere
594 1781 634 1823 ac
651 1760 808 1844 perficere
825 1772 944 1846 pacate
961 1765 1111 1829 nitantur
1126 1768 1218 1847 quod
1235 1766 1403 1848 expedire
1417 1765 1503 1828 ratio·

226 1857 379 1958 sexam
405 1862 503 1929 nibus
519 1864 588 1927 suis
605 1865 769 1944 videatur,
786 1866 828 1930 ad
845 1887 998 1931 normam
1016 1869 1231 1951 potissimum
1249 1879 1503 1952 praeceptorum,

221 1976 304 2039 ponit.
404 1990 491 2053 quae
508 1969 580 2033 Nos
590 1969 709 2034 litteris
721 1969 901 2052 encyclicis
912 1971 1039 2036 Rerum
1054 1993 1217 2036 nouarum
1232 1974 1503 2055 consignavimus

407 2072 483 2137 Hoc
499 2093 578 2137 vero
594 2092 780 2154 numquam
798 2075 862 2138 sibi
878 2076 1053 2158 patiantur
1067 2078 1235 2155 excidere,
1251 2078 1415 2141 vindicari
1431 2083 1462 2138 et
1475 2074 1501 2136 in

404 2187 480 2242 tuto
505 2178 586 2261 poni
613 2179 685 2241 iura
713 2178 940 2243 multitudinis
965 2192 1095 2245 rectum
1122 2201 1195 2245 esse
1225 2191 1330 2264 atque
1356 2178 1502 2263 optabile,

402 2292 635 2347 verumtamen
654 2303 720 2347 non
738 2286 1047 2366 praetermittendis
1062 2285 1190 2352 officiis.
1206 2286 1331 2351 Officia
1346 2307 1427 2350 vero
1442 2303 1501 2367 per·

405 2407 530 2470 magna
545 2408 585 2452 ea
601 2409 684 2468 esse,
699 2389 810 2455 aliena
825 2411 893 2455 non
910 2400 1050 2474 tangere
1067 2414 1074 2469 3
1090 2392 1241 2474 singulos
1256 2412 1331 2456 esse
1346 2393 1455 2454 sinere
1467 2387 1501 2450 ad

404 2511 481 2555 suas
498 2512 549 2556 res
573 2491 716 2572 liberos;
742 2495 923 2576 quominus
946 2515 1084 2578 operam
1113 2515 1209 2560 suam
1226 2496 1393 2559 collocare
1413 2498 1502 2577 queat

405 2596 463 2663 ubi
489 2595 571 2660 libet
592 2607 626 2660 et
653 2599 790 2680 quando
816 2598 907 2677 libet,
935 2599 1112 2681 prohibere
1139 2600 1319 2664 neminem.
1343 2598 1503 2682 Quaeper

405 2703 473 2770 vim
490 2714 524 2767 et
540 2702 655 2765 turbas
672 2701 761 2766 lacta
787 2703 959 2784 superiore
983 2722 1074 2766 anno
1092 2704 1224 2766 vidistis
1240 2703 1273 2765 in
1291 2702 1411 2784 patria,
1432 2697 1502 2761 satis

405 2809 591 2874 admonent
607 2804 925 2880 americanisetiam
942 2807 1041 2869 rebus
1057 2789 1234 2870 audaciam
1253 2804 1501 2868 immanitatem·

405 2932 471 2996 que
499 2907 718 2993 perduellium
748 2909 930 2974 imminere.
948 2911 1028 2992 Ipsa
1044 2913 1146 2993 igitur
1161 2920 1316 2992 tempora
1332 2906 1502 2972 catholicos

405 3015 522 3079 iubent
547 3032 608 3095 pro
634 3010 880 3092 tranquillitate
906 3015 1111 3076 contendere
1140 3032 1251 3076 rerum
1276 3008 1502 3076 communium,

406 3121 549 3201 ideoque
576 3115 754 3180 observare
778 3116 880 3198 leges,
895 3109 1074 3181 abhorrere
1090 3139 1110 3181 a
1126 3116 1168 3194 vi,
1193 3135 1255 3179 nec
1281 3113 1378 3199 plura
1401 3119 1503 3194 petere

407 3243 507 3308 quam
525 3220 576 3286 vel
594 3220 747 3301 aequitas
764 3219 815 3283 vel
832 3220 960 3284 iustitia
976 3221 1135 3300 patiatur.

270 3353 382 3415 Exoprat
453 3329 526 3392 Has
542 3327 585 3389 ad
602 3345 653 3388 res
671 3323 815 3388 multum
832 3344 914 3388 sane
929 3325 1080 3388 conferre
1095 3345 1218 3407 operae
1234 3331 1387 3406 possunt,
1401 3318 1454 3402 qui
1472 3334 1501 3376 se

239 3425 269 3467 Ψ
279 3419 379 3530 ffil‘ll'
406 3434 449 3499 ad
466 3431 679 3496 scribendum
697 3429 878 3505 contulere,
894 3431 1044 3492 maxime
1059 3447 1204 3511 quorum
1217 3429 1251 3491 in
1263 3419 1501 3490 commentariis

231 3497 381 3598 'effluamus
405 3534 614 3621 quotidianis
630 3533 811 3595 insumitur
837 3531 938 3596 labor.
967 3531 1071 3595 Haud
1098 3532 1182 3596 latet
1199 3529 1282 3607 Nos,
1298 3529 1421 3592 multos
1443 3525 1501 3585 iam

261 3621 378 3672 crescant,
406 3643 440 3705 in
465 3640 529 3702 hac
552 3637 718 3721 palaestra
741 3639 906 3700 desudare
933 3637 1019 3700 bene
1046 3637 1260 3710 exercitatos,
1281 3650 1421 3715 quorum
1441 3626 1501 3688 lau·

406 3745 520 3809 danda
544 3743 652 3824 magis
675 3749 736 3818 est,
754 3761 857 3823 quam
881 3740 1065 3806 excitanda
1081 3739 1255 3802 industria.
1271 3737 1499 3800 Verumtamen

407 3847 541 3930 legendi
558 3845 786 3926 noscendique
802 3845 970 3928 cupiditas
985 3865 1062 3908 cum
1083 3855 1153 3907 tam
1167 3843 1352 3906 vehemens
1366 3842 1409 3903 sit
1421 3830 1500 3915 apud

406 3971 467 4018 vos
483 3971 521 4014 ac
538 3960 607 4013 tam
626 3951 693 4012 late
710 3948 885 4030 pertineat,
900 3967 1047 4030 cumque
1062 3948 1227 4012 bonorum
1245 3947 1344 4009 iuxta
1360 3963 1397 4007 ac
1411 3936 1500 4002 malo·

408 4075 481 4122 rum
499 4055 687 4119 maximum
699 4053 805 4135 possit
815 4072 889 4116 esse
898 4053 1111 4135 principium,
1126 4051 1219 4114 omni
1229 4069 1295 4132 ope
1311 4043 1500 4111 enitendum,

409 4172 577 4225 uteorum
592 4153 753 4220 ¹numerus
769 4169 942 4238 augeatur,
966 4156 1024 4238 qui
1052 4154 1221 4218 scribendi
1238 4171 1361 4217 munus
1375 4149 1499 4213 scienter

409 4275 511 4348 atque
528 4264 641 4326 animo
657 4260 790 4344 optimo
814 4268 942 4342 gerant,
969 4258 1131 4342 religione
1155 4260 1251 4334 duce,
1274 4254 1436 4339 probitate
1452 4263 1496 4306 co·

228 4383 376 4446 doceantque
410 4371 501 4433 mite.
525 4365 640 4448 Atque
656 4364 689 4426 id
708 4381 748 4426 eo
765 4363 872 4445 magis
892 4373 1033 4445 apparet
1056 4365 1089 4426 in
1112 4359 1274 4425 America
1294 4349 1496 4421 necessarlum
