3117 4859
433 363 554 413 mnax
581 362 833 413 nanctmcus.
1118 366 1188 437 335

85 526 135 564 sna
147 520 288 579 potestate
300 526 352 566 eas
364 511 478 565 scholas
491 522 589 566 tenere
602 528 675 580 quae
688 511 799 566 fuerunt
814 512 867 567 sub
880 512 943 582 ipsa
956 531 974 567 a
992 514 1191 571 fundatoribus

86 607 254 663 constitutae
281 608 339 661 182.
362 638 398 648 -
422 608 524 663 Clerici
548 608 701 677 diligenter
718 609 903 663 instituantur
926 611 984 678 183.
1007 642 1041 651 -
1055 613 1192 685 Episcopi

86 704 198 759 Clerum
222 703 362 773 diligant3
385 706 485 760 Clerus
508 704 660 776 Episcopis
673 705 842 775 obsequium
856 715 982 775 praestet
998 727 1005 772 ;
1020 708 1192 768 Sacerdotes

85 803 188 871 populo
212 790 343 871 exemplo
364 802 431 868 sint,
453 818 507 856 nec
528 802 613 856 nimis
636 818 667 855 se
692 800 838 870 implicent
858 802 981 871 negotiis
1000 807 1193 863 saecularibus

88 898 208 967 183-184
229 927 266 937 -
279 899 325 954 De
338 898 522 954 ecclesiarum
530 898 642 967 peculio
652 914 720 951 cura
730 896 766 951 sit
777 897 911 965 maxima,
921 898 1094 956 sodalitates
1103 902 1193 959 laicae

84 1000 336 1052 sacerdotumcura
344 997 536 1051 reflorescant.
549 996 762 1065 184.-Quibus
771 997 808 1052 de
818 998 902 1053 rebus
911 1000 1193 1058 consiliaidentidem

85 1093 229 1147 conserant
242 1093 316 1147 inter
329 1109 361 1148 se
374 1094 512 1163 Episcopi
529 1095 587 1158 184.
600 1094 779 1146 -Animum
793 1105 906 1147 sumant
916 1095 1065 1165 Catholici,
1074 1099 1194 1169 vocique

86 1188 228 1243 Pontificis
238 1190 434 1259 obsequantur
446 1190 542 1255 184-
549 1188 714 1243 Pastoribus
722 1200 750 1244 et
761 1188 842 1258 gregi
853 1189 993 1267 propitius
1005 1193 1084 1248 Deus
1092 1194 1193 1261 aderit,

85 1266 134 1335 nec
153 1283 245 1337 deerit
264 1284 466 1336 benevolentia
489 1283 576 1353 Regis
599 1283 722 1351 184-185.
736 1312 772 1323 -
785 1284 934 1338 Orandum
947 1284 1049 1341 suadet
1063 1288 1192 1345 Pontifex

86 1385 112 1429 et
123 1376 267 1431 benedicit
284 1378 342 1446 185.
363 1387 368 1395 '
977 1400 978 1403 ¹

118 1534 167 1583 35.
184 1535 408 1585 LITTERAE
422 1535 696 1586 ENCYCLICAE
710 1536 750 1585 de
764 1538 901 1587 Rosarlo
911 1538 1054 1588 Marlalt.
1070 1564 1104 1573 -

87 1629 105 1677 8
117 1632 200 1692 Sept.
223 1632 315 1682 1893.
1016 1646 1019 1652 ·
1037 1648 1102 1701 pag.
1144 1634 1193 1689 186

120 1760 270 1816 Laetitiam
286 1762 432 1817 Pontificio
445 1760 712 1830 quinquagesimum
726 1746 920 1832 Episcopatus
932 1779 1039 1818 annum
1050 1770 1194 1837 complen-

86 1856 119 1911 tis
131 1860 252 1912 multum
265 1858 342 1912 auxit
356 1859 498 1912 Fidelium
507 1859 625 1914 laetitia.
639 1858 759 1911 Gratum
778 1857 906 1911 animum
926 1870 1046 1914 testatur
1066 1863 1195 1920 Pontifex

86 1970 152 2023 erga
164 1958 263 2009 Deum
275 1966 303 2009 et
318 1956 351 2009 B.
368 1956 406 2008 ll.
420 1956 455 2009 V.
473 1955 530 2009 186.
544 1984 579 1993 -
593 1954 740 2022 Benignae
753 1955 857 2008 Matris
872 1955 979 2009 studuit
999 1957 1061 2026 ipse
1083 1961 1196 2031 saepius
1212 2002 1213 2005 ,

88 2067 253 2117 promovere
262 2052 380 2105 cultum.
395 2050 478 2103 Libet
488 2049 550 2119 jam
560 2049 719 2103 orationem
732 2049 889 2120 babere'de
903 2050 1072 2107 utilitatibus
1083 2055 1197 2111 Rosarii

90 2140 210 2206 188187.
237 2167 273 2177 -
297 2140 411 2191 Bonum
435 2139 518 2193 civile
536 2138 666 2192 Pontifex
688 2137 766 2191 omni
786 2154 841 2208 ope
862 2140 972 2193 curavit
996 2142 1053 2207 187.
1074 2172 1107 2182 -
1128 2146 1196 2200 Tria

87 2227 148 2281 huic
157 2228 235 2281 bono
254 2226 497 2296 perniciosissima
512 2228 569 2292 187.
583 2255 619 2265 -·-
634 2232 660 2279 1⁰
674 2227 826 2280 Modestae
839 2224 915 2280 vitae
927 2237 955 2281 et
969 2238 1105 2284 actuosae
1117 2231 1195 2285 fasti·

88 2314 169 2371 diurn.
182 2316 230 2368 Ex
242 2314 417 2383 negligentia
428 2316 562 2368 virtutum
584 2330 659 2383 quae
680 2330 770 2381 genus
788 2312 865 2366 vitae
885 2329 1036 2369 commune
1049 2330 1195 2387 exornant,

88 2404 171 2457 multa
179 2402 309 2457 oriuntur
321 2402 398 2455 mala
410 2404 439 2455 in
447 2403 554 2469 liberis,
563 2401 594 2455 in
606 2400 764 2471 opificibus,
772 2399 801 2453 in
813 2401 952 2470 ruricolis,
962 2402 1035 2457 inter
1048 2403 1193 2459 civitatum

88 2494 196 2548 ordines
211 2492 372 2559 187·188.-
383 2494 553 2550 Remedium
564 2494 609 2548 his
618 2492 701 2547 malis
709 2492 791 2546 affert
801 2492 953 2546 Rosarium
964 2485 1016 2563 per
1025 2496 1193 2563 gaudiorum

87 2582 220 2646 mysteria
235 2581 293 2635 188.
306 2608 342 2618 —
361 2582 389 2634 N
394 2583 581 2636 azarethanae
600 2580 703 2634 domus
716 2580 879 2650 exemplum
893 2581 1062 2651 proponitur·
1075 2583 1194 2652 singulis

87 2664 258 2734 hominibus,
284 2668 409 2738 familiis,
434 2680 463 2723 et
487 2667 650 2723 civitatibus
673 2667 856 2722 utilissimum
885 2668 943 2721 188.
970 2698 1004 2707 -
1030 2677 1058 2723 2⁰
1085 2672 1195 2727 Horror

88 2752 219 2818 patiendi.
236 2755 320 2809 Multi
332 2771 391 2810 non
404 2756 432 2809 in
445 2755 558 2821 virtute,
572 2756 624 2809 sed
642 2755 671 2807 in
693 2756 854 2824 praesentis
867 2754 944 2809 vitae
957 2756 1195 2815 delectationibus

87 2836 249 2896 felicitatem
285 2854 403 2911 ponunt.
434 2842 564 2896 Maxima
595 2842 663 2895 inde
683 2842 812 2894 oriuntur
838 2842 915 2895 mala
951 2843 1008 2911 189.
1033 2872 1068 2883 -
1105 2846 1195 2901 Rosa·

87 2926 155 2980 rium
174 2946 226 2997 per
238 2929 374 2997 mysteria
386 2929 525 2998 dolorum,
538 2928 707 2997 patientiam
729 2944 783 2981 nos
806 2929 900 2996 docet,
915 2928 1020 2983 Christi
1035 2931 1194 2987 doctrinam

88 3024 114 3066 et
125 3018 288 3085 exemplum
301 3018 472 3089 doloresque
485 3019 517 3071 B.
533 3019 573 3071 M.
587 3018 622 3071 V.
635 3018 719 3070 nobis
733 3034 897 3086 proponens
920 3018 977 3085 189.
998 3046 1032 3057 -
1047 3020 1195 3087 Quaslibet

89 3120 191 3170 poenas
211 3105 322 3161 fortiter
336 3106 434 3161 suffert
448 3106 636 3174 Christianus,
650 3106 757 3159 Christi
779 3106 911 3173 exemplo
924 3116 952 3159 et
965 3106 1058 3175 gratia
1072 3108 1195 3178 adjutus,

89 3199 116 3243 ut
127 3193 282 3247 multorum
296 3203 417 3248 testatur
429 3194 591 3265 exemplum
607 3193 730 3261 189·19o.
741 3222 777 3231 -
789 3198 819 3259 3⁰
833 3193 1004 3246 Futurorum
1014 3210 1087 3261 quae
1100 3212 1196 3265 spera·

89 3294 148 3332 mus
161 3280 277 3336 oblivio.
290 3282 353 3336 Tali
366 3282 510 3336 oblivione
523 3292 639 3335 nostrae
652 3280 755 3335 aetatis
767 3280 899 3334 homines
914 3280 1005 3348 magis
1018 3282 1111 3335 affecti
1131 3296 1196 3339 sunt

88 3382 170 3433 quam
184 3368 239 3438 ipsi
252 3367 359 3423 ethnici
374 3383 433 3436 190.
445 3398 480 3407 -
495 3369 589 3438 Hujus
602 3367 671 3422 mali
684 3384 772 3422 causa
785 3368 938 3437 praecipua
951 3384 1029 3421 error
1042 3378 1084 3422 est
1097 3385 1195 3425 eorum

89 3453 134 3521 qui
156 3466 258 3525 putant
279 3474 329 3526 per
351 3474 450 3511 curam
469 3456 546 3511 vitae
568 3458 678 3511 futurae
701 3455 920 3525 prosperitatem
943 3454 1019 3509 vitae
1038 3458 1196 3524 praesentis

90 3539 226 3612 impediri.
236 3545 294 3598 Res
308 3555 473 3613 praesentes
483 3546 508 3598 si
518 3546 639 3598 honeste
649 3544 690 3597 eis
699 3555 821 3610 utamur,
830 3558 892 3595 cum
903 3542 1003 3596 futuris
1012 3543 1085 3597 miro
1097 3545 1196 3600 ordine

90 3640 304 3698 componuntnr.
328 3632 491 3685 Effrenatus
511 3648 578 3685 vero
600 3648 680 3684 arnor
703 3647 796 3683 rerum
819 3641 1002 3698 terrenarum,
1022 3632 1196 3687 oblivionem

91 3714 160 3780 parit
172 3718 313 3772 bonorum
325 3720 493 3773 coelestium
509 3733 632 3787 190-191.
645 3721 681 3756 -'-
693 3717 795 3770 Talem
805 3716 978 3771 oblivionem
991 3718 1092 3771 avertit
1106 3719 1195 3774 Rosa·

91 3799 167 3871 rium,
180 3805 249 3859 dum
266 3818 393 3861 mentem
413 3818 542 3861 nostram
562 3824 612 3875 per
634 3805 770 3875 mysteria
782 3804 890 3874 gloriae
904 3805 1006 3859 attollit
1020 3806 1057 3859 ad
1076 3808 1195 3862 coelum.

92 3887 178 3944 Terra
201 3894 307 3963 sordet,
327 3911 423 3965 poena
446 3894 592 3960 dulcescit,
610 3893 678 3947 dum
697 3894 808 3945 coelum
834 3892 989 3961 aspicimus
1016 3908 1139 3962 191-192.
1162 3924 1197 3935 -

93 3974 214 4033 Florebit
224 3980 334 4050 civitas,
346 3982 370 4036 si
383 3983 465 4036 coelo
477 3981 579 4035 intenti
592 3981 649 4035 sint
662 3978 794 4033 homines
811 3994 871 4049 19²·
894 4008 929 4018 -
952 3979 1197 4036 Commendantur

93 4062 203 4123 Rosarii
226 4068 370 4139 sodalitia,
392 4068 421 4123 in
443 4069 546 4139 quibus
568 4070 677 4123 fructus
698 4084 733 4126 ex
753 4068 869 4123 laudata
892 4084 976 4139 prece
1001 4068 1196 4138 percipiuntur

93 4149 239 4211 uberiores.
258 4158 407 4212 Sodalium
419 4159 550 4228 exemplo
563 4159 718 4213 invalescet
731 4159 809 4227 apud
827 4168 937 4212 ceteros
955 4157 1068 4211 fideles
1083 4158 1196 4212 Rosarii

92 4240 181 4294 cultus
196 4259 317 4315 192·193.
327 4276 363 4286 -
373 4247 475 4316 Sperat
486 4248 617 4302 Pontifex
626 4256 790 4317 praesentes
805 4246 914 4301 litteras
924 4246 1125 4300 saluberrimas
1135 4247 1196 4302 fore

94 4324 204 4384 familiis
216 4344 244 4387 et
256 4333 378 4404 populis.
392 4335 543 4390 Benedicit
558 4350 616 4403 193.
654 4355 657 4360 ·
