3117 4859
255 702 549 762 nu1uss1uuo
573 701 626 760 ru
651 702 933 764 cuonovnm
954 705 1100 765 uacus

395 865 561 923 Fessus
585 863 969 926 SAECULARIBUs.

348 1010 603 1021 ..........................
761 1012 1198 1022 .........................................

123 1184 404 1402 ῌΜἙΑΟΝΙ
443 1179 722 1242 commemoratio
754 1190 904 1256 eventus,
943 1181 987 1242 de
1021 1200 1086 1262 qua
1123 1179 1234 1244 Gallia
1329 1226 1346 1271 3

122 1263 147 1407 ἓ
173 1295 257 1454 Μ
331 1282 496 1346 catholica
523 1282 689 1363 insignem
707 1283 820 1364 capiat
837 1283 1002 1347 laetitiam
1020 1294 1053 1347 et
1079 1283 1234 1363 fructum,
1300 1285 1374 1396 {3⁴9}

122 1409 148 1480 q
282 1407 308 1482 p
331 1386 508 1468 auspicato
532 1383 644 1450 sutura
669 1396 720 1449 est
749 1387 812 1449 sub
840 1389 971 1450 exitum
990 1388 1128 1452 huiusce
1143 1389 1233 1464 anni,
1285 1373 1413 1498 ζώω

123 1483 311 1558 &numid
334 1489 477 1553 solemni
493 1489 568 1570 ipso
584 1489 638 1552 die
657 1488 816 1554 Natalem
843 1489 969 1556 Christi
988 1490 1128 1555 Domini
1149 1491 1233 1555 rele-
1259 1512 1378 1629 {ti‘jsss'ss'ss

122 1715 272 1789 apparet,
288 1723 328 1766 eo
345 1711 499 1782 tempore
515 1698 685 1764 saeculum
703 1700 869 1764 condetur
884 1712 1044 1783 quartum
1062 1702 1232 1767 decimum

123 1832 168 1875 ex
185 1830 253 1892 quo
269 1808 480 1873 Clodovaeus
500 1804 704 1868 Francorum
732 1826 803 1882 rex,
819 1805 885 1869 Dei
902 1807 1111 1889 providentis
1128 1808 1234 1870 admi·

125 1913 219 1978 rabili
237 1910 382 1992 impulsu
400 1919 573 1992 permotus
597 1918 632 1972 ut
649 1928 771 1971 vanam
789 1910 932 1972 eiuraret
959 1910 1233 1991 superstitionem

124 2019 263 2082 deorum
281 2015 450 2096 fidemque
466 2013 685 2077 christianam
702 2012 896 2094 susciperet,
911 2013 1048 2076 salutari
1066 2034 1233 2096 regenera-

127 2122 226 2185 tionis
241 2121 372 2184 lavacro
387 2128 438 2182 est
456 2117 705 2199 religiosissime
722 2117 866 2182 ablutus.
884 2119 925 2181 Id
943 2138 1066 2200 nempe
1082 2117 1235 2199 contigit,

125 2226 157 2289 in
177 2226 336 2307 primario
362 2223 490 2305 templo
508 2223 691 2286 Rhemensi
719 2224 852 2305 rituque
876 2222 1102 2301 celeberrim0,
1129 2244 1233 2305 quum

125 2349 284 2396 unacum
303 2328 361 2390 illo
377 2348 507 2391 sorores
524 2327 611 2390 duae
628 2327 739 2409 regiae
755 2336 789 2389 et
806 2327 932 2390 milites
947 2328 990 2390 ad
1002 2328 1066 2390 tria
1082 2327 1187 2391 millia
1200 2331 1233 2390 in

124 2431 273 2495 eiusdem
280 2431 408 2513 gratiae
420 2430 619 2492 accesserint
630 2429 903 2492 communionem
917 2454 923 2493 :
936 2438 1106 2494 tantorum
1119 2439 1233 2494 autem

125 2557 301 2600 munerum
328 2535 526 2600 administer
544 2535 718 2616 Remigius
734 2533 808 2611 suit,
824 2535 980 2599 Antistes
1006 2545 1141 2599 sanctus
1163 2537 1234 2599 eius
1285 2601 1348 2647 SR
1392 2603 1396 2611 ,

123 2642 260 2706 inclitae
276 2640 444 2704 ecclesiae.
463 2639 551 2703 Turn
569 2638 659 2702 haud
676 2637 781 2720 longo
805 2648 959 2721 tempore
974 2648 1026 2703 est
1043 2639 1179 2715 factum,
1196 2648 1240 2703 ut·
1255 2615 1406 2718 {arleff-”⁶

123 2764 185 2806 rex
202 2745 282 2827 ipse,
308 2753 462 2807 nontam
489 2741 609 2805 bellica
626 2741 748 2804 virtute
775 2761 836 2805 sua
863 2741 1019 2822 civilique
1044 2741 1233 2824 prudentia,
1257 2727 1410 2838 ffl'jss‘ffw

122 2868 224 2929 quam
241 2846 408 2928 praesenti
426 2847 528 2910 fretus
544 2844 672 2909 auxilio
686 2844 820 2924 Christi,
829 2865 948 2909 omnes
965 2845 1032 2908 fere
1043 2845 1230 2910 Galliarum
1254 2841 1404 2958 ffifljm

122 2962 233 3031 partes
249 2953 345 3032 quasi
361 2951 524 3015 distracta
541 2952 692 3014 membra
713 2970 815 3014 unum
833 2952 866 3013 in
883 2971 1006 3033 corpus
1023 2971 1231 3033 regnumque
1259 2961 1371 3010 lumento.

122 3055 351 3133 coniunxerit;
367 3056 457 3137 quod
476 3074 626 3136 regnum,
643 3056 794 3118 eiusdem
809 3055 980 3136 religionis
997 3053 1093 3120 felice
1114 3056 1156 3132 vi,
1172 3055 1231 3118 flo-

121 3176 193 3221 rere
216 3160 329 3242 coepit
345 3180 384 3223 ac
412 3160 473 3222 niti
490 3161 532 3222 ad
561 3160 748 3240 potentiam
773 3160 975 3242 egregieque
992 3159 1111 3221 mereri
1128 3161 1171 3222 de
1197 3180 1231 3223 re

120 3261 295 3326 catholica.
319 3301 362 3312 -
379 3264 457 3327 Non
484 3262 585 3345 igitur
609 3263 681 3326 sine
702 3282 821 3326 caussa
847 3261 1025 3340 affirmant,
1041 3264 1075 3324 in
1092 3283 1133 3326 eo
1157 3263 1231 3346 ipso
1257 3323 1376 3378 imusque

121 3369 409 3433 commemorabili
437 3369 643 3450 baptismate
675 3378 784 3433 totam
816 3368 914 3432 simul
948 3367 1094 3433 Galliam
1130 3367 1232 3432 fuisse
1254 3383 1385 3450 proram-

119 3471 376 3552 quodammodo
411 3485 618 3549 renovatam,
644 3481 911 3556 consecutaeque
939 3473 1132 3556 peramplae
1160 3473 1231 3535 eius
1251 3454 1377 3560 miii.

120 3573 330 3639 claritudinis
348 3577 426 3641 inde
442 3577 615 3641 exstitisse
647 3577 840 3658 primordia.
874 3579 951 3641 lure
987 3587 1165 3660 propterea
1198 3586 1231 3640 et
1257 3559 1410 3666 ww

121 3681 241 3744 merito
253 3681 416 3746 laustitati
429 3681 621 3745 huiusmodi
633 3682 856 3746 celebrandae
867 3681 1229 3768 singularia-quaedam

119 3796 326 3868 apparantur
350 3786 524 3863 solemnia,
548 3787 722 3849 excitante
748 3785 962 3869 potissimum
992 3786 1117 3851 dilecto
1143 3787 1231 3851 Filio

121 3889 249 3952 Nostro
270 3889 464 3953 ·Benedicto
490 3890 598 3953 Maria
624 3889 658 3953 S.
688 3890 729 3953 R.
756 3889 797 3953 E.
825 3890 1026 3974 Presbytero
1059 3890 1231 3956 Cardinali

119 3995 354 4079 Langdnieux,
372 3993 638 4076 Archiepiscopo
656 3993 850 4057 Rhemensi.
868 3993 968 4073 Sane,
983 3995 1012 4058 si
1029 3995 1136 4059 multa
1152 4005 1233 4059 sunt

119 4118 155 4173 et
171 4107 297 4172 nobilia
314 4108 470 4171 instituta
483 4126 757 4189 rerum,quorum
771 4107 866 4171 initia
877 4107 962 4172 sesta
978 4108 1111 4172 soleant
1123 4129 1232 4173 recor·

120 4213 259 4277 datione
286 4212 417 4294 agitari,
434 4210 515 4274 nihil
543 4211 728 4295 quidquam
746 4220 797 4275 est
825 4212 974 4294 aequius,
990 4212 1072 4276 nihil
1094 4212 1232 4294 dignius

123 4325 273 4400 quamut
284 4316 699 4397 natioquaepiamstatuat
711 4315 1081 4397 perinsuetaslaetitias
1091 4335 1231 4393 annum,
