3117 4859
419 438 441 446 ’
494 502 814 585 nprsrotn
1170 500 1174 607 g

130 751 134 756 ,
410 683 468 742 An
492 682 670 743 Braslllae
693 683 898 757 Episcopus
1171 765 1175 773 ⁴

192 835 259 897 us:
279 835 506 897 uacuum
533 836 585 896 ru
614 836 652 897 S.
672 835 811 898 sums
840 837 1116 899 suusrnrunr

477 1030 826 1094 CONFERENDA.

507 1158 585 1166 Ψ

1168 1085 1172 1092 .

1168 1104 1172 1112 ‹

1168 1125 1172 1132 .

131 1173 164 1180 ...ι
181 1173 205 1178 -rr
223 1174 224 1178 r
284 1174 306 1178 --·
346 1175 347 1178 r
376 1175 377 1178 r
415 1175 426 1178 rr
446 1174 518 1180 -vr·=···
546 1174 628 1180 murti-t.
645 1173 650 1181 ι
695 1171 879 1182 -ηινιιυι-ΙΗᾸἸΙΗ
896 1175 949 1182 ιιιιιι
986 1175 1172 1182 νῐνιιηι-ἠιιινι-Ιι

109 1204 113 1234 ;
145 1205 161 1224 ,1
183 1206 197 1223 ,ι
220 1205 237 1223 Ar
258 1205 274 1223 ,ν
295 1205 308 1222 Ἰ
331 1205 349 1224 ,ν’
369 1205 387 1222 Ἀ
405 1211 410 1224 t
441 1205 461 1224 0¹1
479 1205 497 1224 ,Ιν
516 1206 534 1224 ,Α
553 1207 572 1225 ,1.
601 1207 608 1214 ’⁸
637 1207 645 1216 μ
674 1209 678 1216 1
710 1209 715 1216 Ι
746 1207 756 1216 1.
784 1207 793 1216 fl
811 1207 828 1226 ,ν
847 1207 866 1225 ,μ
885 1207 904 1225 Ἰ·
922 1207 937 1224 Ἰ
959 1207 979 1225 ⁴0*
1007 1207 1015 1214 h
1043 1207 1052 1215 ἠ
1079 1207 1089 1216 Ιν
1154 1179 1207 1253 ’Νὴ

250 1331 366 1396 teostt
389 1343 457 1405 qua
479 1332 670 1407 temporum
693 1323 876 1387 acerbitate
900 1322 1056 1387 Vicarius
1080 1322 1203 1389 Christi
1270 1335 1334 1437 υἷϊ

146 1432 225 1591 Ν
303 1424 489 1504 afflictetur,
505 1428 567 1492 hac
583 1428 684 1492 etiam
701 1429 744 1492 de
755 1447 884 1505 caussa,
895 1428 995 1510 quod,
1013 1428 1201 1512 principatu
1270 1449 1343 1513 1894·

121 1384 253 1646 [Ι
303 1530 390 1595 civili
414 1532 478 1596 sibi
495 1531 635 1616 pervim
653 1542 779 1616 erepte,
796 1536 862 1596 una
878 1530 1094 1596 facultatibus
1119 1533 1200 1596 satis
1260 1566 1381 1628 om„

303 1636 424 1718 amplis
450 1635 621 1719 spoliatus
648 1638 700 1716 sit,
722 1657 863 1721 quarum
891 1656 957 1720 ope
983 1637 1140 1709 utebatur
1162 1637 1204 1702 ad
1231 1630 1371 1707 neFr'derfs

97 1738 332 1822 Apostolicum
357 1760 479 1805 munus
495 1742 619 1806 maiore
634 1762 710 1807 cum
727 1742 893 1825 dignitate
909 1752 943 1806 et
959 1741 1114 1806 ubertate
1129 1742 1203 1805 iuu-
1226 1704 1381 1811 pffiripr·

96 1843 254 1924 gendum.
282 1843 518 1910 Collaudanda
541 1866 621 1910 vero
647 1854 698 1910 est
725 1844 875 1911 lidelium
891 1866 937 1909 ex
951 1844 1033 1909 orbe
1050 1846 1205 1910 universo
1231 1827 1380 1905 pgmsubvae-

97 1948 215 2028 pietas,
236 1948 303 2031 qui,
327 1948 473 2013 Pastoris
495 1950 618 2013 summi
634 1951 740 2014 vicem
757 1948 922 2027 dolentes,
937 1950 1027 2033 quod
1045 1950 1204 2033 iniquitas
1230 1894 1381 2035 allm-

98 2051 299 2137 abripuerat,
323 2052 386 2135 ipsi
411 2063 533 2135 sponte
557 2053 707 2118 sufficere
729 2075 791 2137 pro
806 2054 931 2119 viribus
947 2054 1060 2119 conati
1077 2064 1155 2119 sunt
1171 2063 1204 2118 et
1230 2024 1383 2154 filla-⁶²52,

98 2166 271 2222 conantur.
298 2158 383 2221 Inde
402 2158 575 2240 petrianae
597 2158 691 2241 stprk
715 2159 878 2243 paulatim
900 2159 1024 2241 ubique
1051 2160 1205 2225 instituta
1229 2158 1379 2219 vr’merepro.

99 2262 191 2341 ratio,
207 2262 416 2328 exordientis
433 2262 604 2327 Ecclesiae
620 2262 765 2327 reterens
776 2264 951 2328 caritatem
968 2282 1076 2345 ;quae
1086 2264 1203 2347 quanti

98 2386 183 2433 nuuc
200 2368 244 2431 sit
261 2367 294 2431 in
311 2366 513 2432 christianae
528 2369 574 2431 rei
591 2368 770 2433 utilitatem
790 2368 959 2446 momenti,
976 2378 1131 2451 apertum
1143 2378 1202 2434 est.

100 2470 172 2537 Hac
196 2472 309 2538 Nobis
332 2472 517 2538 volentium
534 2472 679 2538 liliorum
696 2475 794 2556 stipe,
810 2473 925 2538 multis
940 2474 1078 2556 quidem
1094 2474 1203 2557 gravi·
1258 2524 1380 2573 Pluribus

98 2575 226 2658 busque
250 2574 351 2640 officii
380 2577 637 2641 necessitatibus
664 2578 840 2661 providere
867 2579 934 2642 iam
961 2577 1107 2642 datum:
1133 2578 1204 2655 sed,
1229 2590 1368 2639 radesta-

98 2699 196 2760 quum
227 2680 325 2745 latior
350 2681 382 2745 in
410 2682 481 2745 dies
504 2692 620 2764 pateat
636 2701 775 2764 campus
792 2681 835 2745 ad
852 2682 1009 2746 virtutem
1028 2682 1202 2747 ministerii
1229 2655 1328 2771 m?
1340 2656 1379 2705 '³¹'

98 2782 213 2849 Nostri
240 2784 490 2867 explicandam,
506 2805 588 2849 sane
603 2784 783 2869 prohibent
803 2786 979 2868 angustiae
995 2805 1104 2849 rerum
1120 2806 1201 2869 quo·
1313 2758 1321 2781 ’

98 2890 206 2955 minus
222 2911 283 2974 pro
299 2889 416 2954 ardore
430 2890 587 2954 desiderii
596 2909 744 2973 agamus.
757 2928 801 2938 —
813 2890 851 2954 ld
863 2910 998 2955 cernere
1007 2892 1201 2973 praesertim

98 2994 171 3059 licet
198 2996 232 3058 in
259 2993 479 3060 orientalibus
505 2993 659 3078 populis,
685 2996 728 3059 ad
751 3014 837 3078 quos
854 2994 920 3058 iam
938 2995 995 3060 diu
1012 2994 1203 3077 appulimus

97 3100 335 3182 cogitationem
363 3110 411 3177 ut,
438 3099 549 3182 quoad
576 3100 610 3162 in
636 3099 733 3163 nobis
761 3109 821 3178 est,
837 3110 999 3182 tempora,
1015 3098 1202 3181 opitulante

99 3201 181 3282 Deo,
196 3214 403 3268 maturemus
419 3202 462 3265 ad
478 3203 681 3267 dissidentes
697 3202 884 3267 Nobiscum
897 3203 1096 3284 iungendos.
1113 3202 1203 3266 Huic

98 3315 208 3372 autem
236 3307 450 3390 assequendo
474 3307 574 3385 bono,
600 3326 659 3389 per
686 3327 744 3372 eas
771 3307 925 3390 regiones
952 3305 1055 3370 cultui
1087 3304 1203 3370 divino

98 3412 249 3495 prospici,
265 3411 407 3494 collegia
424 3408 617 3474 clericorum
635 3412 745 3489 condi,
761 3411 895 3475 scholas
908 3409 1039 3494 aliaque
1051 3411 1083 3474 id
1096 3429 1202 3492 genus

98 3514 248 3581 instituta
274 3515 416 3593 fundari,
439 3515 590 3579 subsidia
616 3515 767 3598 praeberi
794 3514 981 3598 Episcopis,
996 3526 1047 3579 est
1063 3514 1202 3579 omnino

98 3639 239 3689 necesse.
263 3621 420 3687 Secunda
448 3620 586 3705 quidem
615 3622 729 3686 favent
756 3621 922 3701 exordia;
947 3620 998 3684 his
1025 3628 1138 3685 tamen
1164 3633 1202 3686 ut
1222 3640 1348 3705 praerat

99 3728 243 3792 exordiis
269 3726 550 3801 obsecundemus,
564 3746 661 3809 pares
687 3740 916 3810 nequaquam·
931 3744 1047 3789 sumus
1063 3750 1070 3790 ε
1085 3745 1200 3809 quam·
1227 3707 1342 3836 22:⁸²2?
1369 3798 1378 3812 ·

99 3830 209 3895 obrem
226 3831 355 3897 auxilio
365 3830 472 3895 Nobis
483 3829 667 3894 catholicos
677 3850 795 3895 omnes
806 3850 879 3893 esse
891 3838 1026 3911 oportet
1036 3838 1107 3894 tum
1121 3829 1202 3894 fusis
1226 3838 1261 3888 rr'r
1273 3788 1358 3887 donti-

99 3933 141 3996 ad
165 3935 275 4000 Deum
304 3935 467 4017 precibus,
494 3944 567 3999 tum
596 3932 696 3996 etiarn
722 3934 848 3997 collata
869 3953 973 4015 opera
989 3933 1031 3997 ad
1048 3941 1202 4015 sumptus
1219 3902 1277 3968 sex,

101 4040 370 4122 suppeditandos.
398 4038 576 4102 Incumbet
601 4045 714 4100 autem
730 4037 873 4120 quisque
891 4036 1047 4101 libentior
1064 4036 1097 4099 in
1114 4036 1201 4100 hauc

101 4138 240 4221 laudem,
263 4142 320 4227 qui
347 4161 460 4206 secum
488 4150 619 4223 reputet
645 4140 819 4221 regionum
836 4160 950 4205 earum
967 4158 1120 4203 caussam
1136 4139 1201 4223 agi,

102 4262 183 4324 quae
198 4246 322 4314 Christi
340 4246 414 4310 lesu
431 4245 581 4327 vestigiis
595 4243 773 4308 dedicatae
789 4253 878 4317 sunt,
892 4264 938 4306 ex
953 4242 1075 4325 quibus
1091 4242 1201 4305 Evan-

104 4348 178 4425 gelii
203 4349 315 4413 lumen
343 4348 462 4413 ceteris
480 4347 639 4430 gentibus
655 4358 705 4411 est
721 4349 900 4410 invectum.
916 4380 960 4395 -
976 4344 1202 4426 Exploratum
1229 4370 1381 4422 murinum
