3117 4859
318 356 364 428 92
565 353 858 407 innumeremus
887 356 934 405 ut
961 357 1180 409 PRIVILEGIA

466 505 553 569 Item
570 506 688 569 dicbus
704 503 799 568 festis

383 620 439 673 110
453 608 486 676 S.
505 608 628 692 Ioseph
648 606 773 691 Sponsi
787 608 825 675 B.
839 611 886 675 M.
896 609 938 673 V.
954 610 1009 673 die
1025 610 1280 693 undevigesima
1295 610 1429 673 mensis

489 712 612 779 Martii.

382 828 438 880 12⁰
454 815 635 881 Patrocinii
659 817 819 893 eiusdem,
837 815 1018 884 Dominica
1032 820 1131 884 tertia
1144 828 1222 902 post
1239 816 1380 882 Pascha.

381 932 438 1002 13⁰
453 920 735 1003 Desponsationis
755 922 792 985 B.
809 924 855 987 M.
875 922 917 987 V.
935 924 990 988 die
1002 923 1166 1009 vigesima
1183 922 1282 987 tertia
1299 922 1431 985 mensis

490 1025 646 1089 Ianuarii.

359 1148 420 1212 IV.
433 1146 499 1211 Die
513 1145 599 1209 sesto
611 1145 738 1209 titulari
755 1146 930 1211 universae
947 1146 1227 1213 Consociationis.

379 1269 422 1336 V.
433 1271 499 1334 Die
512 1289 571 1350 per
590 1288 722 1332 menses
738 1268 889 1350 singulos
905 1267 1070 1332 sodalium
1093 1268 1231 1331 arbitrio
1247 1268 1409 1349 eligendo
1423 1286 1433 1345 ;

312 1374 500 1438 dummodo
518 1392 633 1437 mense
649 1372 724 1455 ipso
738 1373 772 1435 in
791 1370 926 1435 familiis
939 1372 1160 1456 praescriptas
1177 1391 1291 1453 preces
1307 1391 1429 1437 coram

314 1479 438 1545 Sacrae
455 1475 618 1541 Familiae
641 1478 789 1559 imagine
805 1498 871 1542 una
888 1477 987 1540 simul
1005 1475 1226 1542 recitaverint.

356 1598 417 1664 VI.
435 1599 608 1663 Morituris
622 1599 661 1678 si,
676 1619 743 1663 non
759 1607 936 1682 compotes
962 1616 1056 1661 sacra
1073 1595 1295 1661 Confessione
1317 1604 1427 1679 atque

314 1704 537 1782 Eucharistia,
552 1704 656 1767 animi
682 1703 801 1767 dolore
831 1702 947 1786 culpas
973 1701 1193 1784 expiaverint,
1209 1711 1243 1764 et
1267 1711 1429 1763 sanctum

313 1828 438 1873 nomen
458 1808 532 1873 Iesu
545 1818 604 1873 aut
620 1828 710 1887 voce,
726 1818 785 1873 aut
801 1810 828 1870 si
842 1807 933 1890 loqui
955 1826 1055 1889 posse
1070 1805 1239 1883 desierint,
1249 1806 1431 1871 voluntate

313 1912 574 1996 imploraverint.

774 2000 967 2059 partiales.

865 2129 889 2195 l.

318 2252 535 2427 SODALES
566 2253 836 2320 Consociationis
863 2252 987 2318 Sacrae
1016 2252 1180 2318 Familiae
1205 2274 1249 2319 ex
1274 2263 1420 2333 utroque

408 2379 493 2422 sexu
511 2358 643 2443 singuli,
667 2357 725 2441 qui
747 2358 849 2421 corde
879 2357 998 2421 saltem
1025 2358 1159 2423 contriti
1187 2356 1421 2421 Parochialem

315 2459 512 2539 Ecclesiam,
528 2462 561 2525 in
579 2481 645 2544 qua
668 2472 719 2525 est
742 2462 839 2524 sedes
855 2458 1123 2527 Consociationis
1150 2462 1344 2537 constituta,
1367 2460 1423 2523 vel

312 2564 450 2647 aliquod
466 2564 631 2647 templum
644 2566 868 2629 sacrariumve
877 2565 1128 2643 celebraverint,
1141 2566 1284 2649 Deoque
1297 2586 1358 2647 pro
1374 2566 1423 2628 rei

312 2668 514 2736 christianae
538 2669 771 2734 incolumitate
798 2670 1069 2753 supplicaverint,
1086 2668 1204 2734 lucrari
1234 2670 1365 2751 possint
1387 2676 1425 2733 et

312 2775 447 2839 valeant
464 2774 622 2857 partiales
639 2774 867 2859 indulgentias
884 2785 1014 2857 septem
1032 2794 1195 2839 annorum
1213 2775 1428 2855 totidemque

314 2880 609 2973 quadragenarum

405 2985 520 3054 1⁰'Die
545 2987 760 3056 Visitationis

399 3106 436 3163 20
451 3094 518 3157 Die
544 3096 830 3160 Praesentationis
890 3094 926 3159 B.
943 3095 989 3159 M.
1011 3094 1055 3162 V.

399 3203 518 3285 30Die
550 3198 730 3265 Patrocinii

396 3325 436 3395 4⁰
452 3312 615 3398 Quolibet
638 3310 694 3373 die
719 3308 821 3373 iidem
847 3309 980 3373 sodales
1007 3328 1072 3372 una
1099 3309 1199 3373 simul
1228 3312 1261 3373 in
1279 3308 1426 3392 propriis

487 3411 622 3476 familiis
634 3410 812 3497 adscriptis
824 3410 1029 3495 congregati,
1046 3421 1125 3478 ante
1153 3413 1335 3497 imaginem
1358 3412 1419 3479 Sa·

487 3534 563 3580 crae
580 3514 743 3579 Familiae
766 3524 872 3579 statas
888 3535 1003 3597 preces
1019 3518 1121 3581 corde
1143 3518 1290 3581 contrito
1306 3516 1425 3580 recita-

489 3619 605 3686 verint.

402 3739 438 3808 5⁰
454 3726 594 3799 Diebus,
621 3723 742 3807 quibus
787 3722 919 3787 sodales
947 3725 1157 3788 interfuerint
1200 3724 1424 3789 conventibus

488 3849 573 3913 quos
588 3826 705 3892 haberi
721 3826 910 3908 contigerit.

849 3948 893 4012 II.

326 4040 469 4213 IIDEM
485 4036 617 4102 sodales
642 4035 871 4118 indulgentias
903 4036 1071 4100 lucrentur
1098 4047 1325 4101 trecentorum
1354 4036 1423 4100 die-

394 4165 466 4209 rum
480 4142 612 4227 quoties
635 4141 736 4206 corde
751 4140 894 4203 contrito
920 4149 1116 4223 sequentem
1130 4139 1329 4207 Orationem
1345 4150 1427 4204 ante

315 4250 498 4333 imaginem
523 4245 647 4312 Sacrae
675 4243 838 4308 Familiae
868 4263 1083 4328 quocumque
1113 4246 1275 4309 idiomate
1306 4244 1423 4309 recita·

316 4356 434 4422 verint.
