3117 4859
426 397 478 448 DE
499 397 618 449 secta
636 398 859 451 MASSONUM.
1128 393 1196 463 123

88 552 197 611 sectae
212 542 403 606 teterrimae
414 543 555 607 insidias
570 544 669 608 :illud
682 565 818 629 quoque
829 544 1064 621 necessarium,
1081 560 1196 625 capes·
1291 572 1309 619 3

89 666 158 711 sere
172 665 322 728 pugnam
339 668 346 710 ε
362 646 464 729 idque
480 647 624 729 sumptis
639 668 660 711 a
676 645 742 713 fide
767 648 883 712 divina
909 647 1012 711 armis
1041 645 1081 709 iis
1106 645 1197 728 ipsis,
1262 631 1335 748 ξὸξξ·

90 770 173 835 quae
209 750 291 814 olim
330 759 450 814 contra
485 750 715 817 ethnicismum
752 750 941 817 valuerunt.
980 751 1197 835 Quapropter
1222 806 1373 849 mmm

90 864 236 919 uestrum
252 863 313 929 cst,
328 854 549 920 Venerabiles
566 857 710 934 Fratres,
729 857 913 922 accendere
938 858 1105 933 suasione,
1121 856 1196 921 hor·
1222 866 1374 941 daesfsectar

91 971 169 1037 tatu,
178 959 339 1041 exemplo
347 960 539 1026 animoszet
549 959 582 1024 in
594 959 695 1025 Clero
705 962 901 1045 populoque
917 969 1033 1025 nostro
1046 960 1196 1025 studium
1218 931 1373 1061 {fam

90 1064 256 1149 religionis
271 1063 457 1148 salutisque
473 1064 586 1130 fovere
596 1086 788 1148 operosum,
798 1074 967 1144 constans,
978 1066 1198 1147 impavidum,
1223 1062 1265 1111 da·
1283 1062 1372 1111 aruris.

89 1168 273 1233 cuiusmodi
289 1169 380 1249 apud
397 1167 582 1233 catholicos
599 1188 643 1233 ex
659 1168 819 1251 gentibus
835 1168 955 1233 ceteris
973 1169 1006 1232 in
1031 1167 1197 1238 similibus
1308 1228 1314 1239 ,

88 1272 211 1337 caussis
241 1269 333 1335 haud
364 1292 440 1335 raro
471 1272 626 1336 videmus
656 1272 850 1339 enitescere.
882 1273 1053 1337 Ardorem
1093 1272 1198 1338 animi
1224 1230 1364 1357 reims

91 1375 264 1459 pristinum
288 1375 323 1437 in
348 1373 415 1438 fide
440 1374 531 1439 avita
557 1376 695 1452 tuenda,
721 1375 825 1458 vulgo
856 1375 952 1441 aiunt
979 1376 1070 1456 apud
1099 1375 1197 1439 italas
1224 1358 1374 1487 xm

91 1489 203 1563 gentes
219 1477 434 1543 deferbuisse.
459 1478 533 1542 Nec
559 1478 701 1543 tortasse
726 1478 839 1544 salso:
865 1488 1045 1563 propterea
1061 1480 1153 1563 quod
1170 1479 1197 1542 si
1223 1489 1349 1538 toadcer-

92 1584 275 1647 animorum
291 1581 426 1647 habitus
442 1582 612 1666 utrimque
627 1593 807 1665 spectetur,
823 1582 899 1666 plus
922 1584 1063 1667 quidem
1081 1584 1197 1647 viden·
1222 1554 1346 1679 {ma

92 1696 143 1750 tur
164 1686 326 1751 adhibere
350 1688 580 1752 contentionis
606 1688 664 1771 qui
696 1688 845 1753 inferunt
881 1688 1033 1771 religioni
1061 1688 1198 1765 bellum,
1223 1685 1351 1761 nefariu-

93 1809 186 1871 quam
204 1790 262 1872 qui
287 1790 494 1873 propulsant
522 1791 573 1854 At
600 1811 679 1857 vero
704 1790 847 1855 salutem
877 1791 1089 1874 cupientibus
1115 1790 1196 1854 nihil
1222 1752 1369 1865 {5222ssss

92 1893 234 1958 medium
250 1894 339 1957 inter
353 1892 560 1959 laboriosum
590 1902 762 1958 certamen
791 1902 850 1958 aut
873 1892 1059 1958 interitum.
1078 1893 1197 1976 ltaque
1223 1882 1366 1996 Effia‘o·

92 1998 121 2058 in
138 1998 335 2061 socordibus
362 2008 396 2063 et
422 1998 593 2081 languidis
620 1999 814 2076 excitanda,
839 1998 934 2062 vobis
957 1998 1198 2075 adnitentibus,
1220 1954 1371 2089 {amberras

94 2102 189 2166 virtus
206 2111 259 2166 est
277 2126 284 2165 :
300 2106 335 2167 in
351 2104 505 2181 strenuis,
521 2103 649 2168 tuenda
667 2126 675 2166 :
700 2104 892 2187 pariterque
920 2103 1013 2168 omni
1040 2102 1197 2166 dissidio·
1223 2078 1368 2128 ''mam''

96 2224 162 2269 rum
188 2208 345 2271 extincto
371 2207 508 2286 semine,
539 2206 752 2271 efficiendum
780 2217 817 2271 ut
842 2208 947 2271 ductu
972 2207 1197 2289 auspiciisque

94 2312 205 2376 vestris
223 2332 290 2376 una
305 2332 424 2377 omnes
440 2323 555 2378 mente
568 2313 755 2395 eademque
771 2312 950 2395 disciplina
966 2313 1000 2375 in
1026 2320 1194 2377 certamen

94 2412 239 2479 animose
260 2415 478 2480 descendant.

132 2516 304 2583 Gravitate
330 2518 388 2595 rei,
411 2518 680 2601 prohibendique
715 2518 855 2599 periculi
892 2520 1093 2581 necessitate
1123 2538 1196 2602 per·
1262 2545 1320 2597 Una

93 2629 209 2705 specta,
236 2622 345 2705 ipsum
376 2621 495 2685 Italiae
522 2622 686 2703 populum
715 2620 919 2703 compellare
947 2620 1065 2684 litteris
1082 2620 1194 2685 decre·
1223 2619 1360 2726 ‘mm'

94 2727 262 2789 vimua-
285 2724 354 2788 Eas
381 2724 510 2788 litteras
534 2744 602 2788 una
629 2744 706 2789 cum
734 2723 787 2789 his
813 2725 855 2787 ad
884 2742 953 2803 vos,
977 2724 1197 2788 Venerabiles
1222 2692 1374 2802 {ruffin

94 2826 228 2905 Fratres,
243 2827 434 2892 curavimus
450 2826 688 2910 perferendas:
705 2827 835 2910 eritque
851 2826 1050 2910 diligentiae
1065 2838 1198 2893 vestrae
1223 2816 1289 2937 {js'eaj
1299 2808 1365 2937 {2²2¹

94 2952 188 3015 quam
213 2931 378 2997 latissime
401 2951 588 3015 propagare
612 2931 647 2995 in
673 2931 804 3013 vulgus,
828 2930 977 3013 itemque
1006 2943 1198 3016 opportuna
1223 2940 1300 3016 scutis
1316 2939 1375 2987 nut-

94 3036 337 3118 explanatione,
352 3034 410 3099 ubi
425 3054 511 3117 opus
539 3054 612 3098 esse
632 3033 796 3113 videatur,
821 3034 948 3117 populo
975 3035 1197 3117 interpretari.
1219 3004 1374 3133 2²22}ss

95 3138 167 3221 Qua
188 3139 327 3217 ratione,
350 3140 398 3203 ita
425 3139 514 3203 adsit
537 3137 703 3221 propitius
729 3138 833 3215 Deus,
859 3157 937 3221 spes
961 3148 1012 3201 est
1039 3136 1198 3218 futurum,
1220 3136 1326 3197 ganum.

94 3254 128 3308 ut
142 3245 332 3309 excitentur
346 3244 451 3310 animi
468 3244 694 3326 prementium
718 3242 1009 3327 contemplatione
1022 3244 1198 3321 malorum,

97 3358 126 3413 et
139 3350 181 3413 ad
192 3350 350 3426 remedia,
364 3369 452 3433 quae
464 3348 697 3425 indicavimus,
709 3367 783 3412 sese
799 3347 872 3412 sine
887 3346 1104 3411 cunctatione
1119 3366 1197 3411 con-

96 3460 229 3517 vertant.

133 3553 332 3619 Divinorum
361 3574 537 3620 munerum
563 3555 747 3638 auspicem,
773 3562 808 3617 et
835 3552 1093 3618 benevolentiae
1125 3554 1198 3617 No·

95 3667 177 3723 strae
192 3668 324 3736 testem,
350 3659 456 3738 vobis,
482 3658 702 3724 Venerabiles
728 3659 874 3736 Fratres,
902 3658 1103 3741 populisque
1120 3656 1203 3723 fidei·

95 3771 218 3827 vestrae
229 3764 439 3842 concreditis,
451 3763 685 3848 Apostolieam
697 3763 970 3828 benedictionem
984 3773 1198 3845 peramanter

97 3866 311 3949 impertimus.

135 3970 262 4037 Datum
295 3970 426 4037 Romae
456 3974 548 4057 apud
581 3972 614 4039 S.
644 3974 780 4037 Petrum
813 3972 867 4037 die
898 3986 967 4037 vm
1000 3974 1199 4038 Decembris

98 4074 538 4154 uocccxc11,P0ntificatus
556 4076 673 4141 Nostri
690 4096 781 4140 anno
796 4074 929 4141 decimo
946 4077 1074 4159 quinto.

751 4220 847 4287 LEO
872 4222 936 4286 PP.
961 4220 1064 4283 Xlll.
