3117 4859
364 329 435 418 248
461 349 722 403 cousrrrumo
732 349 863 402 nrosr.
880 338 901 366 ‘⁸
913 351 1150 402 osnrcroaurr
1164 349 1212 400 nc
1227 349 1430 402 munerun.
1448 327 1464 354 '¹

408 495 455 558 16.
495 493 669 558 Universis
686 493 895 558 interdicitur
917 493 1145 576 indulgentias
1160 494 1381 577 apocryphas,
1395 503 1428 558 et
1443 515 1464 558 a

360 596 487 662 Sancta
503 597 593 662 Sede
616 597 815 680 Apostolica
841 598 1044 680 proscriptas
1070 597 1122 660 vol
1139 607 1312 662 revocatas
1328 616 1465 678 quomo-

358 700 549 782 documque
564 701 746 784 divulgare.
758 699 854 786 Quae
865 701 1058 784 divulgatae
1074 701 1140 766 iam
1158 700 1281 765 luerint
1295 701 1338 764 de
1360 701 1462 764 mani·

360 803 423 868 bus
439 801 587 869 fidelium
604 803 805 869 auferantur.

409 924 456 988 17.
482 909 771 992 Indulgentiarum
799 909 873 973 libri
898 927 1026 988 omneS,
1048 910 1239 986 summaria,
1263 907 1373 986 libelli,
1388 905 1463 970 lolia

362 1023 434 1088 etc..
449 1014 482 1076 in
500 1014 621 1096 quibus
635 1033 751 1078 earum
776 1015 1010 1078 concessiones
1036 1014 1260 1090 continentur,
1277 1032 1343 1077 non
1360 1010 1464 1096 publi·

301 1145 305 1150 -
362 1126 479 1180 centur
494 1119 621 1202 absque
635 1117 859 1202 competentis
882 1119 1091 1184 auctoritatis
1107 1119 1252 1182 licentia.

802 1273 930 1339 cneus
954 1273 1035 1338 Vll.

627 1427 677 1492 Dc
692 1429 789 1493 libris
802 1429 968 1512 liturgicis
979 1438 1013 1491 et
1014 1429 1216 1512 precatoriis.

413 1587 459 1650 18.
484 1585 523 1648 In
537 1587 739 1650 authenticis
749 1585 954 1650 editionibus
966 1584 1121 1660 Missalis,
1135 1585 1305 1664 Breviarii,
1317 1584 1466 1658 Ritualis,

365 1690 627 1756 Caeremonialis
639 1689 1105 1774 Episcoporum,Pontificalis
1121 1691 1467 1772 romani,aliorumque

366 1795 524 1859 librorum
551 1796 779 1876 liturgicorum
797 1816 816 1860 a
833 1793 959 1860 Sancta
976 1793 1065 1860 Sede
1090 1794 1291 1878 Apostolica
1306 1798 1465 1877 approba·

366 1910 487 1976 torum,
511 1920 620 1975 nemo,
646 1900 831 1982 quidquam
866 1899 1044 1964 immutare
1078 1909 1298 1982 praesumat:
1323 1901 1350 1962 si
1375 1919 1466 1963 secus

367 2003 493 2067 lactum
510 2002 618 2081 luerit,
634 2004 698 2066 hae
713 2023 821 2068 novae
835 2003 1001 2068 editiones
1017 2003 1245 2084 prohibentur.

415 2126 461 2188 19.
486 2107 640 2171 Litaniae
655 2127 783 2185 omnes,
798 2117 931 2190 praeter
956 2108 1206 2190 antiquissimas
1222 2117 1256 2172 et
1268 2127 1466 2181 communes,

367 2213 501 2296 quaein
520 2211 707 2288 Breviariis,
724 2211 927 2289 Missalibus,
945 2209 1196 2276 Pontificalibus
1219 2231 1257 2275 ac
1282 2211 1466 2275 Ritualibus

368 2317 590 2394 continentur,
606 2325 639 2380 et
667 2328 798 2397 praeter
815 2315 966 2380 Litanias
993 2317 1035 2380 de
1053 2315 1158 2379 Beata
1173 2315 1324 2397 Virgine,
1337 2335 1422 2398 quae
1436 2317 1464 2378 in

369 2441 461 2484 sacra
479 2421 576 2484 Aede
593 2421 784 2485 Lauretana
800 2423 969 2486 decantari
993 2421 1112 2500 solent,
1128 2431 1161 2484 et
1178 2420 1310 2485 litanias
1328 2420 1465 2487 Sanctis·

369 2524 444 2588 simi
471 2525 734 2590 Nominis1ssu
761 2526 828 2588 iam
854 2546 873 2588 a
901 2507 1145 2590 Sancta'Sede
1171 2523 1386 2608 approbatas,
1406 2542 1465 2586 noo

370 2629 513 2692 edantur
529 2631 600 2691 sine
617 2630 780 2693 revisionc
796 2639 830 2694 et
846 2630 1091 2712 approbatione
1108 2629 1287 2694 Ordinarii.

416 2748 464 2795 20.
491 2733 619 2810 Libros,
634 2743 693 2797 aut
708 2734 839 2798 libellos
862 2753 1006 2816 precum,
1023 2734 1220 2810 devotionis,
1236 2732 1288 2797 vel
1304 2731 1466 2796 doctrinae

371 2838 657 2922 institutionisque
668 2839 1001 2922 religiosaemoralis,
1014 2838 1186 2914 asceticae,
1199 2839 1371 2920 mysticae,
1379 2835 1465 2899 alios-

370 2964 435 3026 que
466 2943 668 3022 huiusmodi,
694 2945 849 3028 quamvis
874 2945 917 3008 ad
952 2943 1130 3008 fovendam
1162 2942 1279 3025 populi
1307 2935 1466 3005 christiani

371 3050 531 3131 pietatem
548 3047 736 3113 conducere
751 3049 938 3126 videantur,
955 3068 1055 3112 nemo
1071 3057 1203 3130 praeter
1219 3047 1388 3129 legitimae
1398 3061 1465 3107 auc-

371 3154 516 3217 totitatis
532 3153 702 3216 licentiam
719 3152 886 3235 publicet:
910 3172 1005 3217 secus
1021 3151 1180 3234 prohibiti
1197 3151 1388 3214 habeantur.

801 3317 929 3381 Carus
953 3317 1054 3382 Vlll.

587 3474 639 3537 De
655 3473 903 3553 Diariis,solr'is
917 3482 950 3536 et
962 3471 1079 3536 libellis
1085 3471 1270 3554 periodicis,

417 3658 466 3704 21.
491 3641 617 3717 Diaria,
634 3639 713 3703 lolia
740 3648 773 3702 et
802 3639 905 3703 libelli
932 3639 1101 3721 periodici,
1128 3640 1186 3722 qui
1211 3639 1402 3720 religionem
1417 3641 1465 3696 aut

373 3746 480 3809 bonos
497 3764 606 3807 mores
623 3745 704 3807 data
719 3763 822 3825 opera
849 3745 1026 3825 impetunt,
1043 3762 1108 3808 non
1126 3743 1234 3806 solum
1253 3742 1403 3819 naturali,
1416 3735 1465 3802 sed

373 3849 474 3912 etiam
491 3849 716 3911 ecclesiastico
732 3848 802 3910 iure
818 3849 995 3930 proscripti
1010 3847 1205 3912 habeantur.

417 3935 543 4001 Curent
581 3946 694 3998 autem
727 3934 907 4011 Ordinarii,
932 3937 985 3998 ubi
1021 3956 1106 4018 opus
1139 3937 1191 4010 sit,
1214 3935 1257 3998 de
1289 3929 1467 3999 huiusmodi

374 4040 527 4103 lectionis
544 4040 691 4122 periculo
707 4051 740 4101 et
757 4039 882 4102 damno
899 4037 1015 4102 fideles
1031 4051 1221 4122 opportune
1237 4059 1381 4103 monere.

420 4161 468 4206 22.
488 4145 598 4206 Nemo
622 4164 641 4204 e
665 4143 848 4219 catholicis,
872 4145 1066 4224 praesertim
1092 4166 1110 4208 e
1138 4145 1215 4207 viris
1242 4139 1471 4213 ecclesiasticis,

377 4245 410 4308 in
427 4247 618 4308 huiusmodi
634 4245 761 4323 diariis,
777 4247 829 4310 vel
847 4247 943 4324 loliis,
959 4249 1010 4310 vel
1040 4247 1160 4310 libellis
1184 4248 1371 4329 periodicis,
1386 4245 1470 4327 quid·

368 4367 488 4427 quam,
501 4350 563 4411 nisi
580 4350 741 4412 suadente
757 4350 843 4414 iusta
861 4359 893 4413 et
910 4351 1100 4415 rationabili
1124 4371 1250 4428 caussa,
1260 4351 1413 4434 publicet
