3117 4859
200 1488 260 1645 Ρ
292 1452 531 1597 {Pontifices
573 1467 606 1529 in
649 1466 823 1547 religiosas
862 1467 1007 1533 familias
1044 1495 1088 1537 ex
1123 1476 1246 1558 quibus
1316 1469 1382 1533 1⁸95

292 1598 318 1671 p
339 1570 524 1636 christiana
539 1591 590 1633 res
607 1578 658 1634 tot
671 1580 834 1653 tantaque
847 1575 988 1655 percipit
1005 1577 1245 1661 emolumenta,
1317 1584 1426 1635 Sanctae

1272 1650 1345 1699 Sedis
1369 1667 1423 1699 con·

131 1374 527 1675 {QASTORALIS
558 1364 704 1425 muneris
742 1362 852 1427 officio
886 1366 1052 1432 admoniti
1097 1372 1246 1436 Romani
1288 1370 1411 1458 ΜᾸᾹΤΗ

129 1673 320 1748 &world
342 1698 438 1741 curas
458 1676 747 1757 cogitationesque
776 1696 854 1738 suas
882 1678 983 1739 alacri
1004 1682 1118 1744 studio
1134 1685 1243 1747 inten-
1271 1722 1341 1764 stans
1364 1716 1427 1779 su„

132 1786 213 1848 dere
228 1790 397 1865 satagunt,
414 1777 501 1843 utin
520 1778 560 1839 iis
576 1777 763 1859 regularem
786 1778 1011 1860 disciplinam,
1027 1786 1116 1847 unde
1140 1788 1243 1868 potis·
1270 1782 1408 1873 sollicitum

131 1888 255 1951 simum
294 1885 489 1949 eorumdem
524 1880 679 1945 ordinum
711 1883 814 1945 decus
847 1882 1078 1964 proficiscitur,
1107 1892 1243 1971 quando
1269 1849 1407 1975 piopasreflg

131 1984 314 2047 necessitas
329 1980 488 2063 postulet,
497 1986 664 2053 tueantur,
677 1986 873 2042 restaurent.
886 1980 963 2041 Hoc
980 1984 1121 2047 consilio
1137 1986 1243 2070 Trap-
1270 1978 1366 2026 ''tism-

133 2089 288 2170 pensium
301 2083 566 2167 Congregationi
579 2082 702 2146 mentis
717 2082 863 2146 Nostrae
872 2084 988 2147 oculos
999 2099 1243 2169 convertentes,
1317 2093 1357 2141 Ab
1367 2094 1423 2157 ipsa

134 2191 291 2253 Abbates
306 2208 435 2264 omnes,
451 2188 591 2262 Priores,
606 2186 759 2269 aliosque
781 2188 959 2252 domorum
977 2190 1030 2253 vel
1047 2196 1243 2275 superiores,
1271 2158 1398 2273 ,Igma-

134 2293 188 2357 vel
224 2294 415 2374 deputatos,
453 2292 605 2354 omnium
646 2291 934 2356 observantiarum
967 2294 1240 2362 Cisterciensium
1270 2291 1416 2403 {dmm

134 2398 403 2481 Trappistarum‚
439 2394 625 2459 secundum
657 2396 839 2459 iussionem
872 2396 919 2458 eis
958 2398 1149 2462 intimatam
1183 2422 1243 2483 per
1268 2363 1424 2469 semiim

132 2505 307 2565 decretum
339 2498 620 2581 Congregationis
652 2496 898 2580 Episcoporum
938 2521 977 2563 ac
1022 2502 1241 2586 Regularium
1269 2486 1399 2601 ‘jffiffn

132 2607 278 2687 negotiis
294 2615 328 2668 et
344 2602 648 2667 consultationibus
664 2603 862 2665 dirimendis
887 2608 1108 2686 praepositae,
1124 2609 1178 2671 die
1190 2622 1242 2671 xx
1263 2619 1355 2695 prinu
1370 2588 1406 2666 'co-

133 2712 259 2776 mensis
288 2711 365 2775 lulii
391 2708 571 2792 superioris
595 2708 675 2771 anni
702 2709 832 2784 datum,
861 2708 1006 2773 Romam
1024 2714 1220 2777 vocavimus
1235 2736 1243 2793 ;
1271 2689 1422 2797 ζ’ἕῖίΐᾞζ

132 2817 235 2899 hique
256 2816 349 2880 dicto
372 2814 557 2890 audientes,
580 2832 625 2874 ex
656 2811 809 2893 plurimis
834 2814 1088 2898 admodumque
1115 2818 1243 2881 dissitis
1270 2814 1387 2891 ΝΜ,

131 2934 296 2986 terrarum
312 2920 403 2983 orbis
429 2918 581 3003 partibus
605 2918 639 2979 in
669 2918 756 2979 hanc
771 2917 911 2981 Almam
932 2918 1060 2984 Urbem
1079 2923 1240 2987 Nostram
1270 2880 1423 2993 minii

131 3044 328 3102 convenere,
343 3044 382 3086 ac
398 3022 551 3104 praeside
575 3020 700 3085 dilecto
716 3020 803 3084 Filio
832 3022 959 3086 Nostro
983 3022 1127 3088 Camillo
1144 3027 1178 3091 S.
1203 3028 1243 3091 R.
1269 3010 1423 3123 ssnfffiia

133 3129 174 3192 E.
206 3128 361 3191 Diacono
391 3124 568 3191 Cardinali'
594 3124 769 3200 Mazzella,
802 3122 1083 3208 Congregationis
1116 3128 1243 3192 Indicis
1269 3091 1423 3217 afnimi?

133 3232 317 3309 Praefecto,
333 3229 376 3293 ad
394 3231 427 3293 id
445 3229 600 3305 muneris,
625 3227 826 3308 Apostolica
853 3230 1063 3308 auctoritate,
1089 3231 1243 3296 subdele-
1270 3212 1396 3255 ''m“

130 3344 251 3418 gatoa
276 3333 470 3399 Venerabili
495 3333 614 3395 Fratre
641 3332 768 3394 Nostro
796 3332 971 3414 Raphaele
998 3334 1030 3398 S.
1048 3336 1090 3398 R.
1108 3336 1145 3400 E.
1163 3334 1242 3400 Car-

132 3438 238 3502 dinali
254 3438 402 3502 Monaco
426 3437 477 3500 La
500 3435 662 3511 Valletta,
688 3436 861 3518 Episcopo
878 3434 1028 3501 Ostiensi
1047 3448 1081 3502 et
1098 3438 1242 3502 Veliter-

132 3543 240 3619 nensi,
263 3541 527 3606 Poenitentiario
558 3540 689 3603 Maiore
714 3549 748 3603 et
774 3539 1022 3622 Trappensium
1040 3552 1243 3624 protectore,

133 3666 250 3710 mense
265 3644 406 3712 Octobri
422 3646 527 3727 ipsius
541 3643 721 3726 superioris
732 3643 813 3706 anni
826 3658 1041 3722 Mucccxcn,
1057 3647 1090 3709 in
1103 3636 1243 3711 aedibus

131 3749 312 3814 Seminarii
327 3747 447 3813 Gallici
466 3746 526 3813 SS.
543 3747 664 3812 Cordis
692 3746 823 3809 Mariae
839 3748 947 3829 prima
963 3749 1113 3811 omnium
1128 3749 1240 3815 obser·

132 3853 321 3917 vantiarum
348 3852 516 3934 generalia
543 3850 691 3915 Comitia
721 3850 939 3915 celebrarunt
972 3852 1037 3915 His
1062 3864 1177 3918 autern
1207 3856 1240 3918 in

131 3954 289 4021 Comitiis
304 3964 434 4019 tantam
451 3954 498 4017 illi
510 3952 760 4018 observantiam
777 3974 816 4016 ac
833 3954 1048 4019 devotionem
1063 3976 1143 4038 erga
1153 3956 1240 4020 hanc

132 4056 257 4123 Senem
268 4055 676 4139 Apostolicam,regularis
691 4055 889 4138 disciplinae
905 4056 1023 4135 zelum,
1039 4059 1239 4124 incrementi

130 4180 171 4224 ac
187 4160 419 4243 prosperitatis
429 4160 575 4223 instituti
585 4158 636 4222 sui
647 4159 807 4237 studium,
817 4160 1007 4223 animorum
1024 4164 1238 4226 concordiam

130 4264 418 4347 consiliorumque
443 4265 671 4328 maturitatem
697 4264 974 4345 praesetulerunt,
1006 4276 1043 4329 ut
1071 4264 1143 4329 Nos
1175 4268 1238 4348 ipsi

129 4366 245 4430 dicere
264 4385 333 4431 non
358 4368 624 4432 dubitaverimus
655 4368 720 4434 tin
737 4367 876 4433 Ordinis
899 4367 1039 4430 historia
1052 4370 1238 4450 capitulum
