<?xml version="1.0" encoding="UTF-8"?>
<!DOCTYPE html PUBLIC "-//W3C//DTD XHTML 1.0 Transitional//EN"
    "http://www.w3.org/TR/xhtml1/DTD/xhtml1-transitional.dtd">
<html xmlns="http://www.w3.org/1999/xhtml" xml:lang="en" lang="en">
 <head>
  <title>
</title>
<meta http-equiv="Content-Type" content="text/html;charset=utf-8" />
  <meta name='ocr-system' content='tesseract 3.04.00' />
  <meta name='ocr-capabilities' content='ocr_page ocr_carea ocr_par ocr_line ocrx_word'/>
</head>
<body>
  <div class='ocr_page' id='page_1' title='image "./sanctissimidomi04xiiigoog_0681.png"; bbox 0 0 3117 4859; ppageno 0'>
   <div class='ocr_carea' id='block_1_1' title="bbox 195 354 1201 425">
    <p class='ocr_par' dir='ltr' id='par_1_1' title="bbox 195 354 1201 425">
     <span class='ocr_line' id='line_1_1' title="bbox 195 354 1201 425; baseline -0.005 -17"><span class='ocrx_word' id='word_1_1' title='bbox 195 357 246 408; x_wconf 88' lang='lat' dir='ltr'><strong>DE</strong></span> <span class='ocrx_word' id='word_1_2' title='bbox 264 356 485 407; x_wconf 86' lang='lat' dir='ltr'>DISCIPLINA</span> <span class='ocrx_word' id='word_1_3' title='bbox 503 354 795 407; x_wconf 80' lang='lat' dir='ltr'>ECCLESIASTICA</span> <span class='ocrx_word' id='word_1_4' title='bbox 814 355 857 406; x_wconf 87' lang='lat' dir='ltr'><strong>IN</strong></span> <span class='ocrx_word' id='word_1_5' title='bbox 877 354 1092 405; x_wconf 80' lang='lat' dir='ltr'>HUNGARIA.</span> <span class='ocrx_word' id='word_1_6' title='bbox 1129 354 1201 425; x_wconf 78' lang='lat'><strong>313</strong></span> 
     </span>
    </p>
   </div>
   <div class='ocr_carea' id='block_1_2' title="bbox 49 497 1346 690">
    <p class='ocr_par' dir='ltr' id='par_1_2' title="bbox 49 497 1346 690">
     <span class='ocr_line' id='line_1_2' title="bbox 49 497 1324 582; baseline -0.002 -20"><span class='ocrx_word' id='word_1_7' title='bbox 49 550 54 562; x_wconf 76' lang='grc'>.</span> <span class='ocrx_word' id='word_1_8' title='bbox 91 503 227 582; x_wconf 87' lang='lat' dir='ltr'><strong>gionem</strong></span> <span class='ocrx_word' id='word_1_9' title='bbox 239 509 567 582; x_wconf 88' lang='lat' dir='ltr'><strong>revereantur,atque</strong></span> <span class='ocrx_word' id='word_1_10' title='bbox 580 500 741 580; x_wconf 87' lang='lat' dir='ltr'><strong>magistro</strong></span> <span class='ocrx_word' id='word_1_11' title='bbox 752 499 922 582; x_wconf 84' lang='lat' dir='ltr'><strong>religionis</strong></span> <span class='ocrx_word' id='word_1_12' title='bbox 932 518 999 561; x_wconf 91' lang='lat' dir='ltr'><strong>non</strong></span> <span class='ocrx_word' id='word_1_13' title='bbox 1011 497 1120 560; x_wconf 88' lang='lat' dir='ltr'><strong>solum</strong></span> <span class='ocrx_word' id='word_1_14' title='bbox 1135 515 1202 557; x_wconf 91' lang='lat' dir='ltr'><strong>non</strong></span> <span class='ocrx_word' id='word_1_15' title='bbox 1291 513 1324 559; x_wconf 70' lang='grc' dir='ltr'><strong>ιε</strong></span> 
     </span>
     <span class='ocr_line' id='line_1_3' title="bbox 94 571 1346 690; baseline -0.006 -21"><span class='ocrx_word' id='word_1_16' title='bbox 94 605 320 682; x_wconf 84' lang='lat' dir='ltr'>adversentur,</span> <span class='ocrx_word' id='word_1_17' title='bbox 336 606 394 668; x_wconf 90' lang='lat' dir='ltr'><strong>sed</strong></span> <span class='ocrx_word' id='word_1_18' title='bbox 419 625 495 668; x_wconf 90' lang='lat' dir='ltr'><strong>eum</strong></span> <span class='ocrx_word' id='word_1_19' title='bbox 522 625 582 687; x_wconf 92' lang='lat' dir='ltr'><strong>pro</strong></span> <span class='ocrx_word' id='word_1_20' title='bbox 609 605 738 668; x_wconf 87' lang='lat' dir='ltr'><strong>ratione</strong></span> <span class='ocrx_word' id='word_1_21' title='bbox 765 606 912 668; x_wconf 90' lang='lat' dir='ltr'><strong>muneris</strong></span> <span class='ocrx_word' id='word_1_22' title='bbox 939 604 989 666; x_wconf 90' lang='lat' dir='ltr'><strong>sui</strong></span> <span class='ocrx_word' id='word_1_23' title='bbox 1013 610 1205 685; x_wconf 85' lang='lat' dir='ltr'>opportune</span> <span class='ocrx_word' id='word_1_24' title='bbox 1264 571 1346 690; x_wconf 42' lang='grc' dir='ltr'><strong>ἵὲρὲ</strong></span> 
     </span>
    </p>
   </div>
   <div class='ocr_carea' id='block_1_3' title="bbox 94 705 1205 999">
    <p class='ocr_par' dir='ltr' id='par_1_3' title="bbox 94 705 1205 999">
     <span class='ocr_line' id='line_1_4' title="bbox 94 705 1205 792; baseline -0.005 -19"><span class='ocrx_word' id='word_1_25' title='bbox 94 711 196 773; x_wconf 89' lang='lat' dir='ltr'><strong>etiam</strong></span> <span class='ocrx_word' id='word_1_26' title='bbox 213 710 337 774; x_wconf 90' lang='lat' dir='ltr'><strong>iuvent.</strong></span> <span class='ocrx_word' id='word_1_27' title='bbox 349 709 450 792; x_wconf 87' lang='lat' dir='ltr'><strong>Quod</strong></span> <span class='ocrx_word' id='word_1_28' title='bbox 476 718 514 772; x_wconf 92' lang='lat' dir='ltr'><strong>ut</strong></span> <span class='ocrx_word' id='word_1_29' title='bbox 529 708 694 772; x_wconf 88' lang='lat' dir='ltr'><strong>efficacius</strong></span> <span class='ocrx_word' id='word_1_30' title='bbox 720 707 788 784; x_wconf 90' lang='lat' dir='ltr'><strong>fiat,</strong></span> <span class='ocrx_word' id='word_1_31' title='bbox 803 708 964 791; x_wconf 88' lang='lat' dir='ltr'><strong>Episcopi</strong></span> <span class='ocrx_word' id='word_1_32' title='bbox 993 705 1205 769; x_wconf 82' lang='lat' dir='ltr'><strong>meminerint</strong></span> 
     </span>
     <span class='ocr_line' id='line_1_5' title="bbox 95 808 1205 896; baseline -0.005 -19"><span class='ocrx_word' id='word_1_33' title='bbox 95 814 145 877; x_wconf 90' lang='lat' dir='ltr'><strong>ius</strong></span> <span class='ocrx_word' id='word_1_34' title='bbox 161 814 265 877; x_wconf 92' lang='lat' dir='ltr'><strong>libros</strong></span> <span class='ocrx_word' id='word_1_35' title='bbox 280 814 498 877; x_wconf 89' lang='lat' dir='ltr'><strong>scholasticos</strong></span> <span class='ocrx_word' id='word_1_36' title='bbox 515 812 730 896; x_wconf 81' lang='lat' dir='ltr'><strong>profanarum</strong></span> <span class='ocrx_word' id='word_1_37' title='bbox 748 813 851 877; x_wconf 91' lang='lat' dir='ltr'><strong>etiam</strong></span> <span class='ocrx_word' id='word_1_38' title='bbox 879 810 1131 893; x_wconf 90' lang='lat' dir='ltr'><strong>disciplinarum</strong></span> <span class='ocrx_word' id='word_1_39' title='bbox 1148 808 1205 872; x_wconf 92' lang='lat' dir='ltr'><strong>de·</strong></span> 
     </span>
     <span class='ocr_line' id='line_1_6' title="bbox 95 918 527 999; baseline 0.012 -19"><span class='ocrx_word' id='word_1_40' title='bbox 95 918 252 999; x_wconf 91' lang='lat' dir='ltr'><strong>signandi</strong></span> <span class='ocrx_word' id='word_1_41' title='bbox 269 919 332 983; x_wconf 94' lang='lat' dir='ltr'><strong>sibi</strong></span> <span class='ocrx_word' id='word_1_42' title='bbox 349 920 527 985; x_wconf 90' lang='lat' dir='ltr'><strong>vindicare.</strong></span> 
     </span>
    </p>
   </div>
   <div class='ocr_carea' id='block_1_4' title="bbox 138 1023 1386 1134">
    <p class='ocr_par' dir='ltr' id='par_1_4' title="bbox 138 1023 1386 1134">
     <span class='ocr_line' id='line_1_7' title="bbox 138 1023 1386 1134; baseline -0.007 -47"><span class='ocrx_word' id='word_1_43' title='bbox 138 1023 222 1087; x_wconf 94' lang='lat' dir='ltr'>VII.</span> <span class='ocrx_word' id='word_1_44' title='bbox 241 1025 381 1107; x_wconf 88' lang='lat' dir='ltr'><strong>Insuper</strong></span> <span class='ocrx_word' id='word_1_45' title='bbox 395 1026 502 1091; x_wconf 92' lang='lat' dir='ltr'><strong>modis</strong></span> <span class='ocrx_word' id='word_1_46' title='bbox 518 1027 674 1092; x_wconf 91' lang='lat' dir='ltr'><strong>omnibus</strong></span> <span class='ocrx_word' id='word_1_47' title='bbox 691 1027 855 1112; x_wconf 89' lang='lat' dir='ltr'><strong>Episcopi</strong></span> <span class='ocrx_word' id='word_1_48' title='bbox 871 1024 978 1090; x_wconf 91' lang='lat' dir='ltr'><strong>adniti</strong></span> <span class='ocrx_word' id='word_1_49' title='bbox 1006 1044 1049 1087; x_wconf 92' lang='lat' dir='ltr'><strong>ne</strong></span> <span class='ocrx_word' id='word_1_50' title='bbox 1075 1026 1207 1085; x_wconf 91' lang='lat' dir='ltr'><strong>cessent</strong></span> <span class='ocrx_word' id='word_1_51' title='bbox 1233 1026 1386 1134; x_wconf 49' lang='lat' dir='ltr'><strong>125?be</strong></span> 
     </span>
    </p>
   </div>
   <div class='ocr_carea' id='block_1_5' title="bbox 96 1121 1408 1432">
    <p class='ocr_par' dir='ltr' id='par_1_5' title="bbox 96 1121 1408 1432">
     <span class='ocr_line' id='line_1_8' title="bbox 96 1121 1340 1216; baseline 0.001 -27"><span class='ocrx_word' id='word_1_52' title='bbox 96 1135 132 1190; x_wconf 92' lang='lat' dir='ltr'><strong>ut</strong></span> <span class='ocrx_word' id='word_1_53' title='bbox 172 1126 383 1193; x_wconf 87' lang='lat' dir='ltr'><strong>Universitas</strong></span> <span class='ocrx_word' id='word_1_54' title='bbox 422 1130 609 1194; x_wconf 90' lang='lat' dir='ltr'><strong>studiorum</strong></span> <span class='ocrx_word' id='word_1_55' title='bbox 642 1130 953 1215; x_wconf 87' lang='lat' dir='ltr'><strong>Budapestinensis,</strong></span> <span class='ocrx_word' id='word_1_56' title='bbox 983 1148 1004 1192; x_wconf 91' lang='lat' dir='ltr'><strong>a</strong></span> <span class='ocrx_word' id='word_1_57' title='bbox 1034 1121 1206 1193; x_wconf 88' lang='lat' dir='ltr'><strong>Cardinall</strong></span> <span class='ocrx_word' id='word_1_58' title='bbox 1228 1145 1340 1216; x_wconf 54' lang='lat' dir='ltr'><strong>gregario</strong></span> 
     </span>
     <span class='ocr_line' id='line_1_9' title="bbox 99 1209 1408 1317; baseline 0.005 -23"><span class='ocrx_word' id='word_1_59' title='bbox 99 1234 198 1296; x_wconf 89' lang='lat' dir='ltr'><strong>Petro</strong></span> <span class='ocrx_word' id='word_1_60' title='bbox 214 1234 386 1317; x_wconf 91' lang='lat' dir='ltr'><strong>Pazmany</strong></span> <span class='ocrx_word' id='word_1_61' title='bbox 402 1230 668 1315; x_wconf 87' lang='lat' dir='ltr'><strong>praeclarissimo</strong></span> <span class='ocrx_word' id='word_1_62' title='bbox 683 1237 755 1300; x_wconf 92' lang='lat' dir='ltr'><strong>viro</strong></span> <span class='ocrx_word' id='word_1_63' title='bbox 771 1235 909 1300; x_wconf 87' lang='lat' dir='ltr'><strong>condita</strong></span> <span class='ocrx_word' id='word_1_64' title='bbox 936 1244 969 1298; x_wconf 88' lang='lat' dir='ltr'><strong>et</strong></span> <span class='ocrx_word' id='word_1_65' title='bbox 996 1233 1064 1297; x_wconf 85' lang='lat' dir='ltr'><strong>fere</strong></span> <span class='ocrx_word' id='word_1_66' title='bbox 1090 1230 1206 1295; x_wconf 88' lang='lat' dir='ltr'><strong>catho·</strong></span> <span class='ocrx_word' id='word_1_67' title='bbox 1232 1209 1358 1267; x_wconf 45' lang='lat' dir='ltr'><strong>Elam*</strong></span> <span class='ocrx_word' id='word_1_68' title='bbox 1406 1297 1408 1300; x_wconf 84' lang='lat'>.</span> 
     </span>
     <span class='ocr_line' id='line_1_10' title="bbox 97 1335 1369 1432; baseline -0.003 -34"><span class='ocrx_word' id='word_1_69' title='bbox 97 1335 235 1400; x_wconf 89' lang='lat' dir='ltr'><strong>licorum</strong></span> <span class='ocrx_word' id='word_1_70' title='bbox 259 1337 422 1402; x_wconf 90' lang='lat' dir='ltr'><strong>institutis</strong></span> <span class='ocrx_word' id='word_1_71' title='bbox 450 1348 646 1417; x_wconf 89' lang='lat' dir='ltr'><strong>sustentata,</strong></span> <span class='ocrx_word' id='word_1_72' title='bbox 673 1342 834 1405; x_wconf 84' lang='lat' dir='ltr'>reddatur</span> <span class='ocrx_word' id='word_1_73' title='bbox 859 1338 1043 1414; x_wconf 91' lang='lat' dir='ltr'><strong>catholicis,</strong></span> <span class='ocrx_word' id='word_1_74' title='bbox 1068 1335 1207 1417; x_wconf 86' lang='lat' dir='ltr'><strong>Episco-</strong></span> <span class='ocrx_word' id='word_1_75' title='bbox 1234 1390 1308 1432; x_wconf 73' lang='lat' dir='ltr'><strong>mm</strong></span> <span class='ocrx_word' id='word_1_76' title='bbox 1321 1382 1369 1428; x_wconf 79' lang='lat' dir='ltr'><strong>au-</strong></span> 
     </span>
    </p>
   </div>
   <div class='ocr_carea' id='block_1_6' title="bbox 97 1435 1387 1551">
    <p class='ocr_par' dir='ltr' id='par_1_6' title="bbox 97 1435 1387 1551">
     <span class='ocr_line' id='line_1_11' title="bbox 97 1435 1387 1551; baseline -0.005 -48"><span class='ocrx_word' id='word_1_77' title='bbox 97 1460 216 1523; x_wconf 92' lang='lat' dir='ltr'><strong>porum</strong></span> <span class='ocrx_word' id='word_1_78' title='bbox 233 1442 433 1505; x_wconf 88' lang='lat' dir='ltr'><strong>auctoritate</strong></span> <span class='ocrx_word' id='word_1_79' title='bbox 450 1445 605 1523; x_wconf 87' lang='lat' dir='ltr'><strong>regenda.</strong></span> <span class='ocrx_word' id='word_1_80' title='bbox 623 1445 761 1509; x_wconf 86' lang='lat' dir='ltr'><strong>interim</strong></span> <span class='ocrx_word' id='word_1_81' title='bbox 777 1465 857 1509; x_wconf 91' lang='lat' dir='ltr'><strong>vero</strong></span> <span class='ocrx_word' id='word_1_82' title='bbox 875 1452 908 1508; x_wconf 90' lang='lat' dir='ltr'><strong>et</strong></span> <span class='ocrx_word' id='word_1_83' title='bbox 931 1444 1039 1507; x_wconf 91' lang='lat' dir='ltr'><strong>donec</strong></span> <span class='ocrx_word' id='word_1_84' title='bbox 1054 1435 1208 1521; x_wconf 85' lang='lat' dir='ltr'><strong>religioni</strong></span> <span class='ocrx_word' id='word_1_85' title='bbox 1234 1443 1387 1551; x_wconf 47' lang='lat' dir='ltr'><strong>mm:</strong></span> 
     </span>
    </p>
   </div>
   <div class='ocr_carea' id='block_1_7' title="bbox 98 1539 1387 1628">
    <p class='ocr_par' dir='ltr' id='par_1_7' title="bbox 98 1539 1387 1628">
     <span class='ocr_line' id='line_1_12' title="bbox 98 1539 1387 1628; baseline 0.002 -22"><span class='ocrx_word' id='word_1_86' title='bbox 98 1544 324 1609; x_wconf 86' lang='lat' dir='ltr'><strong>studiosorum</strong></span> <span class='ocrx_word' id='word_1_87' title='bbox 339 1546 457 1609; x_wconf 86' lang='lat' dir='ltr'><strong>melius</strong></span> <span class='ocrx_word' id='word_1_88' title='bbox 470 1548 732 1628; x_wconf 89' lang='lat' dir='ltr'><strong>provideatur,id</strong></span> <span class='ocrx_word' id='word_1_89' title='bbox 743 1550 862 1613; x_wconf 89' lang='lat' dir='ltr'><strong>saltem</strong></span> <span class='ocrx_word' id='word_1_90' title='bbox 873 1539 1025 1613; x_wconf 89' lang='lat' dir='ltr'><strong>obtinere</strong></span> <span class='ocrx_word' id='word_1_91' title='bbox 1037 1553 1210 1617; x_wconf 90' lang='lat' dir='ltr'><strong>conentur,</strong></span> <span class='ocrx_word' id='word_1_92' title='bbox 1234 1565 1270 1611; x_wconf 72' lang='lat' dir='ltr'><strong>crs</strong></span> <span class='ocrx_word' id='word_1_93' title='bbox 1288 1561 1387 1609; x_wconf 75' lang='lat' dir='ltr'><strong>redden·</strong></span> 
     </span>
    </p>
   </div>
   <div class='ocr_carea' id='block_1_8' title="bbox 100 1624 1371 1739">
    <p class='ocr_par' dir='ltr' id='par_1_8' title="bbox 100 1624 1371 1739">
     <span class='ocr_line' id='line_1_13' title="bbox 100 1624 1371 1739; baseline 0 -28"><span class='ocrx_word' id='word_1_94' title='bbox 100 1658 136 1711; x_wconf 92' lang='lat' dir='ltr'><strong>ut</strong></span> <span class='ocrx_word' id='word_1_95' title='bbox 151 1648 309 1713; x_wconf 90' lang='lat' dir='ltr'><strong>omnibus</strong></span> <span class='ocrx_word' id='word_1_96' title='bbox 323 1649 511 1713; x_wconf 90' lang='lat' dir='ltr'><strong>Dominicis</strong></span> <span class='ocrx_word' id='word_1_97' title='bbox 522 1650 682 1734; x_wconf 79' lang='lat' dir='ltr'><strong>festisque</strong></span> <span class='ocrx_word' id='word_1_98' title='bbox 693 1653 821 1727; x_wconf 89' lang='lat' dir='ltr'><strong>diebus,</strong></span> <span class='ocrx_word' id='word_1_99' title='bbox 831 1674 852 1715; x_wconf 93' lang='lat' dir='ltr'><strong>a</strong></span> <span class='ocrx_word' id='word_1_100' title='bbox 861 1652 1035 1715; x_wconf 85' lang='lat' dir='ltr'><strong>sacerdote</strong></span> <span class='ocrx_word' id='word_1_101' title='bbox 1047 1650 1081 1712; x_wconf 91' lang='lat' dir='ltr'><strong>in</strong></span> <span class='ocrx_word' id='word_1_102' title='bbox 1093 1644 1209 1730; x_wconf 90' lang='lat' dir='ltr'><strong>primis</strong></span> <span class='ocrx_word' id='word_1_103' title='bbox 1234 1624 1371 1739; x_wconf 49' lang='grc' dir='ltr'><strong>ἒζξῶζῖ</strong></span> 
     </span>
    </p>
   </div>
   <div class='ocr_carea' id='block_1_9' title="bbox 100 1739 1389 1849">
    <p class='ocr_par' dir='ltr' id='par_1_9' title="bbox 100 1739 1389 1849">
     <span class='ocr_line' id='line_1_14' title="bbox 100 1739 1389 1849; baseline -0.002 -35"><span class='ocrx_word' id='word_1_104' title='bbox 100 1752 227 1845; x_wconf 77' lang='lat' dir='ltr'><strong>idoneo</strong></span> <span class='ocrx_word' id='word_1_105' title='bbox 247 1753 290 1816; x_wconf 95' lang='lat' dir='ltr'><strong>ad</strong></span> <span class='ocrx_word' id='word_1_106' title='bbox 318 1752 473 1818; x_wconf 89' lang='lat' dir='ltr'><strong>alumnos</strong></span> <span class='ocrx_word' id='word_1_107' title='bbox 489 1756 700 1820; x_wconf 87' lang='lat' dir='ltr'><strong>academicos</strong></span> <span class='ocrx_word' id='word_1_108' title='bbox 716 1777 827 1821; x_wconf 91' lang='lat' dir='ltr'><strong>sermo</strong></span> <span class='ocrx_word' id='word_1_109' title='bbox 843 1756 1016 1833; x_wconf 87' lang='lat' dir='ltr'><strong>habeatur,</strong></span> <span class='ocrx_word' id='word_1_110' title='bbox 1031 1774 1100 1837; x_wconf 92' lang='lat' dir='ltr'><strong>quo</strong></span> <span class='ocrx_word' id='word_1_111' title='bbox 1119 1772 1158 1815; x_wconf 88' lang='lat' dir='ltr'><strong>ea</strong></span> <span class='ocrx_word' id='word_1_112' title='bbox 1174 1749 1207 1812; x_wconf 93' lang='lat' dir='ltr'><strong>in</strong></span> <span class='ocrx_word' id='word_1_113' title='bbox 1235 1739 1389 1849; x_wconf 50' lang='lat' dir='ltr'><strong>{mgna</strong></span> 
     </span>
    </p>
   </div>
   <div class='ocr_carea' id='block_1_10' title="bbox 102 1856 1363 1966">
    <p class='ocr_par' dir='ltr' id='par_1_10' title="bbox 102 1856 1363 1966">
     <span class='ocr_line' id='line_1_15' title="bbox 102 1856 1363 1966; baseline -0.002 -48"><span class='ocrx_word' id='word_1_114' title='bbox 102 1857 218 1937; x_wconf 91' lang='lat' dir='ltr'><strong>primis</strong></span> <span class='ocrx_word' id='word_1_115' title='bbox 233 1856 419 1921; x_wconf 89' lang='lat' dir='ltr'><strong>catholicae</strong></span> <span class='ocrx_word' id='word_1_116' title='bbox 434 1860 609 1923; x_wconf 92' lang='lat' dir='ltr'><strong>doctrinae</strong></span> <span class='ocrx_word' id='word_1_117' title='bbox 625 1860 736 1943; x_wconf 86' lang='lat' dir='ltr'><strong>capita</strong></span> <span class='ocrx_word' id='word_1_118' title='bbox 752 1862 853 1924; x_wconf 92' lang='lat' dir='ltr'><strong>docte</strong></span> <span class='ocrx_word' id='word_1_119' title='bbox 879 1860 1126 1942; x_wconf 82' lang='lat' dir='ltr'><strong>diligenterque</strong></span> <span class='ocrx_word' id='word_1_120' title='bbox 1150 1874 1209 1917; x_wconf 88' lang='lat' dir='ltr'><strong>ex·</strong></span> <span class='ocrx_word' id='word_1_121' title='bbox 1227 1860 1363 1966; x_wconf 39' lang='lat' dir='ltr'><strong>sagrada</strong></span> 
     </span>
    </p>
   </div>
   <div class='ocr_carea' id='block_1_11' title="bbox 102 1960 1360 2150">
    <p class='ocr_par' dir='ltr' id='par_1_11' title="bbox 102 1960 1360 2150">
     <span class='ocr_line' id='line_1_16' title="bbox 102 1960 1324 2047; baseline 0.004 -26"><span class='ocrx_word' id='word_1_122' title='bbox 102 1960 267 2040; x_wconf 90' lang='lat' dir='ltr'><strong>plicentur</strong></span> <span class='ocrx_word' id='word_1_123' title='bbox 283 1982 322 2023; x_wconf 90' lang='lat' dir='ltr'><strong>ac</strong></span> <span class='ocrx_word' id='word_1_124' title='bbox 337 1963 619 2041; x_wconf 85' lang='lat' dir='ltr'><strong>demonstrentur,</strong></span> <span class='ocrx_word' id='word_1_125' title='bbox 634 1984 722 2047; x_wconf 91' lang='lat' dir='ltr'><strong>quae</strong></span> <span class='ocrx_word' id='word_1_126' title='bbox 749 1966 780 2027; x_wconf 90' lang='lat' dir='ltr'><strong>in</strong></span> <span class='ocrx_word' id='word_1_127' title='bbox 807 1966 878 2028; x_wconf 84' lang='lat' dir='ltr'><strong>vita</strong></span> <span class='ocrx_word' id='word_1_128' title='bbox 900 1963 1034 2045; x_wconf 90' lang='lat' dir='ltr'><strong>publica</strong></span> <span class='ocrx_word' id='word_1_129' title='bbox 1050 1980 1156 2042; x_wconf 90' lang='lat' dir='ltr'><strong>aeque</strong></span> <span class='ocrx_word' id='word_1_130' title='bbox 1171 1978 1211 2022; x_wconf 89' lang='lat' dir='ltr'><strong>ac</strong></span> <span class='ocrx_word' id='word_1_131' title='bbox 1237 1993 1324 2032; x_wconf 46' lang='lat' dir='ltr'><strong>mnan·</strong></span> 
     </span>
     <span class='ocr_line' id='line_1_17' title="bbox 102 2063 1360 2150; baseline -0.002 -25"><span class='ocrx_word' id='word_1_132' title='bbox 102 2064 233 2144; x_wconf 91' lang='lat' dir='ltr'><strong>privata</strong></span> <span class='ocrx_word' id='word_1_133' title='bbox 248 2064 514 2129; x_wconf 86' lang='lat' dir='ltr'><strong>hodiemaxime</strong></span> <span class='ocrx_word' id='word_1_134' title='bbox 531 2068 656 2150; x_wconf 85' lang='lat' dir='ltr'><strong>negligi</strong></span> <span class='ocrx_word' id='word_1_135' title='bbox 684 2067 795 2131; x_wconf 88' lang='lat' dir='ltr'><strong>solent</strong></span> <span class='ocrx_word' id='word_1_136' title='bbox 819 2079 853 2131; x_wconf 91' lang='lat' dir='ltr'><strong>et</strong></span> <span class='ocrx_word' id='word_1_137' title='bbox 878 2066 1077 2150; x_wconf 83' lang='lat' dir='ltr'><strong>impugnari.</strong></span> <span class='ocrx_word' id='word_1_138' title='bbox 1094 2063 1212 2146; x_wconf 81' lang='lat' dir='ltr'><strong>Agant</strong></span> <span class='ocrx_word' id='word_1_139' title='bbox 1237 2095 1308 2149; x_wconf 52' lang='lat' dir='ltr'><em>,eque</em></span> <span class='ocrx_word' id='word_1_140' title='bbox 1323 2086 1360 2144; x_wconf 64' lang='lat' dir='ltr'><strong>so.</strong></span> 
     </span>
    </p>
   </div>
   <div class='ocr_carea' id='block_1_12' title="bbox 102 2149 1391 2254">
    <p class='ocr_par' dir='ltr' id='par_1_12' title="bbox 102 2149 1391 2254">
     <span class='ocr_line' id='line_1_18' title="bbox 102 2149 1391 2254; baseline 0.002 -24"><span class='ocrx_word' id='word_1_141' title='bbox 102 2167 203 2231; x_wconf 88' lang='lat' dir='ltr'><strong>etiam</strong></span> <span class='ocrx_word' id='word_1_142' title='bbox 228 2168 396 2251; x_wconf 87' lang='lat' dir='ltr'><strong>Episcopi,</strong></span> <span class='ocrx_word' id='word_1_143' title='bbox 422 2179 458 2233; x_wconf 91' lang='lat' dir='ltr'><strong>ut</strong></span> <span class='ocrx_word' id='word_1_144' title='bbox 484 2172 677 2254; x_wconf 87' lang='lat' dir='ltr'><strong>inutraque</strong></span> <span class='ocrx_word' id='word_1_145' title='bbox 703 2174 900 2253; x_wconf 88' lang='lat' dir='ltr'><strong>Hungariae</strong></span> <span class='ocrx_word' id='word_1_146' title='bbox 928 2170 1152 2243; x_wconf 90' lang='lat' dir='ltr'><strong>universitate,</strong></span> <span class='ocrx_word' id='word_1_147' title='bbox 1168 2167 1210 2229; x_wconf 93' lang='lat' dir='ltr'><strong>ad</strong></span> <span class='ocrx_word' id='word_1_148' title='bbox 1237 2149 1391 2254; x_wconf 53' lang='lat' dir='ltr'><strong>mm</strong></span> 
     </span>
    </p>
   </div>
   <div class='ocr_carea' id='block_1_13' title="bbox 103 2268 1384 2373">
    <p class='ocr_par' dir='ltr' id='par_1_13' title="bbox 103 2268 1384 2373">
     <span class='ocr_line' id='line_1_19' title="bbox 103 2268 1384 2373; baseline -0.005 -39"><span class='ocrx_word' id='word_1_149' title='bbox 103 2271 298 2353; x_wconf 89' lang='lat' dir='ltr'><strong>exemplum</strong></span> <span class='ocrx_word' id='word_1_150' title='bbox 316 2273 455 2337; x_wconf 88' lang='lat' dir='ltr'><strong>aliarum</strong></span> <span class='ocrx_word' id='word_1_151' title='bbox 473 2274 745 2353; x_wconf 89' lang='lat' dir='ltr'><strong>Academiarum,</strong></span> <span class='ocrx_word' id='word_1_152' title='bbox 761 2272 1212 2353; x_wconf 76' lang='lat' dir='ltr'><strong>instituantur,institutique</strong></span> <span class='ocrx_word' id='word_1_153' title='bbox 1237 2268 1384 2373; x_wconf 52' lang='lat' dir='ltr'><strong>{musae</strong></span> 
     </span>
    </p>
   </div>
   <div class='ocr_carea' id='block_1_14' title="bbox 104 2373 1388 2461">
    <p class='ocr_par' dir='ltr' id='par_1_14' title="bbox 104 2373 1388 2461">
     <span class='ocr_line' id='line_1_20' title="bbox 104 2373 1388 2461; baseline -0.008 -24"><span class='ocrx_word' id='word_1_154' title='bbox 104 2373 278 2439; x_wconf 81' lang='lat' dir='ltr'><strong>foveantur</strong></span> <span class='ocrx_word' id='word_1_155' title='bbox 294 2378 520 2441; x_wconf 89' lang='lat' dir='ltr'><strong>studiosorum</strong></span> <span class='ocrx_word' id='word_1_156' title='bbox 545 2390 660 2443; x_wconf 90' lang='lat' dir='ltr'><strong>coetus</strong></span> <span class='ocrx_word' id='word_1_157' title='bbox 685 2400 743 2443; x_wconf 90' lang='lat' dir='ltr'><strong>seu</strong></span> <span class='ocrx_word' id='word_1_158' title='bbox 769 2380 958 2457; x_wconf 87' lang='lat' dir='ltr'><strong>societates,</strong></span> <span class='ocrx_word' id='word_1_159' title='bbox 973 2397 1014 2441; x_wconf 90' lang='lat' dir='ltr'><strong>eo</strong></span> <span class='ocrx_word' id='word_1_160' title='bbox 1030 2376 1213 2461; x_wconf 91' lang='lat' dir='ltr'><strong>proposito,</strong></span> <span class='ocrx_word' id='word_1_161' title='bbox 1239 2385 1341 2432; x_wconf 70' lang='lat' dir='ltr'><strong>univers</strong></span> <span class='ocrx_word' id='word_1_162' title='bbox 1351 2386 1388 2428; x_wconf 84' lang='lat' dir='ltr'><strong>ra-</strong></span> 
     </span>
    </p>
   </div>
   <div class='ocr_carea' id='block_1_15' title="bbox 104 2449 1365 2565">
    <p class='ocr_par' dir='ltr' id='par_1_15' title="bbox 104 2449 1365 2565">
     <span class='ocr_line' id='line_1_21' title="bbox 104 2449 1365 2565; baseline -0.009 -22"><span class='ocrx_word' id='word_1_163' title='bbox 104 2489 176 2543; x_wconf 85' lang='lat' dir='ltr'><strong>tum</strong></span> <span class='ocrx_word' id='word_1_164' title='bbox 199 2490 235 2543; x_wconf 91' lang='lat' dir='ltr'><strong>ut</strong></span> <span class='ocrx_word' id='word_1_165' title='bbox 252 2480 352 2546; x_wconf 91' lang='lat' dir='ltr'><strong>iidem</strong></span> <span class='ocrx_word' id='word_1_166' title='bbox 371 2490 488 2545; x_wconf 92' lang='lat' dir='ltr'><strong>mutuo</strong></span> <span class='ocrx_word' id='word_1_167' title='bbox 504 2484 684 2549; x_wconf 91' lang='lat' dir='ltr'><strong>incitentur</strong></span> <span class='ocrx_word' id='word_1_168' title='bbox 699 2484 860 2565; x_wconf 88' lang='lat' dir='ltr'><strong>exemplo</strong></span> <span class='ocrx_word' id='word_1_169' title='bbox 886 2484 929 2548; x_wconf 93' lang='lat' dir='ltr'><strong>ad</strong></span> <span class='ocrx_word' id='word_1_170' title='bbox 961 2491 1051 2546; x_wconf 90' lang='lat' dir='ltr'><strong>recte</strong></span> <span class='ocrx_word' id='word_1_171' title='bbox 1081 2479 1212 2561; x_wconf 88' lang='lat' dir='ltr'><strong>religio·</strong></span> <span class='ocrx_word' id='word_1_172' title='bbox 1238 2449 1365 2492; x_wconf 60' lang='lat' dir='ltr'><em>&#39;‘m’‘</em></span> 
     </span>
    </p>
   </div>
   <div class='ocr_carea' id='block_1_16' title="bbox 103 2584 1215 3084">
    <p class='ocr_par' dir='ltr' id='par_1_16' title="bbox 103 2584 1215 3084">
     <span class='ocr_line' id='line_1_22' title="bbox 104 2584 1215 2666; baseline 0.001 -20"><span class='ocrx_word' id='word_1_173' title='bbox 104 2604 205 2666; x_wconf 89' lang='lat' dir='ltr'><strong>seque</strong></span> <span class='ocrx_word' id='word_1_174' title='bbox 221 2585 412 2661; x_wconf 89' lang='lat' dir='ltr'><strong>vivendum,</strong></span> <span class='ocrx_word' id='word_1_175' title='bbox 430 2596 501 2649; x_wconf 91' lang='lat' dir='ltr'><strong>tum</strong></span> <span class='ocrx_word' id='word_1_176' title='bbox 519 2589 604 2651; x_wconf 91' lang='lat' dir='ltr'><strong>utin</strong></span> <span class='ocrx_word' id='word_1_177' title='bbox 629 2590 798 2653; x_wconf 88' lang='lat' dir='ltr'><strong>consuetis</strong></span> <span class='ocrx_word' id='word_1_178' title='bbox 819 2588 1040 2652; x_wconf 88' lang='lat' dir='ltr'><strong>conventibus</strong></span> <span class='ocrx_word' id='word_1_179' title='bbox 1066 2584 1215 2648; x_wconf 88' lang='lat' dir='ltr'><strong>recolant</strong></span> 
     </span>
     <span class='ocr_line' id='line_1_23' title="bbox 104 2673 1215 2775; baseline 0.001 -26"><span class='ocrx_word' id='word_1_180' title='bbox 104 2708 148 2749; x_wconf 88' lang='lat' dir='ltr'><strong>ex</strong></span> <span class='ocrx_word' id='word_1_181' title='bbox 173 2690 314 2753; x_wconf 91' lang='lat' dir='ltr'><strong>veritate</strong></span> <span class='ocrx_word' id='word_1_182' title='bbox 330 2699 545 2755; x_wconf 89' lang='lat' dir='ltr'><strong>retractatum</strong></span> <span class='ocrx_word' id='word_1_183' title='bbox 563 2693 590 2755; x_wconf 91' lang='lat' dir='ltr'><strong>si</strong></span> <span class='ocrx_word' id='word_1_184' title='bbox 606 2694 686 2775; x_wconf 91' lang='lat' dir='ltr'><strong>quid</strong></span> <span class='ocrx_word' id='word_1_185' title='bbox 704 2673 894 2775; x_wconf 84' lang='lat' dir='ltr'><strong>acceperint</strong></span> <span class='ocrx_word' id='word_1_186' title='bbox 910 2692 943 2755; x_wconf 92' lang='lat' dir='ltr'><strong>in</strong></span> <span class='ocrx_word' id='word_1_187' title='bbox 961 2690 1084 2755; x_wconf 90' lang='lat' dir='ltr'><strong>scholis</strong></span> <span class='ocrx_word' id='word_1_188' title='bbox 1100 2688 1215 2752; x_wconf 86' lang='lat' dir='ltr'><strong>catho-</strong></span> 
     </span>
     <span class='ocr_line' id='line_1_24' title="bbox 104 2784 1215 2879; baseline 0 -25"><span class='ocrx_word' id='word_1_189' title='bbox 104 2792 187 2855; x_wconf 92' lang='lat' dir='ltr'><strong>licae</strong></span> <span class='ocrx_word' id='word_1_190' title='bbox 214 2792 346 2857; x_wconf 90' lang='lat' dir='ltr'><strong>veritati</strong></span> <span class='ocrx_word' id='word_1_191' title='bbox 374 2784 588 2860; x_wconf 85' lang='lat' dir='ltr'><strong>contrarium.</strong></span> <span class='ocrx_word' id='word_1_192' title='bbox 605 2798 781 2862; x_wconf 91' lang='lat' dir='ltr'><strong>Praeterea</strong></span> <span class='ocrx_word' id='word_1_193' title='bbox 797 2798 964 2879; x_wconf 89' lang='lat' dir='ltr'><strong>optimum</strong></span> <span class='ocrx_word' id='word_1_194' title='bbox 981 2794 1072 2859; x_wconf 85' lang='lat' dir='ltr'><strong>factu</strong></span> <span class='ocrx_word' id='word_1_195' title='bbox 1101 2794 1162 2856; x_wconf 93' lang='lat' dir='ltr'><strong>erit</strong></span> <span class='ocrx_word' id='word_1_196' title='bbox 1187 2792 1215 2854; x_wconf 93' lang='lat' dir='ltr'><strong>si</strong></span> 
     </span>
     <span class='ocr_line' id='line_1_25' title="bbox 104 2896 1215 2983; baseline 0.001 -24"><span class='ocrx_word' id='word_1_197' title='bbox 104 2896 137 2959; x_wconf 89' lang='lat' dir='ltr'><strong>in</strong></span> <span class='ocrx_word' id='word_1_198' title='bbox 154 2896 305 2959; x_wconf 88' lang='lat' dir='ltr'><strong>coetibus</strong></span> <span class='ocrx_word' id='word_1_199' title='bbox 319 2897 386 2960; x_wconf 91' lang='lat' dir='ltr'><strong>suis</strong></span> <span class='ocrx_word' id='word_1_200' title='bbox 398 2899 499 2964; x_wconf 90' lang='lat' dir='ltr'><strong>ducta</strong></span> <span class='ocrx_word' id='word_1_201' title='bbox 516 2920 561 2962; x_wconf 88' lang='lat' dir='ltr'><strong>ex</strong></span> <span class='ocrx_word' id='word_1_202' title='bbox 577 2902 675 2964; x_wconf 90' lang='lat' dir='ltr'><strong>variis</strong></span> <span class='ocrx_word' id='word_1_203' title='bbox 691 2901 878 2983; x_wconf 86' lang='lat' dir='ltr'><strong>disciplinis</strong></span> <span class='ocrx_word' id='word_1_204' title='bbox 894 2900 1046 2963; x_wconf 90' lang='lat' dir='ltr'><strong>themata</strong></span> <span class='ocrx_word' id='word_1_205' title='bbox 1061 2896 1215 2961; x_wconf 88' lang='lat' dir='ltr'><strong>certatim</strong></span> 
     </span>
     <span class='ocr_line' id='line_1_26' title="bbox 103 2998 798 3084; baseline 0.01 -23"><span class='ocrx_word' id='word_1_206' title='bbox 103 2998 289 3076; x_wconf 90' lang='lat' dir='ltr'><strong>enucleent,</strong></span> <span class='ocrx_word' id='word_1_207' title='bbox 305 3001 486 3083; x_wconf 90' lang='lat' dir='ltr'><strong>propositis</strong></span> <span class='ocrx_word' id='word_1_208' title='bbox 503 3004 661 3084; x_wconf 87' lang='lat' dir='ltr'><strong>praemiis</strong></span> <span class='ocrx_word' id='word_1_209' title='bbox 676 3004 798 3069; x_wconf 89' lang='lat' dir='ltr'><strong>allecti.</strong></span> 
     </span>
    </p>
   </div>
   <div class='ocr_carea' id='block_1_17' title="bbox 147 3102 1396 3185">
    <p class='ocr_par' dir='ltr' id='par_1_17' title="bbox 147 3102 1396 3185">
     <span class='ocr_line' id='line_1_27' title="bbox 147 3102 1396 3185; baseline 0.002 -18"><span class='ocrx_word' id='word_1_210' title='bbox 147 3102 250 3168; x_wconf 92' lang='lat' dir='ltr'><strong>Vlll.</strong></span> <span class='ocrx_word' id='word_1_211' title='bbox 264 3104 308 3166; x_wconf 90' lang='lat' dir='ltr'><strong>Et</strong></span> <span class='ocrx_word' id='word_1_212' title='bbox 324 3104 404 3185; x_wconf 90' lang='lat' dir='ltr'><strong>quia</strong></span> <span class='ocrx_word' id='word_1_213' title='bbox 431 3107 474 3168; x_wconf 92' lang='lat' dir='ltr'><strong>de</strong></span> <span class='ocrx_word' id='word_1_214' title='bbox 498 3107 682 3171; x_wconf 87' lang='lat' dir='ltr'><strong>christiana</strong></span> <span class='ocrx_word' id='word_1_215' title='bbox 705 3109 880 3171; x_wconf 91' lang='lat' dir='ltr'><strong>civitatum</strong></span> <span class='ocrx_word' id='word_1_216' title='bbox 908 3104 1158 3178; x_wconf 87' lang='lat' dir='ltr'><strong>constitutione,</strong></span> <span class='ocrx_word' id='word_1_217' title='bbox 1173 3103 1217 3166; x_wconf 89' lang='lat' dir='ltr'><strong>de</strong></span> <span class='ocrx_word' id='word_1_218' title='bbox 1277 3125 1396 3171; x_wconf 67' lang='lat' dir='ltr'><strong>eonom-</strong></span> 
     </span>
    </p>
   </div>
   <div class='ocr_carea' id='block_1_18' title="bbox 104 3184 1386 3293">
    <p class='ocr_par' dir='ltr' id='par_1_18' title="bbox 104 3184 1386 3293">
     <span class='ocr_line' id='line_1_28' title="bbox 104 3184 1386 3293; baseline 0.002 -25"><span class='ocrx_word' id='word_1_219' title='bbox 104 3206 226 3269; x_wconf 91' lang='lat' dir='ltr'><strong>civium</strong></span> <span class='ocrx_word' id='word_1_220' title='bbox 252 3206 380 3285; x_wconf 89' lang='lat' dir='ltr'><strong>officiis,</strong></span> <span class='ocrx_word' id='word_1_221' title='bbox 408 3210 451 3272; x_wconf 91' lang='lat' dir='ltr'><strong>de</strong></span> <span class='ocrx_word' id='word_1_222' title='bbox 474 3230 589 3275; x_wconf 88' lang='lat' dir='ltr'><strong>amore</strong></span> <span class='ocrx_word' id='word_1_223' title='bbox 615 3212 754 3293; x_wconf 85' lang='lat' dir='ltr'><strong>patriae,</strong></span> <span class='ocrx_word' id='word_1_224' title='bbox 783 3211 1014 3292; x_wconf 90' lang='lat' dir='ltr'><strong>similibusque</strong></span> <span class='ocrx_word' id='word_1_225' title='bbox 1045 3207 1088 3271; x_wconf 92' lang='lat' dir='ltr'><strong>de</strong></span> <span class='ocrx_word' id='word_1_226' title='bbox 1118 3205 1217 3270; x_wconf 89' lang='lat' dir='ltr'><strong>rebus</strong></span> <span class='ocrx_word' id='word_1_227' title='bbox 1242 3184 1386 3291; x_wconf 50' lang='grc' dir='ltr'><strong>ζ’,ξξζζᾷψ</strong></span> 
     </span>
    </p>
   </div>
   <div class='ocr_carea' id='block_1_19' title="bbox 103 3303 1368 3413">
    <p class='ocr_par' dir='ltr' id='par_1_19' title="bbox 103 3303 1368 3413">
     <span class='ocr_line' id='line_1_29' title="bbox 103 3303 1368 3413; baseline -0.004 -40"><span class='ocrx_word' id='word_1_228' title='bbox 103 3320 340 3394; x_wconf 88' lang='lat' dir='ltr'><strong>praeposterae</strong></span> <span class='ocrx_word' id='word_1_229' title='bbox 356 3322 389 3375; x_wconf 92' lang='lat' dir='ltr'><strong>et</strong></span> <span class='ocrx_word' id='word_1_230' title='bbox 405 3313 570 3377; x_wconf 89' lang='lat' dir='ltr'><strong>exitiosae</strong></span> <span class='ocrx_word' id='word_1_231' title='bbox 585 3314 762 3397; x_wconf 90' lang='lat' dir='ltr'><strong>opiniones</strong></span> <span class='ocrx_word' id='word_1_232' title='bbox 778 3314 934 3378; x_wconf 91' lang='lat' dir='ltr'><strong>obtinent</strong></span> <span class='ocrx_word' id='word_1_233' title='bbox 949 3313 1036 3375; x_wconf 90' lang='lat' dir='ltr'><strong>inter</strong></span> <span class='ocrx_word' id='word_1_234' title='bbox 1058 3310 1217 3374; x_wconf 89' lang='lat' dir='ltr'><strong>cultiores</strong></span> <span class='ocrx_word' id='word_1_235' title='bbox 1242 3303 1368 3413; x_wconf 44' lang='lat' dir='ltr'><strong>fimf</strong></span> 
     </span>
    </p>
   </div>
   <div class='ocr_carea' id='block_1_20' title="bbox 103 3412 1398 3599">
    <p class='ocr_par' dir='ltr' id='par_1_20' title="bbox 103 3412 1398 3599">
     <span class='ocr_line' id='line_1_30' title="bbox 104 3412 1398 3500; baseline 0.002 -24"><span class='ocrx_word' id='word_1_236' title='bbox 104 3415 299 3498; x_wconf 87' lang='lat' dir='ltr'><strong>praesertim</strong></span> <span class='ocrx_word' id='word_1_237' title='bbox 316 3416 479 3493; x_wconf 91' lang='lat' dir='ltr'><strong>homines,</strong></span> <span class='ocrx_word' id='word_1_238' title='bbox 495 3417 571 3481; x_wconf 91' lang='lat' dir='ltr'><strong>ideo</strong></span> <span class='ocrx_word' id='word_1_239' title='bbox 587 3419 714 3481; x_wconf 90' lang='lat' dir='ltr'><strong>instent</strong></span> <span class='ocrx_word' id='word_1_240' title='bbox 732 3417 894 3500; x_wconf 91' lang='lat' dir='ltr'><strong>Episcopi</strong></span> <span class='ocrx_word' id='word_1_241' title='bbox 921 3438 960 3480; x_wconf 88' lang='lat' dir='ltr'><strong>ac</strong></span> <span class='ocrx_word' id='word_1_242' title='bbox 988 3417 1137 3479; x_wconf 87' lang='lat' dir='ltr'><strong>locorum</strong></span> <span class='ocrx_word' id='word_1_243' title='bbox 1153 3412 1217 3478; x_wconf 90' lang='lat' dir='ltr'><strong>Or·</strong></span> <span class='ocrx_word' id='word_1_244' title='bbox 1242 3424 1291 3470; x_wconf 76' lang='lat' dir='ltr'><strong>tale</strong></span> <span class='ocrx_word' id='word_1_245' title='bbox 1302 3421 1398 3493; x_wconf 63' lang='lat' dir='ltr'><strong>Debet</strong></span> 
     </span>
     <span class='ocr_line' id='line_1_31' title="bbox 103 3482 1372 3599; baseline 0.001 -20"><span class='ocrx_word' id='word_1_246' title='bbox 103 3517 224 3580; x_wconf 90' lang='lat' dir='ltr'><strong>dinarii</strong></span> <span class='ocrx_word' id='word_1_247' title='bbox 246 3527 282 3581; x_wconf 93' lang='lat' dir='ltr'><strong>ut</strong></span> <span class='ocrx_word' id='word_1_248' title='bbox 298 3538 357 3599; x_wconf 91' lang='lat' dir='ltr'><strong>per</strong></span> <span class='ocrx_word' id='word_1_249' title='bbox 372 3539 484 3583; x_wconf 88' lang='lat' dir='ltr'><strong>sacros</strong></span> <span class='ocrx_word' id='word_1_250' title='bbox 500 3522 754 3586; x_wconf 89' lang='lat' dir='ltr'><strong>concionatores</strong></span> <span class='ocrx_word' id='word_1_251' title='bbox 782 3522 900 3584; x_wconf 85' lang='lat' dir='ltr'><strong>crebro</strong></span> <span class='ocrx_word' id='word_1_252' title='bbox 926 3520 1136 3583; x_wconf 91' lang='lat' dir='ltr'><strong>inculcentur</strong></span> <span class='ocrx_word' id='word_1_253' title='bbox 1154 3517 1217 3580; x_wconf 88' lang='lat' dir='ltr'><strong>Ec·</strong></span> <span class='ocrx_word' id='word_1_254' title='bbox 1242 3482 1372 3588; x_wconf 56' lang='lat' dir='ltr'><strong>fflffir&#39;.</strong></span> 
     </span>
    </p>
   </div>
   <div class='ocr_carea' id='block_1_21' title="bbox 104 3600 1391 3708">
    <p class='ocr_par' dir='ltr' id='par_1_21' title="bbox 104 3600 1391 3708">
     <span class='ocr_line' id='line_1_32' title="bbox 104 3600 1391 3708; baseline 0.002 -25"><span class='ocrx_word' id='word_1_255' title='bbox 104 3622 225 3684; x_wconf 89' lang='lat' dir='ltr'><strong>clesiae</strong></span> <span class='ocrx_word' id='word_1_256' title='bbox 240 3622 452 3699; x_wconf 91' lang='lat' dir='ltr'><strong>documenta,</strong></span> <span class='ocrx_word' id='word_1_257' title='bbox 469 3645 556 3705; x_wconf 90' lang='lat' dir='ltr'><strong>quae</strong></span> <span class='ocrx_word' id='word_1_258' title='bbox 573 3626 751 3708; x_wconf 91' lang='lat' dir='ltr'><strong>praecipue</strong></span> <span class='ocrx_word' id='word_1_259' title='bbox 762 3624 953 3706; x_wconf 90' lang='lat' dir='ltr'><strong>Encyclicis</strong></span> <span class='ocrx_word' id='word_1_260' title='bbox 965 3624 1102 3686; x_wconf 89' lang='lat' dir='ltr'><strong>Litteris</strong></span> <span class='ocrx_word' id='word_1_261' title='bbox 1119 3620 1219 3687; x_wconf 79' lang='lat' dir='ltr'><strong>tIm·</strong></span> <span class='ocrx_word' id='word_1_262' title='bbox 1243 3600 1391 3707; x_wconf 43' lang='lat' dir='ltr'><strong>{alm</strong></span> 
     </span>
    </p>
   </div>
   <div class='ocr_carea' id='block_1_22' title="bbox 104 3719 1331 3811">
    <p class='ocr_par' dir='ltr' id='par_1_22' title="bbox 104 3719 1331 3811">
     <span class='ocr_line' id='line_1_33' title="bbox 104 3719 1331 3811; baseline 0.001 -24"><span class='ocrx_word' id='word_1_263' title='bbox 104 3726 240 3789; x_wconf 75' lang='lat' dir='ltr'><strong>neartale</strong></span> <span class='ocrx_word' id='word_1_264' title='bbox 254 3724 323 3789; x_wconf 81' lang='lat' dir='ltr'><strong>Dei</strong></span> <span class='ocrx_word' id='word_1_265' title='bbox 337 3743 355 3795; x_wconf 71' lang='lat' dir='ltr'><strong>h</strong></span> <span class='ocrx_word' id='word_1_266' title='bbox 372 3737 405 3789; x_wconf 91' lang='lat' dir='ltr'><strong>et</strong></span> <span class='ocrx_word' id='word_1_267' title='bbox 422 3741 440 3795; x_wconf 81' lang='lat' dir='ltr'><strong>t</strong></span> <span class='ocrx_word' id='word_1_268' title='bbox 459 3728 650 3811; x_wconf 82' lang='lat' dir='ltr'><strong>Sapientiae</strong></span> <span class='ocrx_word' id='word_1_269' title='bbox 664 3730 897 3797; x_wconf 75' lang='lat' dir='ltr'><strong>christianae)</strong></span> <span class='ocrx_word' id='word_1_270' title='bbox 915 3738 994 3791; x_wconf 91' lang='lat' dir='ltr'><strong>sunt</strong></span> <span class='ocrx_word' id='word_1_271' title='bbox 1011 3728 1144 3790; x_wconf 92' lang='lat' dir='ltr'><strong>tradita.</strong></span> <span class='ocrx_word' id='word_1_272' title='bbox 1243 3719 1331 3766; x_wconf 55' lang='lat' dir='ltr'><strong>mli·</strong></span> 
     </span>
    </p>
   </div>
   <div class='ocr_carea' id='block_1_23' title="bbox 149 3829 1400 3938">
    <p class='ocr_par' dir='ltr' id='par_1_23' title="bbox 149 3829 1400 3938">
     <span class='ocr_line' id='line_1_34' title="bbox 149 3829 1400 3938; baseline 0 -46"><span class='ocrx_word' id='word_1_273' title='bbox 149 3830 210 3893; x_wconf 90' lang='lat' dir='ltr'><strong>IX.</strong></span> <span class='ocrx_word' id='word_1_274' title='bbox 243 3829 405 3912; x_wconf 89' lang='lat' dir='ltr'><strong>Episcopi</strong></span> <span class='ocrx_word' id='word_1_275' title='bbox 433 3833 647 3898; x_wconf 88' lang='lat' dir='ltr'><strong>vehementer</strong></span> <span class='ocrx_word' id='word_1_276' title='bbox 673 3834 850 3898; x_wconf 88' lang='lat' dir='ltr'><strong>hortentur</strong></span> <span class='ocrx_word' id='word_1_277' title='bbox 877 3832 1042 3915; x_wconf 90' lang='lat' dir='ltr'><strong>parochos</strong></span> <span class='ocrx_word' id='word_1_278' title='bbox 1070 3840 1104 3892; x_wconf 92' lang='lat' dir='ltr'><strong>et</strong></span> <span class='ocrx_word' id='word_1_279' title='bbox 1130 3838 1219 3894; x_wconf 91' lang='lat' dir='ltr'><strong>cate·</strong></span> <span class='ocrx_word' id='word_1_280' title='bbox 1246 3832 1400 3938; x_wconf 40' lang='lat' dir='ltr'><strong>&amp;33⁰ng</strong></span> 
     </span>
    </p>
   </div>
   <div class='ocr_carea' id='block_1_24' title="bbox 105 3932 1350 4021">
    <p class='ocr_par' dir='ltr' id='par_1_24' title="bbox 105 3932 1350 4021">
     <span class='ocr_line' id='line_1_35' title="bbox 105 3932 1350 4021; baseline -0.001 -25"><span class='ocrx_word' id='word_1_281' title='bbox 105 3935 229 3996; x_wconf 91' lang='lat' dir='ltr'><strong>chistas</strong></span> <span class='ocrx_word' id='word_1_282' title='bbox 246 3932 394 4020; x_wconf 73' lang='lat' dir='ltr'><strong>fidelium</strong></span> <span class='ocrx_word' id='word_1_283' title='bbox 413 3934 598 4016; x_wconf 88' lang='lat' dir='ltr'><strong>hungarica</strong></span> <span class='ocrx_word' id='word_1_284' title='bbox 622 3937 736 4021; x_wconf 89' lang='lat' dir='ltr'><strong>lingua</strong></span> <span class='ocrx_word' id='word_1_285' title='bbox 764 3958 831 4001; x_wconf 91' lang='lat' dir='ltr'><strong>non</strong></span> <span class='ocrx_word' id='word_1_286' title='bbox 858 3937 1035 4011; x_wconf 92' lang='lat' dir='ltr'><strong>utentium,</strong></span> <span class='ocrx_word' id='word_1_287' title='bbox 1051 3943 1088 3996; x_wconf 94' lang='lat' dir='ltr'><strong>ut</strong></span> <span class='ocrx_word' id='word_1_288' title='bbox 1104 3933 1219 3996; x_wconf 93' lang='lat' dir='ltr'><strong>debito</strong></span> <span class='ocrx_word' id='word_1_289' title='bbox 1245 3955 1350 3997; x_wconf 68' lang='lat' dir='ltr'><strong>matur·</strong></span> 
     </span>
    </p>
   </div>
   <div class='ocr_carea' id='block_1_25' title="bbox 105 4007 1401 4128">
    <p class='ocr_par' dir='ltr' id='par_1_25' title="bbox 105 4007 1401 4128">
     <span class='ocr_line' id='line_1_36' title="bbox 105 4007 1401 4128; baseline 0.003 -30"><span class='ocrx_word' id='word_1_290' title='bbox 105 4038 242 4119; x_wconf 90' lang='lat' dir='ltr'><strong>quidem</strong></span> <span class='ocrx_word' id='word_1_291' title='bbox 258 4039 424 4120; x_wconf 92' lang='lat' dir='ltr'><strong>obsequio</strong></span> <span class='ocrx_word' id='word_1_292' title='bbox 440 4040 647 4105; x_wconf 81' lang='lat' dir='ltr'><strong>satisfaciant</strong></span> <span class='ocrx_word' id='word_1_293' title='bbox 663 4042 751 4104; x_wconf 90' lang='lat' dir='ltr'><strong>civili</strong></span> <span class='ocrx_word' id='word_1_294' title='bbox 768 4041 846 4121; x_wconf 90' lang='lat' dir='ltr'><strong>legi,</strong></span> <span class='ocrx_word' id='word_1_295' title='bbox 859 4060 925 4121; x_wconf 93' lang='lat' dir='ltr'><strong>qua</strong></span> <span class='ocrx_word' id='word_1_296' title='bbox 935 4040 1027 4121; x_wconf 90' lang='lat' dir='ltr'><strong>pueri</strong></span> <span class='ocrx_word' id='word_1_297' title='bbox 1046 4039 1079 4101; x_wconf 92' lang='lat' dir='ltr'><strong>in</strong></span> <span class='ocrx_word' id='word_1_298' title='bbox 1096 4036 1220 4100; x_wconf 89' lang='lat' dir='ltr'><strong>scholis</strong></span> <span class='ocrx_word' id='word_1_299' title='bbox 1244 4008 1360 4128; x_wconf 52' lang='lat' dir='ltr'><strong>mg*</strong></span> <span class='ocrx_word' id='word_1_300' title='bbox 1371 4007 1401 4053; x_wconf 50' lang='grc' dir='ltr'><strong><em>ὰ</em></strong></span> 
     </span>
    </p>
   </div>
   <div class='ocr_carea' id='block_1_26' title="bbox 105 4126 1397 4330">
    <p class='ocr_par' dir='ltr' id='par_1_26' title="bbox 105 4126 1397 4330">
     <span class='ocr_line' id='line_1_37' title="bbox 106 4126 1397 4234; baseline -0.004 -32"><span class='ocrx_word' id='word_1_301' title='bbox 106 4141 245 4205; x_wconf 89' lang='lat' dir='ltr'><strong>solerter</strong></span> <span class='ocrx_word' id='word_1_302' title='bbox 261 4143 373 4205; x_wconf 91' lang='lat' dir='ltr'><strong>doceri</strong></span> <span class='ocrx_word' id='word_1_303' title='bbox 397 4144 524 4207; x_wconf 92' lang='lat' dir='ltr'><strong>debent</strong></span> <span class='ocrx_word' id='word_1_304' title='bbox 551 4145 700 4226; x_wconf 88' lang='lat' dir='ltr'><strong>linguam</strong></span> <span class='ocrx_word' id='word_1_305' title='bbox 717 4145 937 4229; x_wconf 90' lang='lat' dir='ltr'><strong>hungaricam</strong></span> <span class='ocrx_word' id='word_1_306' title='bbox 954 4166 962 4222; x_wconf 87' lang='grc'><strong>;</strong></span> <span class='ocrx_word' id='word_1_307' title='bbox 977 4154 1013 4205; x_wconf 93' lang='lat' dir='ltr'><strong>at</strong></span> <span class='ocrx_word' id='word_1_308' title='bbox 1029 4142 1219 4206; x_wconf 90' lang='lat' dir='ltr'><strong>doctrinam</strong></span> <span class='ocrx_word' id='word_1_309' title='bbox 1243 4126 1397 4234; x_wconf 53' lang='lat' dir='ltr'><strong>fffl&#39;lm</strong></span> 
     </span>
     <span class='ocr_line' id='line_1_38' title="bbox 105 4223 1301 4330; baseline -0.003 -22"><span class='ocrx_word' id='word_1_310' title='bbox 105 4246 322 4308; x_wconf 88' lang='lat' dir='ltr'><strong>christianam</strong></span> <span class='ocrx_word' id='word_1_311' title='bbox 356 4266 422 4309; x_wconf 87' lang='lat' dir='ltr'><strong>non</strong></span> <span class='ocrx_word' id='word_1_312' title='bbox 454 4260 554 4310; x_wconf 88' lang='lat' dir='ltr'><strong>antea</strong></span> <span class='ocrx_word' id='word_1_313' title='bbox 585 4250 633 4313; x_wconf 90' lang='lat' dir='ltr'><strong>eis</strong></span> <span class='ocrx_word' id='word_1_314' title='bbox 663 4249 849 4330; x_wconf 89' lang='lat' dir='ltr'><strong>hungarico</strong></span> <span class='ocrx_word' id='word_1_315' title='bbox 879 4248 1041 4310; x_wconf 87' lang='lat' dir='ltr'><strong>idiomate</strong></span> <span class='ocrx_word' id='word_1_316' title='bbox 1074 4246 1221 4321; x_wconf 90' lang='lat' dir='ltr'><strong>tradant,</strong></span> <span class='ocrx_word' id='word_1_317' title='bbox 1295 4223 1301 4242; x_wconf 75' lang='grc'>’</span> 
     </span>
    </p>
   </div>
   <div class='ocr_carea' id='block_1_27' title="bbox 107 4350 1218 4435">
    <p class='ocr_par' dir='ltr' id='par_1_27' title="bbox 107 4350 1218 4435">
     <span class='ocr_line' id='line_1_39' title="bbox 107 4350 1218 4435; baseline -0.001 -24"><span class='ocrx_word' id='word_1_318' title='bbox 107 4369 210 4431; x_wconf 91' lang='lat' dir='ltr'><strong>quam</strong></span> <span class='ocrx_word' id='word_1_319' title='bbox 226 4350 318 4431; x_wconf 90' lang='lat' dir='ltr'><strong>pueri</strong></span> <span class='ocrx_word' id='word_1_320' title='bbox 335 4351 490 4415; x_wconf 88' lang='lat' dir='ltr'><strong>eamdem</strong></span> <span class='ocrx_word' id='word_1_321' title='bbox 515 4352 665 4434; x_wconf 90' lang='lat' dir='ltr'><strong>linguam</strong></span> <span class='ocrx_word' id='word_1_322' title='bbox 693 4350 792 4435; x_wconf 89' lang='lat' dir='ltr'><strong>plene</strong></span> <span class='ocrx_word' id='word_1_323' title='bbox 814 4351 1000 4414; x_wconf 89' lang='lat' dir='ltr'><strong>didicerint.</strong></span> <span class='ocrx_word' id='word_1_324' title='bbox 1019 4350 1096 4413; x_wconf 90' lang='lat' dir='ltr'><strong>Hoc</strong></span> <span class='ocrx_word' id='word_1_325' title='bbox 1112 4367 1218 4430; x_wconf 91' lang='lat' dir='ltr'><strong>aeque</strong></span> 
     </span>
    </p>
   </div>
   <div class='ocr_carea' id='block_1_28' title="bbox 0 0 1578 4859">
    <p class='ocr_par' dir='ltr' id='par_1_28' title="bbox 0 0 1578 4859">
     <span class='ocr_line' id='line_1_40' title="bbox 0 0 1578 4859; baseline 0 0"><span class='ocrx_word' id='word_1_326' title='bbox 0 0 1578 4859; x_wconf 95' lang='lat' dir='ltr'><strong> </strong></span> 
     </span>
    </p>
   </div>
  </div>
 </body>
</html>
