3117 4859
204 333 260 386 Da
287 327 566 383 PROHIBITIONE
593 329 641 378 ET
667 327 845 381 CENSURA
872 325 1082 380 LIBRORUM.
1141 322 1213 392 249

552 501 680 566 CAPUT
704 499 768 564 IX.

198 649 255 713 De
260 647 426 729 facultate
440 645 569 729 legendi
581 655 613 708 et
635 641 800 708 retinendi
812 641 914 706 libros
921 640 1110 724 prohibitos.

133 829 191 894 23.
219 811 341 876 Libros
368 811 439 874 sive
462 809 673 891 specialibus,
687 809 758 871 sive
785 807 876 871 hisce
901 803 1121 870 Generalibus
1145 803 1213 868 De-

84 918 196 982 cretis
214 916 432 1000 proscriptos,
448 915 470 977 ii
487 922 621 978 tantum
638 912 749 995 legere
764 921 797 975 et
816 911 959 975 retinere
974 919 1142 991 poterunt,
1154 908 1212 992 qui

84 1039 106 1082 a
126 1019 225 1084 Sede
243 1018 454 1100 Apostolica,
471 1026 529 1080 aut
546 1016 590 1079 ab
607 1015 681 1094 illis,
696 1015 819 1098 quibus
835 1013 923 1077 vices
940 1032 1017 1077 suas
1033 1012 1214 1096 delegavit,

85 1132 309 1207 opportunas
325 1122 449 1187 luerint
465 1122 638 1186 consecuti
655 1120 843 1185 facultates.

132 1245 190 1306 ²4·
216 1224 454 1292 Concedendis
466 1224 610 1289 licentiis
627 1223 761 1306 legendi
772 1234 806 1287 et
818 1222 983 1286 retinendi
995 1222 1097 1286 libros
1113 1241 1214 1305 quos·

85 1351 244 1414 cumque
259 1329 448 1413 prohibitos
465 1330 613 1393 Romani
628 1326 807 1392 Pontifices
824 1327 963 1392 Sacram
984 1327 1108 1391 Indicis
1121 1326 1212 1393 Coo·

85 1436 331 1518 gregationem
363 1453 595 1518 praeposuere.
625 1432 755 1496 Eadem
792 1430 1008 1497 nihilominus
1042 1439 1211 1515 potestate

86 1540 260 1621 gaudent,
287 1549 359 1603 turn
387 1537 554 1620 Suprema
589 1535 705 1603 Sancti
733 1535 845 1600 Officii
874 1536 1111 1620 congregatio,
1138 1545 1210 1601 tum

87 1641 201 1709 Sacra
231 1641 461 1726 Congregatio
492 1644 535 1705 de
569 1641 792 1723 Propaganda
818 1641 901 1704 Fide
929 1661 992 1724 pro
1019 1643 1212 1724 regionibus

87 1767 153 1810 suo
183 1747 341 1830 regimini
374 1747 543 1811 subiectis.
571 1747 635 1810 Pro
663 1745 758 1810 Urbe
790 1755 932 1822 tantum,
958 1745 1041 1810 haec
1069 1745 1211 1812 facultas

89 1851 264 1932 competit
279 1851 381 1915 etiam
399 1850 494 1916 Sacri
513 1850 633 1914 Palatii
648 1849 840 1932 Apostolici
858 1849 1033 1932 Magistro.
1278 1851 1280 1855 ’

135 1967 188 2034 25.
216 1953 378 2036 Episcopi
406 1954 532 2037 aliique
559 1953 701 2017 Praelati
717 1953 947 2017 iurisdictione
970 1954 1066 2036 quasi
1083 1956 1211 2038 episco·

91 2058 162 2138 pali
178 2057 360 2139 pollentes,
377 2079 438 2140 pro
453 2057 680 2140 singularibus
702 2056 806 2136 libris,
821 2067 921 2138 atque
938 2057 970 2119 in
988 2057 1120 2122 casibus
1137 2068 1210 2122 tan·

89 2171 164 2225 tum
182 2161 394 2242 urgentibus,
410 2162 580 2225 licentiam
597 2163 781 2225 concedere
797 2161 939 2224 valeant
951 2159 1090 2244 Quodsi
1107 2162 1209 2226 iidem

90 2266 290 2347 generalem
307 2288 327 2330 a
344 2266 433 2332 Sede
448 2266 650 2349 Apostolica
675 2265 928 2348 impetraverint
951 2264 1157 2344 facultatem,
1173 2274 1211 2329 ut

93 2368 254 2436 fidelibus
271 2371 373 2436 libros
399 2372 604 2455 proscriptos
630 2370 765 2453 legendi
791 2370 1022 2453 retinendique
1039 2369 1209 2434 licentiam

92 2473 260 2557 impertiri
285 2474 430 2554 valeant,
444 2494 520 2540 eam
538 2474 671 2538 nonnisi
687 2495 763 2538 cum
788 2473 919 2538 delectu
944 2484 977 2538 et
1000 2495 1044 2538 ex
1062 2473 1150 2536 iusta
1176 2479 1211 2536 et

93 2578 290 2642 rationabili
307 2598 426 2642 caussa
441 2580 639 2642 concedant.

137 2683 189 2745 26.
215 2681 346 2747 Omnes
374 2683 431 2765 qui
459 2681 653 2746 facultatem
679 2683 899 2764 apostolicam
933 2681 1103 2746 consecuti
1130 2663 1217 2745 sunt'

92 2782 230 2867 legendi
247 2796 282 2850 et
297 2786 464 2850 retinendi
481 2786 583 2852 libros
599 2786 794 2868 prohibitos,
810 2795 982 2871 nequeunt
997 2787 1073 2849 ideo
1099 2785 1208 2868 legere

92 2897 126 2950 et
142 2890 289 2954 retinere
306 2890 407 2953 libros
434 2890 612 2974 quoslibet,
627 2900 686 2954 aut
708 2891 939 2972 ephemerides
956 2891 998 2953 ab
1020 2887 1208 2954 Ordinariis

92 2987 246 3056 locorum
262 2995 476 3076 proscriptas,
493 2994 556 3057 nisi
572 2997 620 3057 eis
644 2993 677 3057 in
694 2996 880 3076 apostolico
896 2996 1027 3059 indulto
1043 3015 1204 3078 expressa

91 3092 182 3158 sacta
199 3095 299 3161 luerit
315 3108 465 3180 potestas
490 3098 623 3180 legendi
648 3107 682 3162 et
707 3099 872 3162 retinendi
896 3101 999 3163 libros
1016 3122 1035 3163 a
1051 3100 1206 3183 quisbus-

92 3216 239 3282 cumque
254 3201 442 3266 damnatos.
454 3201 671 3266 Meminerint
683 3204 820 3285 insuper
835 3205 892 3286 qui
908 3203 1078 3267 licentiam
1093 3204 1204 3285 legen-

93 3297 128 3360 di
156 3299 261 3365 libros
277 3305 466 3385 prohibitos
488 3306 716 3383 obtinuerunt,
732 3307 826 3388 gravi
850 3327 887 3371 se
902 3317 1083 3390 praecepto
1099 3307 1204 3370 teneri

93 3397 287 3475 huiusmodi
304 3407 406 3470 libros
435 3408 482 3470 ita
509 3409 687 3484 custodire,
702 3422 739 3473 ut
766 3411 809 3474 ad
836 3411 977 3474 aliorum
1002 3429 1120 3474 manus
1137 3429 1204 3473 non

94 3509 300 3583 perveniant

554 3600 682 3666 capur-
706 3600 748 3665 X.

305 3734 358 3796 De
372 3734 618 3800 denunciatzone
625 3748 810 3819 pravorum
825 3737 995 3805 librorum.

139 3905 187 3967 27.
213 3892 376 3975 Quamvis
393 3896 633 3961 catholicorum
662 3901 813 3964 omniurn
838 3901 890 3980 sit,
907 3905 1056 3968 maxime
1080 3925 1206 3982 eorum,

96 3990 150 4068 qui
177 3993 330 4059 doctrina
358 3999 563 4078 praevalent,
580 4001 785 4081 perniciosos
813 4003 914 4067 libros
944 4005 1131 4092 Episcopis,
1146 4018 1204 4073 aut

96 4089 314 4174 Apostolicae
331 4101 411 4164 Scdi
427 4102 651 4181 denunciare;
675 4106 707 4168 id
725 4115 838 4170 tamen
856 4110 992 4190 speciali
1009 4111 1108 4176 titulo
1131 4134 1205 4196 per-

99 4194 182 4300 tinet¹
191 4203 233 4264 ad
247 4202 590 4288 Nuntios‚Delegat0s
604 4208 983 4290 Apostolicos‚locorum
997 4213 1206 4300 ordinarios,

99 4307 198 4382 atque
218 4305 378 4371 Rectores
406 4309 670 4376 Universitatum
695 4314 868 4378 doctrinae
883 4316 983 4382 laude
1001 4318 1191 4389 florentium
