3117 4859
237 383 286 431 DE
317 381 719 433 PEREGRINATIONIBUS
742 383 793 430 AD
813 384 960 433 sancta
980 383 1085 434 Loca.
1146 382 1214 450 139

106 480 277 491 ¹------—-·

101 527 286 609 peregrinis
304 526 517 592 Eucharistia
532 527 677 604 diriberi,
692 529 740 591 ita
757 539 794 596 ut
809 548 869 609 per
884 528 967 591 haec
982 527 1213 611 indulgentiae
1249 538 1383 639 APthm

101 631 286 701 visitationi
303 631 392 693 illius
409 631 589 695 sanctuarii
606 632 762 695 adnexae
779 632 918 714 perinde
933 634 1159 715 acquirantur,
1174 650 1213 693 ac
1282 649 1355 713 189⁶.

100 736 128 796 si
154 734 384 799 sanctuarium
412 734 528 799 luisset
545 755 663 817 reapse
679 735 861 799 visitatum.
878 735 1044 813 Tandem,
1060 737 1103 800 de
1118 735 1213 817 Apo-

100 838 240 903 stolicae
252 839 406 903 similiter
416 838 595 922 potestatis
606 839 753 902 Nostrae
762 838 1212 922 plenitudinepraesentium

100 945 145 1019 vi,
161 944 312 1026 itemque
335 943 369 1006 in
396 953 606 1026 perpetuum,
622 944 656 1006 in
680 944 911 1011 sanctuarium
935 944 1026 1026 quod
1050 953 1129 1008 ante
1145 963 1213 1006 me·

102 1046 320 1124 moravimus,
337 1046 599 1129 Hierosolymae
614 1056 772 1124 erectum,
789 1045 935 1112 Nostrae
951 1048 1122 1112 Dominae
1135 1046 1214 1111 Gal-

101 1150 234 1228 liarum,
250 1150 498 1234 indulgentiam
514 1152 699 1233 plenariam
723 1150 957 1214 transferimus
979 1151 1130 1233 Virginis
1155 1150 1214 1216 Se·

102 1254 244 1335 pulchro
259 1256 442 1332 adnexam,
457 1256 548 1338 quod
574 1276 595 1318 a
621 1255 844 1318 schismaticis
869 1254 1039 1318 detinetur
1064 1264 1098 1317 et
1121 1254 1214 1336 gravi

102 1360 232 1441 absque
258 1359 450 1424 discrimine
477 1381 497 1422 a
527 1360 592 1442 piis
619 1358 910 1442 peregrinantibus
936 1358 1065 1423 visitari
1089 1359 1215 1441 nequit.

105 1462 202 1526 Haec
215 1462 433 1527 concedimus
443 1473 545 1546 atque
557 1463 782 1544 indulgemus,
791 1463 1010 1528 decernentes
1023 1470 1215 1545 praesentes

103 1567 250 1630 Nostras
264 1567 396 1631 litteras
413 1565 536 1645 firmas,
551 1567 680 1631 validas
697 1577 730 1631 et
750 1566 901 1630 efficaces
917 1567 1064 1630 existere
1079 1575 1113 1630 et
1136 1566 1215 1645 lore,
1280 1599 1395 1643 pm.

101 1691 250 1754 suosque
265 1672 434 1754 plenarios
458 1683 491 1735 et
519 1672 666 1754 integros
693 1669 833 1736 effectus
860 1672 969 1735 sortiri
993 1681 1028 1735 et
1053 1672 1206 1735 obtinere
1243 1657 1381 1703 'imm'

102 1771 237 1856 illisque
254 1776 297 1838 ad
314 1794 400 1857 quos
420 1783 552 1856 spectat
575 1775 658 1837 etin
677 1782 850 1855 posterum
867 1782 1018 1854 spectare
1034 1773 1157 1855 poterit
1180 1727 1216 1835 iri
1242 1731 1379 1822 malla

101 1877 261 1940 omnibus
289 1878 482 1960 plenissime
512 1874 696 1959 suffragari,
724 1878 839 1973 sicque
866 1878 900 1941 in
932 1878 1125 1959 praemissis
1156 1896 1216 1958 per
1243 1837 1362 1882 mm

101 2003 338 2066 quoscumque
352 1983 488 2059 iudices,
504 1984 691 2046 ordinarios
703 1994 737 2047 et
753 1982 938 2064 delegatos,
954 1983 1091 2046 iudicari
1108 1992 1142 2046 et
1157 1982 1215 2045 de·

102 2086 189 2149 finiri
206 2087 337 2163 debere,
352 2096 455 2169 atque
480 2087 608 2149 irritum
636 2097 670 2150 et
697 2087 797 2148 inane
823 2086 851 2149 si
875 2105 971 2150 secus
994 2105 1094 2167 super
1119 2085 1172 2148 his
1195 2105 1216 2147 a

100 2208 276 2274 quoquam
299 2191 418 2272 quavis
445 2191 656 2266 auctoritate,
671 2190 816 2253 scienter
840 2189 892 2252 vel
917 2189 1120 2271 ignoranter,
1136 2207 1215 2251 con·

102 2294 219 2374 tigerit
242 2294 412 2358 attentari.
438 2294 517 2357 Non
538 2293 752 2356 obstantibus
775 2293 902 2357 Nostra
926 2302 959 2356 et
987 2291 1215 2358 Cancellariae

102 2396 329 2479 Apostolicae
361 2397 477 2478 regula
506 2397 550 2461 de
577 2417 644 2460 non
677 2397 904 2460 concedendis
928 2397 1148 2479 indulgentiis
1171 2397 1214 2459 ad

103 2499 220 2578 instar,
235 2499 376 2582 aliisque
403 2499 702 2565 constitutionibus
726 2512 760 2564 et
779 2500 1050 2565 ordinationibus
1065 2500 1215 2581 Aposto-

102 2603 186 2681 licis,
200 2603 389 2686 ceterisque
413 2605 588 2668 contrariis
616 2604 893 2687 quibuscumque.
910 2604 1078 2668 Volumus
1101 2614 1214 2668 autem

103 2721 141 2771 ut
158 2709 389 2790 praesentium
406 2708 591 2771 litterarum
609 2711 833 2791 transumptis
848 2730 906 2772 seu
922 2710 1089 2791 exemplis
1112 2709 1215 2772 etiam

103 2813 287 2894 impressis,
303 2832 407 2876 manu
432 2812 574 2876 alicuius
601 2811 733 2876 Notarii
761 2814 886 2895 publici
909 2815 1106 2897 subscriptis
1124 2824 1157 2877 et
1174 2814 1216 2875 si-

103 2917 187 2999 gillo
203 2935 368 3000 personae
382 2917 415 2981 in
429 2918 658 2981 ecclesiastica
674 2918 842 2999 dignitate
854 2920 1059 2982 constitutae
1071 2918 1219 2994 munitis,

103 3022 224 3085 eadem
239 3041 376 3104 prorsus
388 3021 589 3086 adhibeatur
602 3021 695 3100 fides,
706 3043 793 3105 quae
805 3023 1020 3087 adhiberetur
1031 3023 1112 3105 ipsis
1125 3043 1219 3105 prae-

106 3123 262 3189 sentibus
279 3126 306 3188 si
324 3123 433 3188 forent
449 3125 622 3189 exhibitae
638 3127 689 3190 vel
710 3136 873 3190 ostensae.

152 3230 284 3294 Datum
316 3231 449 3294 Romae
476 3233 566 3311 apud
594 3230 627 3295 S.
660 3231 795 3293 Petrum
823 3230 886 3291 sub
916 3229 1018 3294 anulo
1042 3228 1221 3293 Piscatoris

107 3337 165 3398 die
180 3349 279 3398 xvllt
296 3333 425 3417 Aprilis
442 3332 739 3410 MDCCCXCVI,
755 3331 984 3417 Pontificatus'
992 3332 1108 3397 Nostri
1131 3352 1222 3396 anno

103 3442 356 3504 decimonono.

597 3543 632 3608 C.
650 3543 765 3608 CARD.
785 3542 852 3606 DE
868 3542 1134 3609 RUGGIERO.
