3117 4859
344 325 392 411 84
472 347 653 400 ansanus
675 335 696 364 '⁴
716 347 975 400 aannrruurur
993 349 1110 399 autur
1128 347 1281 399 uosaar.
1303 323 1322 352 '’

341 493 628 569 quemadmodum
646 492 802 558 decessor
817 492 942 557 Noster
960 493 1057 558 recol.
1073 511 1173 556 mem.
1189 493 1269 554 Pius
1291 491 1386 572 Papa
1404 489 1460 554 lx

341 595 466 660 dictam
481 595 790 680 Congregationem
804 599 848 662 ad
861 607 996 677 tempus
1007 595 1174 679 probavit,
1187 595 1234 659 ita
1246 604 1281 659 et
1293 596 1369 660 Nos
1379 615 1459 660 eam

341 698 539 764 confirmare
554 701 693 785 eiusque
708 710 838 767 statuta
860 711 894 767 et
910 701 1043 783 regulas
1059 701 1189 765 sancire
1210 700 1365 774 velimus.
1381 701 1458 765 Nos

341 804 398 884 qui
415 803 497 868 nihii
507 815 627 888 optare
643 807 751 889 magis
767 816 871 889 atque
882 806 916 870 in
933 806 1022 870 votis
1038 806 1162 869 habere
1177 805 1336 882 solemus,
1351 823 1454 884 quam

341 919 377 973 ut
396 909 652 976 Sacramentum
670 911 904 976 Eucharistiae
928 911 1037 974 maius
1053 911 1087 973 in
1103 909 1176 974 dies
1191 909 1346 992 singulos
1361 912 1452 994 apud

341 1014 485 1096 populos
501 1015 701 1081 christianos
718 1017 963 1080 incrementum
980 1013 1104 1100 capiat,
1126 1014 1322 1078 huiusmodi
1338 1035 1456 1094 preces

340 1118 486 1198 benigne
509 1120 729 1198 excipientes,
757 1119 1067 1202 congregationem
1099 1118 1303 1182 sanctissimi
1331 1117 1452 1184 Sacra·

341 1222 448 1286 menti
465 1223 655 1306 probamus,
670 1221 911 1288 confirmamus
926 1225 960 1286 in
977 1231 1187 1304 perpetuum,
1201 1232 1235 1286 et
1248 1232 1322 1287 rata
1336 1225 1453 1288 omnia

339 1324 513 1403 habemus,
529 1347 760 1410 quaecumque
785 1337 991 1392 memoratus
1007 1328 1164 1390 decessor
1186 1326 1314 1390 Noster
1328 1327 1373 1390 de
1395 1327 1453 1392 iila

339 1430 381 1492 ad
398 1439 533 1512 tempus
545 1431 688 1495 sancivit
701 1441 735 1496 et
748 1432 992 1515 comprobavit.
1009 1431 1238 1494 Decementes
1249 1429 1312 1494 has
1322 1431 1452 1496 litteras

338 1533 481 1598 Nostras
498 1533 619 1610 firmas,
635 1535 766 1598 validas
782 1546 816 1599 et
831 1534 983 1599 efficaces
995 1535 1144 1598 existere
1158 1545 1193 1597 et
1209 1533 1290 1611 iore,
1304 1555 1451 1618 suosque

337 1637 505 1718 plenarios
520 1648 553 1702 et
571 1640 722 1722 integros
738 1639 878 1704 effectus
895 1640 1004 1704 sortiri
1026 1649 1060 1704 et
1081 1640 1244 1716 obtinere,
1260 1639 1393 1722 illisque
1407 1641 1450 1704 ad

336 1762 421 1825 quos
437 1753 568 1826 spectat
584 1753 618 1808 et
633 1745 666 1807 in
685 1754 857 1824 posterum
874 1753 1027 1826 spectare
1042 1745 1166 1826 poterit
1184 1743 1218 1806 in
1242 1744 1401 1808 omnibus
1417 1754 1450 1808 et

336 1865 395 1929 per
420 1846 535 1910 omnia
558 1847 750 1930 plenissime
773 1847 959 1930 suffragari,
992 1848 1106 1931 sicque
1137 1846 1367 1931 inpraemissis
1392 1869 1453 1930 per

334 1969 566 2033 quoscumque
584 1951 710 2017 iudices
726 1952 914 2016 ordinarios
930 1961 964 2015 et
977 1951 1153 2034 delegatos
1164 1951 1305 2015 iudicari
1321 1961 1356 2016 et
1370 1951 1450 2016 defi·

334 2055 396 2117 niri
412 2054 545 2125 debere.
561 2064 663 2138 atquc
680 2057 812 2120 irritum
825 2066 859 2120 et
876 2055 976 2120 inane
992 2057 1021 2119 si
1036 2075 1132 2120 secus
1148 2075 1250 2138 super
1264 2054 1318 2118 his
1333 2077 1354 2119 a
1369 2075 1451 2138 quo·

335 2177 437 2240 quam
449 2157 570 2240 quavis
589 2158 801 2235 auctoritate,
817 2160 961 2224 scienter
977 2159 1029 2223 vel
1043 2161 1248 2242 ignoranter,
1270 2161 1450 2243 contigerit

335 2261 503 2326 attentari.
536 2261 616 2326 Non
655 2263 872 2327 obstantibus
911 2261 1211 2328 constitutionibus
1247 2270 1282 2326 et
1315 2265 1451 2328 ordina·

336 2366 483 2429 tionibus
511 2365 729 2446 Apostolicis‚
756 2366 942 2450 ceterisque
973 2367 1148 2431 contrariis
1174 2367 1453 2450 quibuscumque

380 2469 507 2533 Datum
526 2469 658 2534 Rornae
684 2472 773 2552 apud
793 2469 826 2534 S.
845 2471 980 2536 Petrum
997 2472 1060 2534 sub
1075 2471 1178 2534 anulo
1194 2471 1375 2535 Piscatoris
1395 2471 1452 2534 die

333 2589 389 2637 xil
408 2573 554 2655 Augusti
580 2587 791 2649 Mucccxcv‚
816 2573 1038 2639 Pontificatus
1062 2573 1177 2639 Nostri
1200 2592 1293 2638 anno
1314 2573 1449 2639 decimo

334 2687 464 2742 octavo.

835 2783 871 2849 C.
888 2781 1003 2848 Canu.
1019 2783 1085 2848 DE
1098 2780 1362 2848 RVGGIERO.
