3117 4859
110 339 163 389 DE
182 335 292 390 DOMO
310 337 571 389 GENERALITIA
591 338 778 391 MINORUM
797 337 1093 392 CAPULATORUM.
1129 333 1193 407 151

83 481 260 563 religiosos
274 491 348 545 tum
373 503 392 545 e
416 501 556 547 romana
582 492 655 546 tum
683 504 728 547 erc
753 482 828 546 aliis
844 482 1025 564 provinciis
1040 480 1199 566 eligendi,
1287 510 1307 558 5

84 584 207 666 quibus
245 584 407 650 familiam
446 585 643 651 Conventus
675 584 864 663 efformeot,
899 585 992 650 salvo
1022 585 1198 668 privilegio
1262 557 1343 672 w

86 685 236 753 Ministri
264 689 481 753 Prouincialis
511 689 680 754 residendi
706 690 740 754 in
768 689 957 767 Conventa,
979 689 1039 754 sed
1069 689 1199 772 absque

85 789 155 856 ulla
166 793 200 856 in
218 793 353 856 Fratres
369 793 516 858 familiae
532 794 770 859 iurisdictione.
783 792 878 876 Quas
893 792 1081 858 decisiones
1093 814 1199 876 quan·

84 905 158 960 tum
175 897 218 961 ad
236 898 374 961 modum
392 907 471 980 apte
487 907 694 981 temperatas
719 897 838 962 eadem
864 897 1093 981 Congregatio
1117 898 1199 982 Epi·

86 1019 264 1084 scoporum
281 1012 315 1065 et
332 1003 552 1084 Regularium
566 1022 634 1085 -per
649 1003 847 1086 rescriptum
864 1003 931 1066 diei
947 1002 1096 1066 vicesimi
1112 1003 1199 1067 inse·

85 1106 222 1188 quentis
243 1105 319 1169 iulii
336 1106 462 1169 mensis
477 1105 661 1171 innovavit.
678 1105 929 1188 Dispositiones
944 1105 1139 1170 huiusmodi
1155 1106 1199 1171 ad
1295 1152 1320 1197 A
1331 1166 1379 1210 q„

85 1227 213 1274 annum
231 1229 337 1292 usque
353 1221 554 1274 Mucchxv
571 1229 637 1273 non
655 1209 727 1272 sine
738 1208 901 1274 luctuosis
913 1208 1200 1274 vicissitudinibus
1225 1211 1343 1315 fuscum

85 1314 319 1397 perdurarunt,
344 1332 412 1396 quo
436 1333 528 1378 anno
556 1313 711 1378 Minister
736 1312 911 1378 Generalis
937 1333 1006 1376 una
1030 1333 1107 1376 cum
1124 1312 1200 1376 aliis
1226 1279 1359 1401 rium*

86 1415 210 1483 Curiae
226 1415 452 1482 Generalitiae
474 1415 714 1482 Sacerdotibus
738 1437 777 1480 ac
802 1416 978 1481 Fratribus
993 1437 1012 1480 e
1027 1416 1200 1498 praedicto
1225 1395 1366 1510 miliia

89 1520 268 1588 Conventu
309 1519 552 1586 immaculatae
587 1520 828 1604 conceptionis
857 1529 1049 1602 temporum
1079 1518 1200 1585 iniuria
1225 1509 1366 1614 {2225

86 1625 270 1704 exturbati,
301 1625 333 1687 in
359 1623 559 1689 hodiernum
583 1624 715 1709 asylum
743 1644 847 1708 penes
875 1624 1060 1690 Ecclesiam
1091 1623 1200 1688 sancti
1225 1627 1293 1734 51⁸·
1304 1627 1378 1676 Nice

88 1727 121 1793 N
125 1729 223 1794 icolai
238 1728 476 1806 Tolentinatis,
491 1728 590 1793 titulo
612 1729 798 1807 locationis,
813 1748 887 1800 sese
904 1730 1052 1811 precarie
1067 1714 1199 1811 recepe·
1235 1701 1302 1740 aum.

88 1843 176 1900 runt.
199 1833 300 1898 Nunc
321 1842 434 1898 autem
452 1834 495 1897 de
511 1833 673 1897 mandato
688 1833 794 1897 totius
810 1831 958 1914 Capituli
975 1831 1149 1897 Generalis
1164 1832 1198 1897 in
1222 1847 1365 1907 famae

86 1937 152 2002 hac
168 1937 258 2002 alma
275 1937 369 2002 Urbe
380 1937 436 2000 die
448 1951 489 2000 lx
503 1935 585 2000 Maii
597 1937 720 2001 mensis
731 1955 821 2001 anno
833 1949 1103 2000 uncccuxxxw
1114 1935 1199 2001 cele·
1225 1907 1379 2012 famil.

85 2041 184 2119 brati,
211 2051 289 2124 post
319 2041 468 2105 diutinas
497 2041 666 2124 durasque
690 2040 884 2105 exantlatas
914 2039 1141 2117 difficultates,
1165 2051 1200 2106 et
1224 2027 1335 2074 “⁸³⁸⁸''

88 2144 251 2229 plurimas
266 2163 306 2207 ac
322 2141 467 2208 fervidas
483 2145 526 2208 ad
553 2139 665 2210 D'eum
686 2141 809 2208 etiusas
824 2163 949 2227 preces,
965 2145 1076 2209 iidem
1084 2143 1199 2210 dilecti
1225 2087 1379 2200 mxu

88 2248 148 2313 filii
165 2246 317 2312 hodierni
335 2247 500 2324 Minister,
514 2247 721 2323 Procurator,
734 2247 1006 2331 Definitoresque
1018 2247 1201 2316 Generales
1225 2207 1331 2313 ἐπ’

86 2353 270 2418 secundam
296 2355 385 2417 nacti
401 2352 625 2428 occasionem,
640 2352 814 2434 acquisita,
829 2352 965 2434 praevia
979 2352 1201 2435 Apostolicae

84 2456 188 2521 huius
211 2455 357 2521 Sanctae
383 2455 482 2521 Sedis
509 2455 654 2533 licentia,
676 2475 754 2520 arca
768 2475 847 2520 curn
864 2455 997 2520 fabricis
1020 2477 1040 2520 e
1059 2458 1201 2523 dimidio

86 2561 252 2624 extructis
280 2562 313 2623 in
339 2561 393 2624 via
419 2562 521 2645 vulgo
539 2573 557 2627 t
575 2559 866 2643 Boncompagnit
886 2562 929 2625 ad
947 2561 1077 2626 Hortos
1092 2560 1202 2628 Sallu·

85 2663 226 2742 stianos,
250 2665 341 2746 ipsas
369 2663 511 2729 fabricas
536 2663 579 2728 ad
605 2683 759 2730 normam
787 2664 1008 2729 Franciscalis
1038 2666 1203 2746 coenobii,

85 2769 376 2851 quemadmodum
401 2767 515 2852 legum
541 2770 765 2834 aedilitiarum
791 2769 984 2852 exigentiae
999 2770 1203 2849 ierunt,una

84 2891 164 2936 cum
188 2872 341 2938 Ecclesia
367 2883 487 2938 sancto
502 2873 687 2939 Laurentio
712 2875 939 2953 Brundusino,
953 2875 1034 2940 olim
1063 2874 1203 2953 Ordinis

84 2973 254 3054 Generali,
265 2976 420 3054 dicanda,
436 2977 560 3059 stipem
577 2975 762 3041 Provinciis
778 2977 1035 3059 quampluribus
1050 2999 1090 3043 ac
1106 2999 1201 3062 prae·

84 3079 201 3143 sertim
212 3080 339 3143 exteris
351 3078 444 3144 filiali
457 3080 571 3144 studio
583 3080 849 3163 corrogantibus,
859 3101 965 3163 nuper
974 3080 1201 3146 conficiendas

84 3194 294 3250 curaverunt
312 3183 409 3268 Quae
424 3204 530 3267 quum
556 3183 604 3248 ita
627 3183 704 3262 sint,
725 3183 768 3248 ad
794 3186 1044 3266 praecavendas
1058 3183 1200 3250 difficul-
1299 3231 1379 3289 Quam

83 3295 175 3352 tates
199 3287 295 3352 facile
310 3289 501 3352 exorituras
516 3297 618 3371 atque
633 3288 676 3353 ad
693 3296 766 3353 tute
778 3286 983 3371 firmiterque
992 3291 1198 3355 constituen·
1223 3291 1347 3394 romanu

85 3391 169 3456 dum
192 3400 319 3456 statum
344 3393 543 3457 canonicum
570 3391 802 3474 religiosorum
830 3393 975 3457 virorum
1001 3392 1045 3457 ad
1061 3393 1198 3459 Curiam
1221 3359 1371 3480 lli‘ifriais

86 3493 328 3560 Generalitiam
356 3496 608 3578 pertinentium,
634 3496 803 3579 simulque
827 3507 863 3561 ut
890 3497 1034 3562 universi
1061 3496 1200 3564 Ordinis
1225 3469 1354 3575 ξζῖἷζζξῖ,

85 3599 285 3683 disciplinae
300 3601 484 3664 servandae
500 3621 559 3683 per
583 3599 656 3664 Nos
670 3611 835 3684 quantum
852 3603 885 3664 in
905 3601 1056 3666 Domino
1082 3621 1197 3685 possu·
1222 3586 1346 3701 {ffb

87 3721 163 3767 mus
178 3702 369 3767 consultum
383 3703 437 3780 sit,
446 3704 608 3786 porrectis
623 3705 686 3768 hac
701 3724 802 3787 super
818 3725 852 3769 re
869 3705 1022 3786 precibus
1037 3725 1058 3770 a
1074 3724 1199 3772 memo·

86 3808 167 3871 ratis
195 3805 361 3885 Ministro,
393 3806 610 3873 Procuratore
634 3829 673 3872 ac
706 3807 948 3874 Definitoribus
979 3808 1201 3876 Generalibus

88 3909 227 3976 Ordinis
242 3912 350 3976 sancti
368 3911 538 3975 Francisci
556 3911 801 3994 Capulatorum
819 3913 965 3996 benigne
980 3914 1200 3980 annuendum

87 4016 288 4094 censuimus,
315 4015 514 4098 collatisque
539 4015 697 4095 consiliis,
719 4016 946 4099 omnibusque
966 4018 1136 4085 adiunctis
1150 4027 1201 4085 at·

88 4126 182 4183 tente
208 4119 381 4202 perpensis
407 4139 483 4185 cum
502 4117 580 4184 VV.
608 4120 674 4184 FF.
699 4120 778 4186 NN.
800 4120 834 4188 S.
851 4121 893 4188 R.
909 4122 949 4188 E.
964 4122 1201 4189 cardinalibus

90 4223 234 4306 negotiis
255 4222 501 4307 Episcoporum
519 4234 554 4288 et
577 4223 796 4308 Regularium
812 4228 1058 4309 cognoscendis
1073 4237 1108 4292 et
1122 4228 1201 4293 diri·

91 4326 222 4391 mendis
238 4328 447 4411 praepositis,
463 4327 545 4394 haec
562 4348 650 4412 quae
665 4327 751 4396 infra
768 4331 893 4414 scripta
907 4340 987 4398 sunt
1012 4333 1203 4412 statuimus,
