3117 4859
400 375 451 425 DE
479 373 642 425 ROSARIO
670 375 842 426 MARlALl.
1107 375 1176 447 115

80 523 216 606 poribus,
232 544 339 608 acque
363 543 521 608 rogamus
537 526 656 589 caussa
672 526 807 601 Nostra,
831 525 888 609 qui
912 506 1043 591 deiexa
1060 538 1179 607 aetate,
1234 536 1320 635 SEssT

81 626 191 693 defessi
206 628 386 707 laboribus,
394 628 599 694 difficillimis
611 649 720 692 rerum
733 630 904 693 constricti
917 631 1091 712 angustiis,
1107 632 1178 698 nul·
1244 625 1324 711 18qu
1352 626 1354 631 ’

82 733 117 796 lis
131 734 299 799 hominum
331 734 405 799 fulti
436 734 603 812 subsidiis,
619 734 724 817 ipsius
750 735 978 817 gubernacula
1007 736 1177 801 Ecclesiae
1198 764 1330 825 precesad

81 846 261 902 tractamus.
276 837 411 920 Nempe
427 840 460 902 in
479 838 599 914 Maria,
615 849 753 921 potente
765 849 799 902 et
813 838 960 921 benigna
972 849 1086 916 matre,
1102 860 1178 923 spes
1197 827 1346 956 221qu

81 942 196 1007 Nostra
230 941 439 1024 exploratior
465 943 616 1027 quotidie
642 944 803 1025 augescit,
828 944 1005 1007 iucundius
1046 944 1177 1008 arridet.
1205 960 1320 1036 exposcar.

82 1044 174 1110 Cuius
197 1044 425 1128 deprecationi
442 1048 469 1109 si
493 1045 637 1130 plurima
653 1067 759 1131 eaque
789 1047 959 1129 praeclara
975 1046 1135 1112 beneficia
1158 1071 1178 1112 a
1203 1024 1323 1136 ,sm

80 1148 146 1209 Deo
159 1158 297 1230 accepta
311 1148 494 1227 referimus,
507 1150 540 1213 id
559 1170 694 1233 quoque
710 1149 866 1215 effusiore
877 1152 988 1234 gratia
1004 1150 1177 1215 referimus
1204 1096 1278 1204 ²1⁶¹?ss
1277 1098 1357 1218 iiiior!

79 1252 159 1335 quod
174 1253 312 1318 lamiam
337 1254 437 1319 detur
452 1254 767 1339 quinquagesimum
796 1256 886 1320 diem
910 1256 1176 1322 anniversarium
1203 1221 1331 1349 wc-
1386 1254 1388 1261 '

81 1358 233 1440 attingere
247 1378 294 1422 ex
310 1378 379 1443 quo
401 1379 516 1424 sumus
543 1360 727 1441 episcopali
743 1360 862 1424 ordine
887 1360 1083 1428 consecrati.
1101 1361 1175 1425 Ma·
1202 1352 1356 1467 lzssfflffi

79 1481 170 1544 gnum
186 1482 266 1526 sane
281 1463 347 1528 hoc
362 1474 413 1528 est
429 1464 685 1546 respicientibus
701 1474 772 1529 tam
788 1464 983 1529 diuturnum
999 1466 1175 1547 pastoralis
1202 1433 1298 1531 innuis
1313 1434 1358 1532 iia

80 1565 212 1628 muneris
231 1566 390 1648 spatium,
404 1578 569 1649 quantum
586 1569 773 1650 praecipue,
792 1568 990 1651 quotidiana
1017 1569 1174 1633 sollicito·
1202 1548 1355 1669 ffiffssssm

78 1668 148 1732 dine
161 1670 334 1752 agitatum,
344 1672 455 1735 adhuc
471 1672 700 1755 impendimus
715 1671 899 1736 christiano
916 1673 1009 1755 gregi
1022 1675 1175 1739 universo
1203 1680 1238 1727 sit
1248 1679 1349 1745 ‘vuile-

78 1774 220 1853 rcgendo.
234 1772 313 1856 Quo
329 1773 439 1838 Nobis
455 1775 488 1837 in
505 1776 626 1856 spatio,
643 1784 679 1838 ut
690 1784 741 1838 est
755 1774 932 1838 hominum
950 1774 1029 1851 vita,
1044 1785 1080 1838 ut
1097 1788 1175 1842 suut
1203 1750 1310 1859 mliii„

63 1873 233 1950 ,Christiet
246 1877 367 1940 Matris
380 1878 610 1960 mysteria,nec
621 1876 798 1942 defuerunt
815 1878 1013 1960 gaudiorum
1031 1898 1176 1955 caussae,
1203 1889 1332 1952 omnesq-

78 1988 106 2041 et
123 1979 230 2061 plures
254 1980 461 2064 acerbaeque
476 1982 651 2046 admixtae
673 1990 751 2045 sunt
767 2001 905 2045 caussae
920 1981 1084 2058 dolorum,
1106 1982 1176 2064 glo·
1203 1955 1348 2053 miii?

79 2084 173 2147 riandi
190 2087 221 2148 in
239 2085 375 2150 Christo
390 2088 546 2169 praemiis
569 2103 705 2169 quoque
727 2086 869 2151 delatis:
885 2106 991 2169 eaque
1015 2086 1086 2151 Nos
1105 2106 1176 2151 om·
1203 2071 1330 2185 ᾗῖξζζζζ

80 2189 135 2263 nia,
148 2190 293 2253 demissa
310 2189 385 2254 Deo
396 2190 581 2272 aequaliter
598 2199 710 2254 mente
725 2199 890 2272 gratoque
901 2191 1025 2268 animo,
1038 2210 1174 2254 conver·
1203 2208 1322 2251 consacra-

81 2301 140 2356 tere
160 2295 202 2357 ad
218 2293 393 2357 Ecclesiae
408 2293 535 2358 bonum
552 2304 586 2357 et
601 2303 837 2358 ornamentum
861 2294 1063 2358 studuimus.
1076 2295 1176 2359 Nunc
1203 2273 1321 2392 {zm

80 2396 147 2475 iam,
161 2418 221 2461 nec
237 2399 326 2462 enim
340 2397 547 2483 dissimiliter
570 2397 698 2481 reliqua
714 2400 783 2462 vita
798 2399 962 2477 decurret,
978 2399 1006 2461 si
1023 2398 1074 2463 vel
1089 2420 1176 2464 nova
1203 2399 1314 2511 idpsum
1340 2465 1345 2475 ,

80 2498 247 2585 effulgeant
262 2502 386 2584 gaudia
399 2501 451 2565 vel
467 2502 686 2585 impendeant
701 2502 845 2579 dolores,
860 2503 886 2565 si
902 2523 967 2585 qua
984 2503 1110 2585 gloriae
1122 2523 1175 2567 ac·
1203 2480 1357 2579 iiiiisscii.

80 2623 199 2669 cessura
220 2605 289 2669 sint
304 2603 435 2682 decora,
450 2606 570 2670 eadem
596 2606 669 2669 Nos
701 2614 815 2669 mente
843 2607 1031 2689 eodemque
1061 2608 1177 2671 animo
1203 2602 1287 2645 rums.

79 2718 266 2787 constantes,
281 2719 316 2773 et
342 2710 484 2792 gloriam
508 2710 607 2773 unice
629 2720 828 2791 appetentes
845 2731 865 2772 a
886 2711 961 2774 Deo
987 2712 1177 2790 caelestem,

79 2812 218 2877 davidica
232 2812 290 2877 illa
302 2814 465 2878 iuvabunt
482 2831 489 2871 z
509 2812 567 2877 Sit
578 2834 693 2877 nomen
707 2813 852 2877 Domini
865 2814 1063 2879 benedictum
1075 2817 1175 2881 :Non

80 2915 168 2995 nobis,
190 2916 341 2995 Domine,
367 2938 431 2980 non
456 2916 557 2993 nobis,
578 2917 637 2980 sed
660 2917 790 2980 nomini
815 2929 870 2982 tuo
900 2918 945 2981 der
962 2918 1138 3003 gloriam(
1155 2921 1175 3003 ).

80 3016 233 3100 Equidem
249 3042 270 3084 a
286 3020 361 3084 liliis
372 3020 517 3097 Nostris,
526 3039 669 3102 quorum
680 3020 713 3083 in
727 3019 757 3082 N
761 3040 799 3083 os
815 3021 969 3084 videmus
982 3023 1093 3087 studia
1105 3032 1175 3086 tam
1211 3104 1216 3115 ι
1237 3038 1323 3087 Preces

80 3122 126 3199 pie
139 3131 171 3187 et
196 3123 358 3188 benevole
374 3123 521 3201 incensa,
537 3123 649 3207 potius
672 3144 775 3207 quam
793 3123 1036 3205 gratulationes
1056 3134 1090 3189 et
1106 3125 1176 3188 lau·
1203 3103 1354 3234 {QZ}

79 3226 138 3302 des,
150 3247 297 3291 summas
314 3227 390 3291 Deo
405 3227 536 3310 optimo
551 3234 663 3309 grates
676 3247 859 3309 precesque
876 3237 910 3291 et
932 3237 1013 3291 vota
1038 3248 1176 3310 magno·
1203 3236 1247 3282 liis
1261 3244 1341 3299 exspe-

80 3351 148 3409 pere
172 3341 392 3415 expectamus
406 3353 414 3409 ;
426 3333 577 3395 maxime
597 3332 712 3395 laetati
728 3334 756 3394 si
772 3331 836 3395 hoc
862 3330 970 3395 Nobis
987 3332 1176 3415 impetrent,
1203 3306 1259 3351 ‘⁸⁰¹'

80 3445 110 3495 ut
126 3447 285 3518 quantum
302 3435 422 3498 virium
438 3443 472 3499 et
488 3435 577 3499 vitae
593 3436 746 3517 supersit,
761 3445 926 3519 quantum
952 3436 1096 3501 resideat
1119 3458 1176 3501 au-

81 3541 232 3603 ctoritatis
243 3549 278 3603 et
292 3539 432 3621 gratiae,
449 3548 581 3603 tantum
600 3540 773 3605 Ecclesiae
789 3539 928 3603 omnino
942 3540 1073 3605 accidat
1088 3543 1176 3606 salu·

80 3651 149 3720 tare,
160 3645 192 3707 in
215 3644 332 3727 primis
355 3643 396 3706 ad
421 3641 569 3706 infensos
593 3653 627 3707 et
642 3644 768 3720 devios,
784 3662 869 3725 quos
893 3643 1090 3708 iamdudum
1106 3668 1176 3713 vox

81 3744 192 3811 Nostra
214 3748 345 3825 invitat,
360 3746 567 3811 reducendos
585 3746 859 3811 reconciliandos.
877 3746 1045 3811 Omnibus
1062 3760 1176 3815 autem
1240 3770 1341 3833 optima

79 3846 290 3915 dilectissimis
313 3850 398 3929 filiis,
413 3870 459 3913 ex
485 3851 652 3933 proxima,
668 3850 745 3913 Deo
773 3851 932 3927 donante,
948 3848 1121 3917 faustitate
1144 3863 1178 3917 et
1204 3836 1354 3963 fflffll

80 3949 194 4019 laetitia
208 3955 344 4031 Nostra,
361 3954 517 4032 iustitiae,
533 3954 634 4037 pacis,
658 3954 900 4036 prosperitatis,
927 3955 1179 4035 sanctimoniae,
1204 3968 1335 4041 xinra'sua

80 4056 230 4124 bonorum
247 4060 398 4123 omnium
422 4055 561 4122 affluant
578 4077 740 4123 munera:
759 4059 822 4122 hoc
839 4067 979 4140 paterna
995 4059 1136 4123 caritate
1158 4082 1177 4123 a
1197 4032 1222 4095 s
1216 4038 1335 4079 ‘'mm“

1204 4098 1318 4161 adpreca-

82 4159 147 4226 Deo
161 4160 464 4247 adprecamur,hoc
480 4161 618 4238 eloquiis
629 4163 700 4226 eius
715 4181 971 4226 commonemus
991 4186 997 4226 :
1017 4162 1178 4227 Obaudite
1204 4162 1356 4276 ‘Zmin

83 4284 160 4332 me...
176 4278 207 4332 et
221 4267 322 4351 quasi
329 4287 405 4330 rosa
412 4267 567 4349 plantata
581 4279 681 4350 super
689 4268 778 4332 rivos
789 4288 954 4354 aquarum
958 4268 1177 4351 fructificate:
1205 4294 1264 4342 ,aar
1274 4307 1312 4341 eos

110 4414 128 4447 1.
136 4402 174 4452 Pr.
192 4414 255 4461 cxu,
268 4413 388 4460 a;cx111,
407 4418 427 4450 r.
