3117 4859
405 359 474 444 196
653 365 985 431 cn1srota“uon
1013 360 1251 431 nanroca1.’'

220 538 370 614 rificumpq·
398 536 561 609 perpetuo
591 528 727 605 studuit,
752 540 788 591 ut
811 530 983 593 sanctitati
1000 550 1131 593 morum
1157 530 1412 593 christianorum
1438 548 1491 591 nec

265 605 371 653 trocinro
446 635 453 649 .
579 634 587 649 .
910 637 945 651 ..
988 638 997 651 .
1159 638 1167 651 .
1223 637 1232 651 .
1429 635 1436 650 .

300 669 378 728 ,m
397 634 629 717 philosophrae
641 635 764 711 lumen,
776 656 837 699 nec
850 636 1015 717 polrtrorrs
1028 638 1250 701 humanitatis
1261 636 1395 701 deesset
1405 643 1493 697 nitor.

245 735 370 847 docrn'nal-
398 737 476 820 Quo
501 739 535 801 in
561 758 683 820 genere
711 739 842 821 insigne
869 740 963 804 vobis
995 740 1089 822 quasi
1116 740 1354 824 patrimonium
1377 738 1492 823 gloriae

219 816 369 915 puteum:
396 840 608 905 transmisere
626 842 684 903 viri
700 861 775 905 cum
805 844 920 924 paucis
944 844 1173 925 comparandi,
1195 842 1392 907 Franciscus
1415 842 1492 905 Suo-

219 932 369 1059 {1²¹¹pr&
397 964 458 1022 rea,
487 944 626 1008 Ioannes
655 944 756 1027 Lugo,
788 946 985 1009 Franctscus
1020 946 1157 1023 Tolerus,
1187 948 1390 1011 nominatim
1424 965 1496 1009 vero

218 1062 339 1123 rontium,
396 1048 591 1111 Francr'scus
606 1047 646 1109 X
645 1048 772 1126 irnerres,
795 1050 852 1132 qui
868 1051 971 1114 ductu
988 1051 1215 1134 auspiciisque
1231 1050 1433 1115 Pontificum
1447 1070 1495 1112 ro

396 1172 571 1215 manorum
597 1153 707 1233 potuit
733 1154 776 1215 ad
794 1153 885 1216 illam
913 1154 1086 1218 doctrinae
1105 1154 1350 1237 praestantiam
1366 1162 1494 1219 conten-

395 1256 483 1333 dere,
497 1277 564 1338 qua
581 1276 647 1319 non
673 1257 775 1321 modo
793 1258 1008 1341 Hispaniam,
1024 1262 1083 1322 sed
1107 1260 1297 1323 universam
1325 1260 1494 1323 illustravit

396 1362 777 1443 Europampraesertim
788 1363 1108 1427 constitutisstudiis
1120 1362 1184 1427 illis
1195 1363 1495 1447 complutensibus,

394 1465 515 1547 quibus
538 1464 648 1527 edocti
676 1464 811 1528 iuvenes
839 1466 873 1528 in
892 1466 959 1530 Dei
971 1467 1115 1531 Ecclesia
1136 1467 1315 1549 sapientiae
1330 1466 1495 1551 splendore,

395 1575 565 1647 tamqnam
573 1566 684 1629 stellae
693 1569 877 1631 matutinae
886 1581 1093 1648 coruscantes,
1106 1570 1140 1635 in
1154 1571 1308 1635 veritatis
1318 1572 1378 1635 vair
1387 1582 1497 1635 ceteros

395 1670 586 1734 illuminare
603 1680 734 1751 possent
748 1671 800 1754 (¹).
818 1673 873 1735 Ex
898 1694 938 1736 ea
963 1686 1078 1756 segete
1106 1685 1176 1738 tarn
1202 1678 1284 1739 scite
1307 1678 1496 1758 naviterque

395 1774 540 1853 exculta,
555 1773 674 1837 cohors
691 1774 747 1838 illa
762 1776 878 1839 extitit
890 1776 1065 1839 doctorum
1082 1778 1270 1855 illustrium,
1286 1783 1343 1862 qui
1356 1800 1377 1843 a
1395 1800 1496 1843 roma-

394 1899 439 1942 no
456 1878 619 1942 Pontifice
635 1889 736 1961 atque
756 1901 775 1943 a
793 1880 888 1961 Rege
904 1879 1079 1944 Catholico
1102 1884 1146 1945 ad
1165 1881 1342 1965 Synodum
1360 1883 1495 1946 Triden·
1514 1948 1519 1956 ,

393 1986 500 2049 tinam
517 1985 658 2063 invitati,
673 1986 845 2067 utriusque
867 1988 1140 2067 expectationem
1157 1989 1292 2069 egregie
1309 1988 1495 2069 implevere

231 2136 365 2200 dapum·
395 2088 513 2171 Neque
538 2108 617 2151 vero
634 2090 753 2151 mirum
782 2098 841 2166 est,
867 2098 919 2152 tot
944 2090 1146 2171 Hispaniam
1176 2100 1357 2173 tantosque
1382 2091 1496 2155 tulisse

231 2203 281 2251 mn
292 2202 365 2279 adsp-
392 2193 480 2256 viros
496 2214 503 2271 ;
520 2191 684 2273 siquidem
698 2200 831 2272 praeter
847 2192 1033 2254 naturalem
1051 2192 1261 2272 ingeniorum
1277 2196 1358 2271 vim,
1372 2194 1493 2275 praesi-

212 2268 365 2397 ss‘ffms‘zffzj
394 2296 449 2359 dia
466 2305 566 2377 atque
577 2298 804 2381 instrumenta
820 2305 954 2377 praesto
970 2305 1065 2359 erant
1081 2296 1265 2378 aptissima,
1278 2316 1424 2380 quorum
1436 2318 1496 2378 ope

214 2398 300 2447 sidiis.
394 2399 581 2462 studiorum
599 2400 683 2461 ratio
699 2397 920 2480 perficeretur.
936 2397 1027 2463 Satis
1054 2408 1104 2461 est
1127 2419 1249 2480 magna
1263 2399 1376 2482 Lycea
1395 2417 1496 2463 recor·

395 2504 465 2566 dari
483 2502 722 2585 Complutense
738 2512 771 2566 et
788 2503 1063 2579 Salmanticense,
1078 2524 1165 2585 quae
1187 2524 1276 2581 sane,
1293 2504 1498 2586 advigilante

396 2615 557 2693 Ecclesia,
574 2614 743 2697 praeclara
753 2614 955 2678 christianae
967 2613 1152 2695 sapientiae
1162 2614 1331 2677 domicilia
1348 2615 1497 2678 extitere.

395 2720 547 2803 Quorum
565 2720 752 2783 recordatio
770 2731 891 2801 sponte
907 2718 1122 2799 coniungitur
1137 2738 1214 2781 curn
1232 2720 1396 2782 memoria
1424 2720 1498 2783 Col-

394 2826 567 2906 legiorum,
582 2844 668 2907 quae
684 2824 916 2888 ecclesiasticis
932 2823 1010 2886 viris
1025 2822 1162 2904 ingenio
1187 2822 1383 2906 sciendique
1407 2825 1495 2904 cupi·

394 2929 501 2992 ditate
517 2927 763 3009 praestantibus
780 2944 993 2991 communem
1019 2924 1135 2987 sedem
1160 2925 1378 2989 commodum
1405 2944 1498 3009 prae·

394 3030 504 3094 buere.

300 3171 369 3219 Haec
439 3134 487 3198 Ar
503 3156 580 3197 vero
597 3133 726 3197 habetis
750 3143 829 3197 ante
844 3132 969 3208 oculos,
984 3130 1204 3194 Venerabiles
1221 3132 1365 3207 Fratres,
1388 3142 1498 3214 poste-

252 3237 367 3300 pastorio·
394 3242 516 3303 riorum
534 3250 724 3320 temporum
734 3237 875 3301 cladem.
886 3238 926 3300 In
939 3238 979 3299 iis
993 3255 1103 3298 rerum
1114 3235 1321 3316 publicarum
1335 3234 1501 3315 fluctibus,

213 3306 366 3430 pssssssfffi
393 3344 450 3425 qui
466 3343 634 3424 superiore
650 3350 750 3423 atque
767 3342 830 3403 hoc
847 3342 920 3422 ipso
931 3338 1086 3403 volvente
1096 3338 1240 3414 saeculo,
1250 3348 1357 3401 totam
1372 3348 1497 3420 pertur-

210 3432 368 3559 summ
394 3450 515 3511 barunt
532 3446 712 3527 Europam,
727 3446 822 3528 quasi
839 3444 1023 3527 procelloso
1046 3445 1174 3524 impetu
1187 3444 1315 3507 deiecta
1334 3463 1373 3506 ac
1389 3444 1497 3526 stirpi·

325 3534 332 3555 '
394 3560 447 3613 tus
464 3548 594 3611 divulsa
610 3559 687 3611 sunt
706 3548 873 3623 Instituta,
900 3548 1022 3631 quibus
1038 3546 1081 3609 ad
1099 3544 1176 3609 fidei
1193 3545 1434 3627 doctrinaeque
1450 3549 1497 3608 in-

394 3660 565 3712 crementa
588 3648 780 3725 condendis
797 3649 888 3730 regia
913 3648 1011 3711 simul
1037 3658 1071 3710 et
1096 3644 1322 3709 ecclesiastica
1348 3658 1501 3729 potestas

393 3774 490 3817 curas
505 3772 651 3834 opesque
667 3754 887 3817 contulerant.
902 3752 1050 3817 Sublatis
1067 3752 1114 3814 ita
1128 3749 1300 3813 catholicis
1309 3750 1497 3815 studiorum

396 3854 679 3920 Universitatibus
695 3876 876 3939 earumque
891 3854 1058 3936 Collegiis,
1074 3854 1218 3934 ipsamet
1234 3852 1422 3917 Seminaria
1432 3856 1499 3917 cle-

394 3956 538 4023 ricor'um
568 3978 737 4035 exaruere,
763 3958 887 4021 sensim
919 3978 958 4021 ea
983 3956 1161 4021 deficiente
1188 3956 1363 4021 doctrinae
1392 3959 1500 4039 copia,

395 4083 481 4146 quae
496 4082 541 4125 ex
557 4062 687 4143 magnis
705 4062 899 4143 Gymnasiis
915 4060 1095 4124 effluebat:
1111 4068 1283 4143 praeterea
1306 4080 1369 4123 nec
1385 4072 1501 4124 tenere

394 4168 569 4246 antiquum
583 4173 721 4247 potuere
735 4174 861 4229 statum
878 4186 936 4247 per
952 4165 1038 4228 bella
1055 4162 1215 4226 intestina
1230 4172 1264 4226 et
1277 4161 1403 4243 turbas,
1412 4183 1499 4247 quae

394 4266 587 4351 aliquandiu
608 4266 729 4329 civium
754 4269 865 4331 studia
893 4268 1045 4348 viresque
1060 4268 1299 4332 distraxerunt.
1311 4266 1434 4331 Adfuit
1462 4269 1496 4329 in

391 4366 677 4379 ¹‚-..-----.--—..--—--—----
687 4366 794 4373 -.-...

429 4404 449 4437 1.
462 4387 598 4433 Alexander
609 4384 653 4438 Vl,
667 4386 735 4431 Bulla
741 4386 813 4433 later
820 4391 903 4439 cetera,
918 4386 1002 4433 ldlbus
1011 4387 1100 4444 Aprilis
1110 4399 1174 4444 1499

215 4325 259 4360 nar
265 4318 349 4375 potue·
