3117 4859
361 380 431 429 202
478 380 575 431 nrrr.
599 380 757 431 sueves.
781 370 803 398 “
821 382 1197 433 Pnovrusurrssruus
1215 382 1324 433 naus.
1346 360 1362 385 ”

203 540 330 617 mr‘r'sruc-
359 549 431 592 esse
447 531 544 594 datas
571 530 774 610 hominibus,
798 532 958 615 exempla
973 532 1158 597 ostendunt
1174 532 1298 597 Christi
1323 532 1456 597 Domini

190 614 331 729 ‘5222ss
358 644 392 695 et
409 634 662 715 Apostolorum.
677 634 754 716 lpse
770 635 861 700 enim
885 637 941 719 qui
968 650 987 704 (
1004 636 1174 700 miraculis
1197 636 1389 700 conciliavit
1404 658 1459 701 au·

227 738 331 827 sperner
357 739 558 814 ctoritatem,
573 740 772 803 auctoritate
788 741 909 805 meruit
933 739 1044 819 fidem,
1059 738 1126 805 fide
1152 741 1324 805 contraxit
1352 741 1457 805 multi·

173 810 329 933 pergir'i‘ff’
357 840 508 905 tudinem
525 841 569 925 (¹)
585 858 617 920 l,
633 842 676 905 ad
693 862 805 905 sacras
822 844 978 920 Litteras,
990 843 1023 905 in
1040 842 1175 906 divinae
1186 863 1268 906 suae
1284 843 1457 925 legationis

180 934 216 983 di·
254 1000 331 1049 Hanc
358 962 505 1021 munere,
520 945 689 1027 appellare
705 946 899 1011 consuevit:
915 967 993 1009 nam
1011 967 1070 1029 per
1091 948 1303 1011 occasionem
1319 967 1364 1010 ex
1381 947 1459 1028 ipsis

181 1067 331 1142 Ser-mrum
356 1046 458 1109 etiam
482 1068 555 1111 sese
578 1069 598 1111 a
623 1049 698 1113 Deo
723 1050 863 1112 missurn
888 1050 1068 1133 Deumque
1089 1050 1240 1113 declarat
1270 1071 1279 1128 ;
1314 1071 1358 1113 ex
1381 1050 1460 1135 ipsis

191 1132 330 1245 'zssssffl
356 1162 556 1231 argumenta
582 1152 665 1233 petit
692 1155 734 1215 ad
763 1153 947 1235 discipulos
971 1153 1182 1229 erudiendos,
1204 1153 1248 1216 ad
1273 1153 1456 1217 doctrinam

211 1263 332 1339 erreturla¹
355 1254 620 1319 confirmandam
638 1276 732 1320 suam
748 1278 755 1334 ;
771 1260 967 1322 earumdem
991 1259 1186 1323 testimonia
1201 1270 1234 1321 et
1250 1278 1271 1321 a
1286 1257 1461 1321 calumniis

212 1326 330 1457 ,23ng
356 1360 506 1425 vindicat
532 1361 805 1438 obtrectantium,
835 1374 869 1426 et
900 1362 1108 1427 Sadducaeis
1138 1383 1178 1426 ac
1209 1360 1395 1425 Pharisaeis
1417 1362 1458 1424 ad

206 1460 331 1535 appellare
356 1465 607 1545 coarguendum
624 1464 775 1546 opponit,
791 1465 824 1527 in
842 1464 1020 1547 ipsumque
1044 1464 1218 1541 Satanam,
1234 1462 1461 1546 impudentius

251 1526 328 1583 'dm'
357 1566 604 1641 sollicitantem,
629 1580 801 1650 retorquet
815 1588 824 1646 ;
839 1570 1045 1650 easdemque
1073 1568 1137 1632 sub
1152 1568 1264 1650 ipsum
1289 1567 1376 1635 vitae
1392 1566 1462 1629 exi·

356 1681 429 1733 turn
456 1670 636 1753 usurpavit,
661 1670 926 1754 explanavitque
956 1672 1130 1754 discipulis
1155 1671 1334 1747 redivivus,
1358 1688 1462 1753 usque

357 1776 437 1837 dum
454 1777 497 1837 ad
516 1774 622 1839 Patris
637 1774 780 1856 gloriam
797 1777 1017 1841 ascendit-
1044 1776 1128 1839 Eius
1142 1788 1256 1839 autern
1274 1794 1356 1838 voce
1371 1794 1462 1857 prae·
1483 1833 1487 1838 .

194 1900 219 1940 ιι
232 1896 330 1955 aposta
357 1878 529 1961 ceptisque
546 1877 703 1961 Apostoli
719 1878 931 1956 conformati,
947 1880 1083 1944 tametsi
1106 1881 1210 1943 dabat
1227 1880 1299 1960 ipse
1322 1878 1464 1962 regnaret

179 1958 272 2017 ²⁰¹“''¹’
286 1958 330 2005 Μ’
350 1982 598 2067 prodr'gr'afim'
606 1994 668 2064 per
681 2004 922 2046 manuscorum
939 1983 994 2065 (2),
1010 2002 1169 2065 magnam
1192 1995 1308 2047 tamen
1324 1982 1463 2047 efficaci·

213 2024 267 2072 dem
280 2040 330 2071 uon

178 2088 259 2149 sienis
274 2095 329 2136 tan·
357 2096 462 2150 tatem
487 2107 532 2149 ex
558 2086 681 2150 divinis
709 2096 886 2151 traxerunt
904 2086 1024 2164 Libris,
1040 2098 1076 2152 ut
1098 2087 1316 2151 christianam
1332 2087 1460 2170 sapien-

179 2154 332 2268 fiiissirfi‘ffl
357 2192 438 2253 tiam
457 2190 523 2255 late
539 2190 696 2274 gentibus
707 2193 955 2273 persuaderent,
971 2204 1008 2256 ut
1025 2192 1227 2255 ludaeorum
1244 2190 1463 2273 pervicaciam

180 2285 330 2401 ἓζξζιὲἶξῦ
358 2294 559 2377 frangerent,
574 2308 612 2358 ut
628 2296 783 2359 haereses
798 2297 1059 2378 comprimerent
1075 2307 1299 2379 erumpentes.
1315 2296 1356 2360 Id
1373 2314 1461 2377 aper·

358 2408 429 2462 tum
441 2420 485 2461 ex
502 2400 648 2482 ipsorum
666 2401 893 2479 concionibus,
909 2402 942 2464 in
960 2402 1077 2484 primis
1095 2400 1190 2464 Beati
1207 2401 1309 2478 Petri,
1325 2418 1417 2483 quas,
1427 2398 1458 2460 in

358 2516 593 2584 argumentum
636 2504 864 2568 firmissimum
904 2506 1175 2587 praescriptionis
1213 2524 1331 2582 novae,
1369 2502 1462 2568 dictis

357 2608 478 2669 veteris
495 2606 705 2672 Testamenti
716 2608 784 2672 scre
795 2618 1054 2688 contexuerunt;
1066 2610 1169 2690 idque
1184 2609 1295 2689 ipsum
1310 2616 1405 2688 patet
1421 2625 1461 2668 ex

360 2711 524 2776 Matthaei
541 2722 575 2775 et
593 2712 753 2776 lohannis
777 2712 972 2793 Evangeliis
993 2724 1095 2795 atque
1111 2734 1155 2774 ex
1173 2711 1370 2788 Catholicis,
1381 2729 1463 2794 quae

359 2824 529 2893 vocantur,
545 2815 694 2897 epistolis
708 2838 715 2893 ;
732 2816 995 2881 luculentissime
1017 2838 1095 2880 vero
1111 2836 1155 2879 ex
1172 2817 1243 2878 eius
1270 2813 1462 2877 testimonio

360 2921 416 3003 qui
436 2922 511 2987 tad
537 2921 640 3002 pedes
668 2918 863 2984 Gamalielis
888 2920 1014 3002 Legem
1041 2920 1154 3003 Moysi
1171 2930 1205 2983 et
1223 2918 1409 3001 Prophetas
1432 2934 1463 2978 se

360 3023 518 3087 didicisse
544 3023 716 3104 gloriatur,
743 3035 779 3086 ut
808 3032 956 3086 armatus
985 3021 1215 3104 spiritualibus
1244 3022 1322 3086 telis
1352 3031 1463 3103 postea

361 3129 486 3192 diceret
510 3126 745 3191 confidenter:
773 3128 885 3189 Arma
910 3126 1050 3190 mr'litiae
1077 3137 1206 3189 nostrae
1230 3148 1292 3188 nou
1321 3122 1466 3189 carnalr‘a

359 3242 447 3308 ssent,
461 3231 521 3294 sed
525 3230 673 3313 potentia
695 3231 765 3294 Deo
781 3228 827 3314 (3)
843 3248 872 3299 )).
887 3270 930 3281 —-
962 3234 1022 3294 Per
1043 3234 1203 3314 exempla
1228 3233 1330 3313 igitur
1346 3230 1464 3296 Christi

176 3326 334 3455 smmffsffi
361 3336 500 3399 Domini
516 3347 550 3399 et
566 3334 812 3416 Apostolorum
828 3355 946 3399 omnes
962 3336 1162 3417 intelligant,
1177 3338 1304 3399 tirones
1321 3353 1464 3415 praeser-

199 3464 257 3502 mnr
276 3458 334 3503 ura·
361 3441 422 3501 tim
440 3438 580 3501 militiae
595 3458 718 3514 sacrae,
733 3440 851 3519 quanti
876 3438 1049 3502 faciendae
1065 3442 1131 3502 sint
1157 3439 1290 3502 divinae
1309 3438 1464 3508 Litterae,

184 3522 335 3644 „ffla'c'jffj
363 3550 396 3602 et
406 3560 474 3621 quo
489 3539 552 3621 ipsi
569 3540 683 3603 studio
699 3562 765 3621 qua
782 3539 944 3621 religione
959 3543 1001 3604 ad
1019 3543 1107 3604 idem
1125 3542 1228 3605 veluti
1245 3549 1465 3603 armamenta·

363 3646 448 3707 rium
466 3647 623 3708 accedere
640 3645 795 3709 debcant.
812 3643 901 3706 Nam
918 3646 1103 3708 catholicae
1116 3645 1265 3710 veritatis
1280 3647 1465 3708 doctrinam

364 3750 420 3829 qui
437 3748 584 3811 habeant
607 3749 696 3829 apud
725 3750 845 3811 doctos
872 3750 923 3810 vel
953 3750 1108 3813 indoctos
1132 3750 1356 3827 tractandam,
1381 3748 1465 3813 nulla

366 3852 497 3931 uspiam
514 3852 555 3913 de
573 3850 657 3925 Deo,
673 3872 806 3914 summo
818 3864 851 3915 et
875 3851 1117 3932 perfectissimo
1142 3853 1242 3929 bono,
1258 3853 1369 3934 deque
1392 3869 1465 3931 ope·

365 3954 455 4015 ribus
472 3952 612 4035 gloriam
628 3956 869 4037 caritatemque
885 3956 989 4036 ipsius
1005 3957 1235 4036 prodentibus,
1251 3965 1407 4036 suppetet
1424 3952 1466 4013 eis

188 4104 217 4151 de
238 4105 338 4157 nedem.
366 4056 417 4118 vel
435 4055 636 4117 cumulatior
651 4058 748 4137 copia
766 4058 816 4121 vel
830 4059 975 4139 amplior
991 4058 1206 4140 praedicatio.
1225 4058 1278 4122 De
1295 4058 1466 4123 Servatorc

184 4176 264 4233 prora,
368 4171 479 4221 autern
497 4158 634 4221 humani
651 4161 781 4240 generis
800 4162 881 4223 nihil
899 4162 1032 4224 uberius
1056 4161 1291 4243 expressiusvc
1307 4181 1408 4243 quam
1423 4178 1468 4231 ea,

234 3904 263 3953 de
274 3906 336 3969 Deo,

1282 4276 1455 4288 --.....---

402 4337 420 4366 r.
440 4321 462 4366 S.
477 4322 550 4377 Aug..
564 4322 665 4366 Deutr'l.
677 4324 749 4375 cred„
760 4332 816 4374 xlv,
827 4338 863 4382 32
876 4348 907 4357 -
922 4338 943 4369 a
963 4328 1016 4370 Aer.
1032 4327 1118 4383 κως,
1137 4348 1165 4357 -
1181 4340 1202 4382 3.
1221 4324 1244 4370 S.
1261 4325 1339 4375 Hier,
1353 4324 1386 4367 De
1396 4318 1469 4367 studio

370 4388 458 4448 Scripl.
472 4390 504 4433 ad
517 4390 608 4434 l'aulin.
617 4396 649 4447 ep.
664 4399 720 4442 ΜΗ,
735 4404 756 4448 3.
