3117 4859
349 372 401 421 AD
429 370 535 422 rtur-:1
562 370 766 422 UNITATEM
794 368 1052 422 COHORTATlO.
1187 367 1258 443 275

148 521 266 585 abfore
293 531 330 585 ut
354 520 505 597 redeant,
530 520 619 584 unde
643 521 837 596 discessere,
863 518 929 585 fide
965 521 1057 585 avita
1084 521 1259 602 gloriaque
1319 545 1412 634 metam

149 639 262 692 vetere
278 627 435 703 illustres,
450 626 622 689 Ecclesiae
636 625 827 690 orientales.
839 626 891 689 Eo
902 628 955 690 vel
969 627 1076 709 magis
1086 627 1176 708 quod
1191 645 1258 689 non
1328 644 1403 709 1894.

151 732 280 814 ingenti
295 732 489 796 discrimine
504 732 726 813 seiunguntur
740 755 748 795 ε
763 733 843 808 imo,
859 732 886 794 si
904 752 1012 813 pauca
1036 732 1198 814 excipias,
1212 732 1259 795 sic
1286 774 1393 809 romana
1404 778 1438 811 se-

150 847 261 901 cetera
285 837 525 912 consentimus,
549 846 587 900 ut
602 837 636 899 in
659 837 741 917 ipsis
756 836 914 899 catholici
938 836 1085 899 nominis
1106 835 1260 899 vindiciis
1278 834 1435 940 filimi&

151 958 218 1003 non
235 957 311 1001 raro
326 958 371 1001 ex
386 938 552 1013 doctrina,
566 957 613 999 ex
630 956 731 1013 more,
747 956 792 999 ex
807 936 935 1014 ritibus,
946 936 1068 1018 quibus
1079 935 1259 1000 orientales
1286 971 1324 1006 ne.

151 1052 299 1119 utuntur,
325 1041 522 1106 testimonia
546 1050 648 1123 atque
669 1050 870 1123 argumenta
898 1060 1103 1122 promamus.
1130 1040 1258 1103 Praeci-
1285 1093 1431 1137 rumroma-

149 1168 252 1229 puum
268 1147 400 1211 dissidii
415 1155 529 1229 caput,
543 1146 587 1209 de
611 1146 743 1209 romani
761 1146 936 1209 Pontificis
952 1146 1109 1228 primatu.
1128 1144 1258 1209 Verum
1287 1154 1319 1199 ni
1332 1153 1437 1230 Pontifi-

150 1253 328 1334 respiciant
354 1252 398 1315 ad
422 1250 529 1328 initia,
560 1250 700 1314 videant
723 1250 805 1332 quid
836 1251 978 1314 maiores
1006 1250 1173 1315 senserint
1200 1250 1261 1326 sui,
1286 1219 1439 1348 ἵῇὐῗῗίῗ

150 1358 232 1441 quid
243 1354 400 1438 proxima
411 1354 599 1436 originibus
609 1365 701 1419 aetas
714 1355 986 1419 tradideritlnde
997 1354 1167 1418 enimvero
1178 1355 1258 1417 illud
1286 1350 1437 1477 wilm

152 1461 276 1526 Christi
292 1459 444 1523 divinum
473 1457 716 1534 testimonium,
736 1457 786 1520 Tu
803 1479 836 1521 es
856 1456 978 1523 Petrus
1004 1468 1036 1521 et
1058 1470 1156 1539 super
1177 1459 1263 1521 hanc
1289 1480 1431 1531 Orientales

139 1575 275 1647 petram
289 1562 466 1646 aedificabo
476 1560 656 1625 Ecclerriem
668 1582 782 1637 meam,
793 1561 978 1625 luculenter
987 1572 1085 1625 extat
1097 1563 1140 1625 de
1151 1583 1259 1625 roma·
1282 1546 1406 1673 ζηνξζέᾞκ

150 1669 204 1731 nis
216 1666 436 1732 Pontificibus
447 1666 714 1748 comprobatum.
729 1665 844 1747 Atque
860 1666 893 1728 in
907 1664 1106 1729 Pontificum
1120 1686 1261 1730 numero
1288 1676 1369 1754 iisque
1382 1695 1437 1755 'non

149 1770 256 1836 lectos
270 1792 317 1835 ex
334 1770 474 1837 Oriente
497 1770 572 1852 ipso
599 1788 667 1831 non
696 1788 823 1850 paucos
851 1770 959 1850 prisca
977 1770 1062 1832 vidit
1079 1780 1183 1847 aetas,
1200 1772 1260 1833 im·
1285 1749 1404 1863 min

150 1877 335 1961 primisque
350 1874 566 1951 Anacletum,
583 1872 788 1949 Evaristum‚
805 1874 999 1950 Anicetum,
1016 1874 1261 1954 Eleutherium‚
1286 1888 1438 2003 mxu·

149 1987 569 2069 Zosimum,Agatbonem:
584 2004 726 2066 quorum
739 1985 909 2068 plerisque
921 1986 1113 2069 contigit,ut
1129 1990 1259 2053 univer·
1287 2013 1350 2081 rum
1367 2007 1409 2082 qd.

149 2113 208 2155 sae
243 2090 447 2155 christianae
485 2086 690 2169 reipublicae
727 2088 1058 2152 administrationem
1087 2091 1261 2171 sapienter
1286 2078 1385 2133 min·

150 2207 334 2279 sancteque
346 2204 488 2277 gestam,
503 2190 641 2276 profuso
656 2192 759 2256 etiarn
776 2192 941 2274 sanguine
956 2206 1200 2259 consecrarent.
1216 2232 1259 2245 -

151 2304 256 2368 Plane
270 2300 376 2382 liquet
406 2318 474 2380 quo
499 2307 660 2377 tempore,
682 2316 750 2379 qua
774 2316 902 2375 caussa,
918 2298 1041 2379 quibus
1066 2301 1259 2379 auctoribus
1347 2338 1438 2387 omnes

148 2406 269 2469 infelix
285 2404 437 2467 excitata
450 2400 629 2465 discordia.
647 2398 739 2462 Ante
755 2399 837 2463 illud
855 2409 999 2483 tempus,
1015 2420 1083 2483 quo
1105 2413 1258 2485 tempore
1284 2402 1411 2479 quendam

148 2510 254 2572 homo
268 2506 436 2591 separavit
452 2504 543 2586 quod
561 2502 655 2565 Deus
670 2503 906 2580 coniunxerat,
916 2513 1070 2567 sanctum
1082 2515 1154 2569 erat
1167 2508 1256 2589 apud
1281 2470 1436 2597 Ξῖἑῖῗῐῗι.

147 2631 269 2678 omnes
295 2609 467 2673 christiani
493 2607 583 2670 orbis
610 2615 727 2688 gentes
755 2605 854 2670 Sedis
881 2607 1100 2689 Apostolicae
1124 2629 1258 2688 nomen,
1283 2614 1331 2711 pus
1342 2600 1400 2713 ⁰2⁶⁵·

148 2730 357 2793 romanoque
375 2706 538 2784 Pontifici,
554 2717 591 2769 ut
607 2707 697 2769 beati
726 2707 818 2769 Petri
835 2707 1018 2771 successori
1036 2708 1197 2789 legitimo,
1212 2710 1257 2773 ob
1284 2674 1408 2780 ἕξῗῆᾏ

146 2834 294 2897 eamque
309 2833 378 2877 rem
396 2812 485 2876 IESU
503 2810 662 2875 Cffltlsss
678 2810 712 2873 in
730 2810 827 2874 terris
844 2812 977 2889 vicario,
994 2811 1116 2877 Oriens
1132 2814 1258 2895 pariter
1284 2797 1398 2911 ‘ww

147 2932 253 3003 atque
268 2919 436 2986 Occidens
459 2915 751 2981 consentientibus
777 2916 955 2978 sententiis
977 2916 1049 2978 sine
1067 2916 1135 2979 ulla
1160 2919 1257 2981 dubi·
1281 2870 1412 2987 horruisset,

148 3024 278 3086 tatione
305 3021 477 3105 parebant.
504 3057 548 3069 -
575 3020 675 3083 Hanc
695 3021 740 3082 ob
762 3037 927 3094 caussam,
942 3018 969 3080 si
998 3019 1194 3102 respiciatur
1215 3023 1257 3085 ad
1285 2994 1436 3107 ihm?

146 3128 245 3192 initia
260 3127 400 3203 dissidii,
417 3125 558 3189 Photius
570 3124 643 3205 ipse
659 3134 809 3186 oratores
833 3123 876 3185 de
891 3123 991 3188 rebus
1016 3125 1085 3186 suis
1112 3124 1257 3189 Romam
1287 3121 1438 3201 rop'qeeprri

145 3231 369 3294 destinandos
394 3229 543 3292 curavit:
571 3228 733 3292 Nicolaus
758 3226 871 3291 verol
901 3226 1061 3291 Pontifex
1087 3228 1258 3292 maximus
1286 3190 1396 3239 dassuru.

148 3330 482 3414 Constantinopolim
510 3330 643 3412 legatos
667 3350 756 3406 suos,
784 3330 878 3393 nullo
905 3340 1024 3395 contra
1057 3332 1201 3409 dicente,
1217 3332 1260 3395 ab

148 3439 246 3503 Urbe
261 3438 362 3513 misit,
376 3446 415 3499 ut
428 3434 561 3517 Ignatii
574 3434 793 3497 Patriarcleae
809 3454 959 3497 caussam
980 3434 1157 3517 diligenter
1171 3437 1259 3501 inve·

145 3542 319 3624 sugerent,
329 3550 362 3603 et
377 3538 461 3603 Sedi
471 3538 674 3621 apostolicae
680 3538 788 3621 plenis
797 3560 836 3601 ac
849 3538 1017 3601 veracibus
1033 3540 1194 3619 referrent
1209 3545 1259 3607 in·

144 3645 268 3709 dr'er'r's:
283 3646 330 3709 ita
357 3656 394 3709 ut
410 3655 484 3708 tota
508 3646 554 3708 rei
582 3655 699 3725 gestae
725 3644 866 3706 historia
891 3643 1074 3725 primatum
1099 3668 1258 3713 romanae
1305 3658 1360 3737 „A”
1375 3658 1436 3708 con-

148 3749 258 3826 Sedis,
273 3768 419 3831 quacum
436 3749 609 3812 dissensus
625 3757 698 3810 turn
715 3747 925 3829 erumpebat,
941 3759 1057 3830 aperte
1073 3750 1258 3818 confirmet.
1285 3726 1369 3852 ἓξὲξ
1382 3790 1418 3839 ll

145 3852 308 3936 Denique
328 3855 362 3916 in
378 3852 530 3917 conciliis
547 3853 679 3933 magnis
695 3860 770 3916 tum
788 3851 1009 3934 Lugdunensi
1028 3854 1074 3932 II,
1090 3868 1162 3920 turn
1182 3858 1257 3922 Flo·
1285 3856 1401 3931 ermon,

144 3958 291 4034 rentino,
322 3977 517 4041 supremam
555 3976 772 4022 romanorum
818 3956 1020 4023 Pontificum
1052 3972 1256 4043 potestatem
1285 3921 1429 4035 55:⁴20sp

144 4081 250 4126 nemo
266 4062 410 4145 ignorat,
424 4061 514 4126 sacili
535 4061 757 4125 consensione
780 4072 816 4127 et
834 4082 901 4127 una
925 4083 1043 4128 omnes
1066 4078 1156 4142 voce,
1183 4065 1258 4128 lati·
1284 4054 1328 4169 ἕξ
1346 4050 1433 4166 dgu'll‘

143 4184 211 4230 nos
225 4186 433 4250 graecosque
449 4177 486 4231 ut
501 4168 628 4249 dogma
644 4166 809 4231 sanxisse.
1286 4134 1433 4234 cozmae.

192 4268 266 4334 lsta
280 4271 418 4353 quidem
434 4271 480 4336 ob
495 4271 583 4335 hanc
600 4290 669 4334 rem
687 4270 843 4335 consulto
863 4271 1102 4350 revocavimus,
1119 4274 1198 4356 quia
1213 4276 1257 4339 ad
1322 4300 1438 4363 Spegau-

143 4376 436 4442 reconciliandam
448 4396 566 4461 pacem
578 4376 671 4442 velut
685 4376 907 4443 invitamenta
919 4386 997 4443 sunt
1010 4400 1018 4442 ε
1030 4398 1070 4441 eo
1080 4380 1131 4442 vel
1143 4379 1260 4462 magis,
1288 4364 1439 4493 lffifflss

1336 1022 1440 1077 Primo,
