3117 4859
372 305 374 308 ’
407 339 459 389 os
486 330 657 391 ummrs
684 339 901 393 accensius.
1144 339 1209 414 175

102 492 231 566 gereret
247 483 280 544 in
298 482 394 545 terris
409 482 498 545 vices
522 501 609 559 suas,
624 491 742 565 postea
764 501 866 564 quam
888 481 959 566 ipse
985 484 1029 546 ad
1053 484 1212 550 caelestia
1297 519 1328 567 η

105 586 256 650 rediisset
276 609 283 648 ε
300 585 369 654 (Si
385 586 462 668 quis
484 595 596 650 autern
613 586 704 650 dicat
720 586 812 668 quod
830 605 933 650 uuum
949 596 1100 670 caputet
1121 608 1208 652 unus
1263 567 1356 682 ‘Q'

108 704 126 759 (
141 701 258 774 pastor
273 699 323 754 est
337 689 501 769 Christus,
512 690 570 772 qui
585 698 637 753 est
653 709 738 753 unus
752 690 850 754 unius
867 689 1039 756 Ecclesiae
1054 713 1209 775 sponsus,
1253 735 1391 781 cmg-m,

104 808 207 861 (non
234 792 437 858 sufficienter
448 793 640 876 respondet.
656 793 879 857 Manifestum
914 804 966 859 est
991 795 1092 874 enlm,
1116 798 1208 880 quod
1237 793 1360 899 ἷζέὦζὲξ

105 908 123 964 t
139 897 366 962 ecclesiastica
381 908 592 963 sacramenta
607 897 679 980 ipse
696 897 850 962 Christus
865 897 995 981 perficit
1013 900 1105 982 :ipse
1116 902 1206 966 enirn
1235 918 1372 982 maereo

104 1013 121 1068 t
139 1011 189 1067 est
205 1003 262 1084 qui
284 1002 445 1084 baptizat,
467 1003 540 1084 ipse
562 1011 614 1067 est
636 1002 693 1085 qui
717 1011 858 1084 peccata
882 1004 1033 1079 remittit,
1059 1005 1131 1087 ipse
1158 1016 1209 1071 est
1236 986 1286 1078 :zm
1299 987 1327 1017 ”⁸
1343 976 1389 1084 ‘⁶'ss

105 1120 124 1174 t
138 1125 236 1170 verus
246 1107 412 1183 sacerdos,
427 1106 485 1188 qui
500 1125 538 1170 se
552 1105 677 1171 obtulit
692 1106 725 1168 in
739 1125 797 1170 ara
807 1107 924 1185 crucis,
934 1117 969 1172 et
979 1103 1073 1172 cuius
1085 1109 1208 1174 virtute

102 1224 121 1278 t
138 1228 258 1291 corpus
288 1211 359 1275 eius
376 1212 408 1274 in
426 1209 522 1274 altari
539 1209 689 1292 quotidie
704 1221 918 1275 consecratur
931 1233 939 1289 ;
950 1221 985 1276 et
999 1221 1114 1278 tamen
1130 1213 1210 1296 quia

106 1315 357 1397 (corporaliter
387 1334 454 1378 non
480 1333 557 1377 cum
582 1313 740 1378 omnibus
764 1313 920 1379 fidelibus
941 1317 1207 1400 praesentialiter

102 1432 121 1486 t
139 1427 211 1482 erat
226 1417 367 1496 futurus,
382 1417 483 1502 elegit
501 1419 680 1494 ministros,
691 1438 751 1501 per
761 1439 848 1502 quos
860 1421 1033 1502 praedicta
1049 1418 1205 1485 fidelibus

105 1522 357 1605 (dispensaret,
372 1533 408 1587 ut
433 1542 535 1605 supra
560 1521 647 1606 (cap.
664 1522 721 1606 74)
736 1524 865 1587 dictum
882 1533 941 1587 est.
960 1524 1090 1588 Eadem
1107 1525 1209 1608 igitur

102 1639 120 1694 t
138 1627 278 1704 ratione,
293 1627 371 1709 quia
387 1628 611 1709 praesentiam
628 1628 835 1709 corporalem
852 1637 924 1692 erat
941 1627 1114 1692 Ecclesiae
1130 1631 1208 1694 sub·

104 1739 315 1809 (tracturus,
345 1731 495 1814 oportuit
520 1742 557 1796 ut
572 1731 680 1796 'alicui
712 1733 938 1797 committeret
965 1734 1022 1816 qui
1049 1733 1125 1798 loco
1151 1735 1202 1800 sui

103 1848 122 1902 t
140 1834 335 1899 universalis
352 1835 522 1900 Ecclesiae
538 1845 667 1918 gereret
682 1856 806 1900 curam.
822 1836 913 1900 Hinc
929 1848 980 1901 est
996 1837 1087 1919 quod
1099 1840 1199 1902 Petro
1241 1889 1246 1900 ,
1277 1831 1387 1886 ΡΜ·

104 1939 229 2007 edixit
254 1947 334 2004 ante
358 1939 587 2004 ascensionem
615 1942 749 2005 :Pasce
774 1960 853 2005 oves
873 1961 965 2005 meas
980 1940 1065 2024 (¹).)
1097 1945 1206 2010 [Esus
1235 1903 1388 1996 zmil

102 2043 129 2108 C
134 2057 296 2109 HRISTth
306 2043 407 2126 igitur
417 2063 587 2108 summum
598 2054 759 2110 rectorem
773 2044 945 2109 Ecclesiae
956 2047 1090 2112 Petrum
1103 2048 1209 2126 dedit,
1231 2014 1388 2138 xlll‘sl‘pl}

101 2147 260 2231 idemque
275 2151 391 2214 sanxit
406 2160 443 2214 ut
459 2150 625 2214 eiusmodi
642 2151 859 2232 magistratus
869 2149 968 2215 saluti
978 2153 1152 2216 communi
1163 2154 1205 2217 ad
1236 2133 1326 2181 ’Μ

102 2253 348 2332 perennitatem
365 2255 548 2333 institutus,
564 2254 606 2318 ad
623 2273 831 2318 successores
846 2255 1034 2319 hereditate
1049 2256 1204 2321 transfer·

101 2364 201 2434 retur,
225 2357 258 2420 in
290 2357 411 2440 quibus
442 2358 560 2422 Petrus
591 2359 663 2441 ipse
693 2366 780 2421 esset
811 2358 1012 2423 auctoritate
1042 2371 1205 2442 perpetua

99 2470 279 2543 superstes.
296 2463 386 2528 Sane
402 2462 533 2544 insigne
558 2462 640 2526 illud
667 2463 869 2547 promissum
886 2465 988 2528 beato
1004 2464 1104 2528 Petro
1119 2465 1208 2541 fecit,
1233 2477 1367 2534 quemque-

98 2575 273 2648 praeterea
289 2567 414 2630 nemini
433 2593 439 2630 :
455 2567 504 2630 Tu
519 2587 553 2631 es
568 2567 697 2645 Petrus,
708 2577 740 2630 et
747 2578 845 2650 super
857 2568 942 2632 hanc
946 2578 1081 2650 petram
1095 2568 1209 2654 aedifi-
1233 2533 1373 2653 52212‘2'*

98 2667 174 2733 cabo
187 2669 365 2734 Ecclesiam
378 2673 511 2754 meam(
530 2671 552 2754 ).
564 2686 639 2740 -t
657 2673 712 2736 Ad
726 2673 862 2736 Petrum
880 2672 1011 2738 locutus
1027 2683 1077 2739 est
1088 2674 1208 2740 Domi·
1235 2654 1386 2771 ffl‘sffda·

99 2787 119 2841 t
138 2793 200 2837 nus
218 2795 225 2838 :
241 2776 284 2838 ad
302 2794 416 2853 unum,
431 2777 509 2840 ideo
525 2785 561 2840 ut
577 2777 742 2862 unitatem
759 2776 915 2842 fundaret
930 2797 975 2841 ex
991 2796 1061 2842 uno
1075 2778 1206 2861 (3)).-
1235 2781 1349 2830 mm·

100 2891 119 2946 t
138 2878 241 2944 Nulla
256 2881 422 2963 siquidem
439 2881 592 2945 oratione
614 2881 848 2963 praemissa...
865 2891 937 2944 tam
968 2892 1098 2963 patrem
1125 2883 1206 2960 eius,

103 2996 121 3051 t
137 3003 238 3065 quam
256 2985 365 3069 ipsum
383 2987 520 3051 nomine
536 2985 685 3070 appellat
695 2985 829 3068 (beatus
839 3005 875 3047 es
885 2984 1004 3050 Simon
1018 2984 1085 3049 Bar
1098 2987 1206 3069 Iona),

100 3100 119 3154 t
136 3097 170 3152 et
186 3087 361 3154 Simonem
378 3111 455 3156 eum
480 3111 547 3155 non
565 3091 631 3155 iam
649 3090 760 3154 vocari
788 3090 925 3171 patitur,
951 3109 1028 3153 eum
1055 3089 1119 3154 sibi
1144 3110 1205 3172 pro

103 3203 196 3257 (sua
213 3204 383 3276 potestate
403 3198 469 3259 iam
487 3205 559 3260 tum
587 3204 624 3259 ut
639 3213 737 3258 suum
754 3192 939 3269 vindicans,
969 3193 1029 3258 sed
1056 3212 1206 3275 congrua

102 3309 120 3362 t
136 3296 354 3363 similitudine
385 3301 522 3364 Petrum
540 3321 559 3364 a
579 3307 673 3384 petra
704 3298 816 3360 vocari
847 3295 982 3378 placuit,
998 3306 1081 3380 puta
1107 3316 1208 3379 super

103 3412 236 3484 (quem
254 3401 453 3467 fundaturus
468 3414 541 3468 erat
556 3423 650 3468 suam
669 3400 855 3465 Ecclesiam
868 3400 920 3483 (⁴).
936 3413 953 3466 )
974 3398 1053 3483 Quo
1068 3419 1113 3464 ex
1129 3420 1203 3464 ora·

100 3504 176 3569 culo
214 3506 326 3588 liquet,
352 3507 416 3570 Dei
443 3509 617 3573 vuluntate
645 3507 804 3588 iussuque
830 3503 1016 3568 Ecclesiam
1047 3503 1080 3567 in
1105 3504 1207 3568 beato

101 3609 209 3689 Petro,
225 3612 316 3676 velut
337 3612 438 3676 aedes
454 3613 487 3676 in
512 3611 736 3676 fundamento
757 3610 947 3674 consistere.
964 3606 1072 3692 Atqui
1088 3603 1207 3671 lunda·

101 3713 205 3778 menti
232 3715 367 3797 propria
397 3724 518 3780 natura
548 3726 583 3778 et
614 3714 663 3778 vis
687 3721 748 3790 est,
776 3723 813 3777 ut
842 3711 1061 3776 cohaerentes
1084 3709 1206 3773 efficiat

100 3818 201 3882 aedes
222 3819 389 3883 variorum
417 3819 715 3901 coagmentatione
743 3816 982 3892 membrorum,
997 3815 1146 3896 itemque
1168 3824 1206 3876 ut

99 3923 191 4004 operi
207 3925 251 3986 sit
267 3924 492 3989 necessarium
518 3921 689 3987 vinculum
716 3920 958 3984 incolumitatis
973 3939 1013 3984 ac
1029 3919 1205 3982 firmitudi-

100 4024 151 4088 nis
168 4047 175 4090 :
192 4047 260 4109 quo
275 4027 419 4106 sublato,
437 4029 548 4092 omnis
564 4023 755 4090 aedificatio
771 4024 958 4089 collabitur.
984 4023 1093 4105 Igitur
1115 4021 1204 4087 Petri
1231 4050 1376 4151 mm

130 4244 148 4276 1.
166 4231 190 4278 S.
204 4232 321 4288 Thomas,
341 4234 431 4280 Contra
449 4231 561 4285 Gentiles,
584 4232 625 4278 lib.
646 4241 681 4285 tv,
704 4243 757 4289 rap.
781 4232 818 4288 7⁶
841 4255 871 4264 -
891 4243 913 4275 2.
932 4228 1032 4281 Mum..
1046 4238 1101 4280 xvt,
1125 4231 1160 4274 ιθ.
1177 4253 1207 4263 -

99 4309 120 4354 3.
138 4299 161 4346 ἃ
180 4299 305 4354 Pedasus,
317 4303 349 4348 ad
360 4301 536 4360 Sempronium,
549 4302 618 4358 epist.
629 4310 667 4352 ur,
681 4312 704 4345 n.
720 4312 754 4344 11.
772 4323 802 4332 -
819 4313 841 4357 4.
859 4299 884 4346 S.
898 4297 1001 4357 Cyrinus
1020 4295 1204 4350 Alexandrinus.

99 4364 130 4408 In
141 4367 238 4428 Euang.
249 4371 327 4424 Iram,
337 4369 376 4418 lib.
392 4381 419 4421 u,
431 4371 456 4416 iu
466 4382 519 4428 cap.
535 4380 550 4422 r.
561 4379 585 4416 v.
596 4383 632 4426 42.
