3117 4859
436 346 556 395 rnnax
584 348 840 400 nnnnxrrcus.
1115 353 1187 422 343

84 442 465 456 -.---ι-·---·-

78 499 203 553 fautores
223 497 272 552 illa
285 498 313 551 S.
338 496 421 551 Sedis
434 496 609 551 documenta
630 498 831 555 intellexerunt
858 518 919 557 202.
933 533 969 542 —
991 502 1117 571 Exponit
1127 504 1189 573 jam

83 586 209 641 Pontifex
221 585 360 654 optimam
374 585 487 638 illorum
506 587 742 641 documentorum
757 590 947 659 interpretem
957 609 1023 647 esse
1038 591 1190 646 Ecclesiae

78 674 261 744 disciplinam
279 674 412 728 habentis
431 673 625 727 ordinationes
653 678 706 729 ritu
729 678 890 733 eduardino
912 680 1040 735 infectas.
1063 695 1190 748 zoa-203.

80 764 205 832 -Quae
226 762 343 831 quidem
365 760 516 830 disciplina
540 780 574 816 ex
587 780 622 816 en
645 765 861 820 demonstratur
886 768 963 837 quod
985 769 1101 838 saepius
1124 770 1190 823 illae

79 850 276 905 ordinationes
286 849 405 904 iteratae
416 859 482 901 sunt
496 848 549 903 ritu
562 851 713 917 catholice,
725 853 752 905 id
763 854 877 921 quidem
888 856 1027 923 probante
1038 858 1092 923 Ap.
1105 856 1191 922 Sede,

80 950 109 993 ut
121 939 212 995 multa
225 948 367 991 testantur
383 936 458 989 facta
471 938 508 990 ad
532 938 703 1006 Supremam
718 941 815 994 delata
841 958 902 1009 ²03·
916 972 952 980 -
966 945 1032 995 Duo
1046 944 1188 1012 ejusmodi

79 1028 154 1083 facta
175 1027 307 1081 Pontifex
321 1026 445 1094 exponit,
460 1027 579 1079 alterurn
601 1027 752 1097 cujusdam
772 1030 948 1083 calvinistae
968 1030 1053 1099 Galli,
1066 1032 1189 1086 alterum

78 1115 198 1183 Joannis
210 1113 366 1168 Clementis
376 1113 493 1166 Gordnn
509 1128 669 1180 203·2o4.-«
684 1118 841 1170 Clementis
852 1119 892 1170 Xl
906 1119 1052 1172 decretum
1063 1120 1091 1173 in
1102 1136 1191 1175 causa

81 1200 198 1255 Gordon
221 1200 350 1255 Pontifex
365 1200 515 1269 perpendit
537 1216 596 1265 204.
622 1234 650 1239 --
670 1203 747 1256 Licet
762 1206 799 1257 ab
818 1204 986 1273 Apostolica
1007 1207 1082 1261 Sede
1106 1207 1190 1263 fuerit
1232 1235 1236 1239 ·

80 1288 120 1345 sic
133 1289 325 1343 controversia
340 1289 563 1355 defirritn‚tnmen
579 1290 606 1342 in
622 1290 758 1344 Ordinale
769 1293 960 1359 anglicanum
974 1309 1072 1347 rursus
1085 1294 1190 1364 inquiri

84 1372 209 1428 Pontifex
233 1390 285 1442 pro
303 1388 355 1425 sua
376 1372 552 1440 indulgentia
565 1374 646 1441 jussit
660 1390 719 1439 204.
746 1406 767 1411 --
786 1377 924 1430 Doctrina
944 1378 981 1430 de
1002 1378 1191 1433 sacramentis

80 1477 170 1513 novae
183 1460 254 1528 legis
264 1461 417 1529 exponitur
430 1475 489 1525 ²04·
505 1492 531 1497 ·-
552 1460 676 1514 Materia
688 1462 717 1513 in
728 1460 764 1515 iis
775 1479 826 1531 per
840 1464 961 1517 formam
976 1465 1191 1535 determinatur,

81 1559 109 1603 ut
122 1547 301 1603 manifestius
314 1547 342 1601 in
360 1547 467 1601 Ordine
479 1560 597 1617 apparet
608 1560 771 1617 204-205.-
785 1550 888 1605 Forma
901 1569 968 1605 vero
986 1553 1023 1607 ad
1036 1552 1190 1607 ordinatio·

80 1653 145 1691 nem
171 1638 394 1707 presbyteralem
414 1638 451 1689 ab
472 1636 640 1705 Anglicanis
664 1638 795 1693 adhibita
817 1640 1010 1695 mancafuit:
1030 1658 1192 1711 quaerero

79 1726 227 1795 verbaipsi
237 1726 443 1794 additapostea
457 1724 601 1791 [uerenini
615 1724 730 1791 suam,si
743 1744 831 1795 quam
844 1728 917 1781 forte
926 1728 1192 1799 haberent,exerere

80 1830 136 1867 non
142 1812 203 1883 jam
217 1823 369 1883 potuerunt
383 1814 421 1866 ob
431 1814 584 1867 extinctam
602 1814 803 1871 liierarclrinm
818 1829 877 1884 205.
892 1846 926 1853 -
939 1819 1046 1871 Manca
1060 1818 1193 1872 similiter

79 1899 130 1954 fuit
142 1899 314 1969 episcopalis
328 1901 554 1955 consecrationis
563 1901 664 1969 forma,
678 1920 732 1955 nec
747 1903 879 1956 restituta
889 1921 959 1957 suae
973 1904 1127 1975 integritati
1139 1923 1189 1976 per

81 1988 167 2042 verba
180 1988 271 2042 serius
284 1988 396 2042 adnexa
419 2002 478 2057 205.
493 2020 526 2025 —
548 1990 609 2041 Nec
624 1991 710 2043 habet
724 1991 761 2044 ad
775 1992 1005 2045 consecrandum
1018 1994 1188 2062 episcopum

81 2076 138 2130 vim
152 2077 239 2131 ullam
253 2078 345 2131 oratio
356 2077 539 2145 Ornm'potms
553 2078 638 2143 Dens,
649 2078 754 2145 quippe
765 2094 839 2148 quae
849 2079 933 2133 fuerit
947 2078 988 2134 sic
1001 2080 1151 2135 deminuta
1161 2091 1191 2135 ut

82 2164 188 2218 nullam
200 2165 259 2233 jani
274 2165 391 2219 inducat
404 2163 629 2218 consecrationis
643 2164 817 2233 episcopalis
828 2167 864 2221 ad
878 2178 1093 2222 sacramentum
1107 2168 1192 2223 Ordi-

83 2252 128 2305 nis
141 2251 283 2307 rationem
307 2254 432 2318 sos-206.
446 2282 480 2289 ——
504 2253 629 2319 Exponit
653 2252 781 2306 Pontifex
804 2254 943 2308 Ordinale
968 2255 1194 2323 Angiicanuma

83 2341 141 2396 suis
154 2342 319 2397 auctoribus
332 2342 419 2396 fnisse
433 2343 469 2395 ad
484 2359 595 2396 errores
608 2345 787 2397 Novatorum
796 2344 836 2397 ita
847 2344 1107 2411 accommodatum,
1115 2354 1146 2397 ut
1155 2342 1193 2398 ad

84 2449 166 2486 usum
190 2432 401 2486 ordinationum
422 2432 481 2501 jam
505 2449 562 2485 non
577 2432 683 2485 valeret
707 2433 963 2500 sicdeforrnatum,
989 2450 1044 2486 nec
1071 2433 1193 2503 potuerit

84 2528 182 2588 postea
201 2521 239 2574 ab
252 2520 307 2572 hoc
319 2519 450 2587 originali
473 2518 542 2571 vitio
556 2518 607 2573 rite
629 2519 750 2588 purgari,
770 2537 859 2590 quum
876 2521 905 2572 in
924 2519 988 2589 ipso
1007 2520 1095 2573 verba
1115 2536 1194 2573 usur-

85 2616 186 2677 pentur
204 2605 297 2660 alieno
311 2622 399 2659 sensu
412 2606 449 2657 ab
465 2623 499 2658 eo
512 2606 560 2675 qui
575 2606 612 2659 ad
627 2608 846 2661 Sacramentum
869 2607 1080 2661 conficiendum
1101 2605 1194 2676 requi·

85 2696 152 2749 ritur
166 2696 291 2759 206·2o7.
306 2724 340 2731 —
353 2693 447 2761 Hujus
461 2696 503 2747 vis
527 2696 695 2763 argumenti,
709 2698 746 2749 ab
760 2696 830 2765 ipsis
850 2706 1001 2764 perspecta
1014 2694 1194 2763 Anglicanis,

84 2782 246 2837 extenditur
258 2782 295 2837 ad
315 2781 547 2850 deprecationem
564 2784 748 2852 Omnipotens
766 2784 848 2837 Deus
863 2797 923 2848 207.
937 2813 972 2822 -
986 2782 1194 2837 Ordinationes

85 2868 252 2937 anglicanae
270 2885 327 2921 non
348 2877 459 2922 tanturn
486 2869 522 2920 ob
534 2870 651 2937 formae
664 2870 801 2932 elefantum
823 2868 920 2922 irritae
936 2878 1012 2936 sunt,
1037 2869 1089 2921 sed
1109 2880 1139 2922 et
1157 2868 1195 2921 ob

83 2956 218 3025 desectum
230 2957 398 3009 intentionis
411 2956 536 3021 207·208.
550 2986 583 2992 -
599 2956 723 3008 Causam
737 2956 812 3009 banc
826 2972 939 3007 summa
953 2955 1095 3024 sapientia
1107 2953 1196 3007 fuisse

84 3043 120 3097 ab
131 3042 297 3112 Apostolica
309 3042 384 3096 Sede
389 3042 549 3110 judicatam
562 3058 662 3093 omnes
680 3058 853 3095 consensere
867 3043 895 3095 iu
915 3043 1058 3110 Suprema
1072 3040 1195 3108 judices,

84 3130 176 3197 ipsam
198 3130 301 3184 iterum
328 3130 445 3184 scrutati
463 3148 469 3193 ;
490 3130 619 3181 Pontifex
646 3146 722 3195 vero,
747 3130 787 3181 rei
813 3126 1027 3197 opportunitate
1053 3126 1194 3180 maturius

86 3231 234 3286 perpensa,
252 3216 346 3271 irritas
362 3217 489 3271 declarat
503 3216 719 3281 Ordinationes,
734 3217 789 3269 ritu
800 3215 954 3285 anglicano
975 3224 1108 3283 peractas
1121 3215 1174 3268 208
1188 3233 1195 3278 ;

86 3303 245 3373 -jamque
258 3304 489 3372 dissidentes,qui
503 3302 642 3355 Ordirrum
655 3302 795 3356 beneficia
805 3302 962 3371 requirnnt,
972 3304 1104 3355 hortatur
1116 3310 1146 3355 ut
1157 3302 1196 3358 ad

85 3391 199 3445 unicum
223 3393 341 3445 redeant
361 3391 435 3444 ovile
448 3392 569 3457 Christi,
594 3392 719 3444 maxima
742 3391 780 3445 ibi
814 3391 981 3457 adjumenta
1008 3390 1046 3443 ad
1072 3390 1197 3443 salutem

86 3479 222 3549 reperturi
244 3480 369 3556 208-209.¹
383 3510 418 3517 -
445 3480 495 3531 Eis
518 3479 546 3531 in
568 3480 667 3548 primis
689 3480 953 3533 reconciliationem
976 3494 1043 3532 cum
1064 3476 1197 3532 Ecclesia

87 3568 186 3621 suadet
200 3566 247 3637 qui
261 3566 408 3635 religionis
421 3566 544 3619 ministri
558 3566 586 3619 in
600 3567 855 3620 communitatibus
869 3566 927 3619 suis
940 3566 1084 3619 habentur
1098 3578 1197 3632 209.-

88 3654 284 3711 praesentium
293 3656 451 3709 litterarum
465 3655 665 3708 auctoritatem
679 3654 807 3708 vindicat
822 3669 947 3722 209-210.

122 3835 177 3885 49.
198 3833 407 3883 EPISTOLA
430 3832 672 3882 ENCYCLICA
693 3834 733 3881 de
749 3834 886 3881 Rosario
913 3831 1047 3879 Martall
1062 3856 1097 3863 -

88 3920 132 3971 20
154 3922 243 3994 Sept.v
263 3918 351 3969 1896.
463 3956 479 3967 ..
1042 3928 1106 3982 pag.
1145 3925 1196 3965 211

123 4074 156 4126 B.
172 4070 282 4125 Mariae
296 4072 330 4124 V.
343 4071 460 4137 cultum,
474 4070 579 4123 nostris
592 4068 868 4137 opportunissimum
881 4064 1072 4137 temporibus,
1083 4065 1200 4134 saepius

88 4176 119 4214 se
130 4160 189 4229 jam
208 4159 430 4213 commendasse
453 4158 601 4212 Fidelibus
627 4158 756 4211 Pontifex
774 4166 916 4211 memorat
931 4170 991 4210 211.
1014 4185 1048 4193 -
1070 4157 1202 4208 Instante

84 4247 146 4317 janr
171 4257 271 4313 morte,
298 4247 422 4301 Matrem
450 4246 504 4300 Dei
525 4246 731 4315 bominumque
753 4244 888 4299 fidentius
908 4244 952 4297 bis
972 4243 1075 4298 litteris
1102 4242 1200 4296 lauda-

87 4343 169 4390 turus
188 4344 231 4389 est
257 4348 372 4403 precem
395 4332 496 4387 iterum
518 4332 633 4389 Rosarii
656 4333 840 4400 celebrando,
854 4332 931 4387 unde
949 4348 981 4386 se
1003 4332 1054 4386 dat
1067 4329 1203 4386 hortandi
