3117 4859
135 4366 139 4373 ·
201 4346 345 4393 tractandas

390 376 462 427 210
516 374 611 424 nrrr.
635 370 791 421 nucrct.
815 356 1223 419 “enovrnuurrssruus
1242 369 1348 419 nnus.
1363 344 1379 372 ⁸⁹

236 539 358 589 Litteris:
387 544 508 589 munus
533 544 600 585 non
629 522 784 585 homines
807 520 945 602 quidem
971 520 1014 581 de
1035 518 1158 593 multis,
1175 519 1234 581 sed
1262 519 1345 581 tales
1360 518 1474 581 assumi

223 604 361 718 ,sjfiffi
386 638 528 711 oportet,
544 647 628 709 quos
645 644 788 709 magnus
804 643 899 687 amor
915 633 949 687 et
965 622 1125 687 diuturna
1136 623 1347 686 consuetudo
1363 623 1476 685 Biblio-

230 742 357 813 turpem
386 754 468 810 rum,
484 744 585 815 atque
601 740 813 814 opportunus
839 729 1013 792 doctrinae
1039 737 1177 791 ornatus
1204 726 1476 791 commendabiles

222 801 358 929 dffssss'tss
386 839 494 915 faciat,
505 856 600 920 pares
613 834 730 899 officio.
749 834 868 915 Neque
882 834 992 895 minus
1005 830 1277 914 prospiciendum
1290 841 1417 894 mature
1426 840 1479 901 est,

211 934 359 1047 ‘isam
385 946 502 1007 horum
521 951 639 1025 postea
655 942 766 1003 locum
784 938 841 1021 qui
857 940 924 999 sint
938 936 1124 1016 excepturi.
1145 936 1269 999 luverit
1285 936 1417 1010 idcirco,
1430 932 1478 995 ubi

214 1065 355 1126 mgnterio
384 1047 601 1113 commodum
619 1047 671 1123 sit,
687 1065 731 1108 ex
755 1042 901 1106 alumnis
929 1042 1079 1123 optimae
1105 1043 1187 1125 spei,
1202 1042 1394 1121 theologiae
1408 1060 1474 1121 spa·

204 1130 264 1243 522¹
278 1129 354 1189 '‘¹⁰¹“
383 1155 467 1218 tium
486 1152 621 1216 laudate
637 1150 792 1225 emensis,
808 1146 987 1210 nonnullos
1003 1144 1125 1209 divinis
1140 1146 1248 1208 Libris
1265 1144 1476 1219 totosaddici,

262 1230 268 1243 ι
383 1258 470 1321 facta
484 1256 609 1319 eisdem
622 1254 780 1337 plenioris
792 1252 966 1316 cuiusdam
980 1248 1082 1312 studii
1099 1250 1305 1331 aliquamdiu
1318 1249 1473 1312 facultate.

383 1362 436 1426 Ita
452 1360 574 1423 delecti
592 1359 803 1441 institutique
818 1358 983 1432 doctores,
994 1354 1211 1417 commissum
1229 1372 1351 1415 munus
1362 1353 1476 1416 adeant

382 1464 524 1528 fidenter
539 1487 546 1526 :
562 1463 595 1526 in
612 1481 681 1543 quo
696 1470 733 1525 ut
749 1470 923 1524 versentur
938 1461 1067 1541 optime
1095 1469 1129 1521 et
1153 1466 1396 1520 consentaneos
1416 1455 1475 1518 fru-

380 1578 454 1631 ctus
485 1567 640 1639 educant,
670 1564 785 1647 aliqua
812 1563 892 1645 ipsis
927 1563 1130 1625 documenta
1157 1560 1258 1641 paulo
1283 1559 1475 1640 explicatius

219 1656 351 1772 MTZ‘JZJ
381 1670 551 1749 impertire
569 1668 688 1750 placet.
703 1705 747 1715 -
763 1666 856 1748 Ergo
883 1667 1026 1747 ingeniis
1050 1665 1197 1727 tironum
1223 1666 1257 1726 in
1284 1666 1359 1745 ipso
1382 1663 1475 1726 studii

199 1788 352 1838 traductione
381 1773 496 1836 limine
520 1774 566 1836 sic
594 1770 808 1853 prospiciant,
835 1782 871 1833 ut
898 1770 1059 1832 iudicium
1088 1770 1121 1831 in
1149 1770 1206 1845 eis,
1222 1780 1341 1850 aptum
1358 1769 1473 1851 pariter

201 1854 351 1969 biblitcgnxl.
381 1874 490 1939 Libris
507 1874 629 1938 divinis
639 1874 773 1937 tuendis
789 1882 891 1956 atque
903 1872 1115 1954 arripiendae
1128 1892 1173 1933 ex
1193 1872 1273 1952 ipsis
1290 1872 1476 1943 sententiae,

378 1974 589 2039 conforment
605 1972 724 2036 sedulo
749 1984 783 2037 et
807 1972 976 2036 excolant,
995 1975 1074 2038 Huc
1091 1977 1236 2057 pertinet
1260 1984 1422 2039 tractatus
1442 1975 1475 2037 dc

379 2077 623 2153 introductione,
640 2086 675 2138 ut
703 2074 895 2159 loquuntur,
921 2076 1046 2154 biblica,
1063 2100 1107 2142 ex
1135 2100 1203 2162 quo
1218 2080 1374 2144 alumnus
1389 2100 1472 2143 com·

379 2182 515 2246 modam
537 2180 639 2244 habet
656 2198 754 2261 opem
784 2180 827 2242 ad
844 2182 1072 2262 integritatem
1101 2185 1403 2269 auctoritatemque
1424 2184 1473 2246 Bi·

379 2287 522 2350 bliorum
539 2283 816 2359 convincendam,
831 2285 875 2348 ad
899 2286 1088 2368 legitimum
1107 2290 1139 2350 in
1157 2289 1222 2350 illis
1237 2309 1374 2352 sensum
1392 2292 1472 2351 inve-

379 2391 573 2472 stigandum
605 2399 637 2452 et
673 2390 930 2471 assequendum,
961 2393 1003 2454 ad
1036 2393 1235 2473 occupanda
1265 2394 1417 2474 captiosa
1443 2400 1473 2451 et

199 2487 348 2600 tecfrussolfatd'
379 2496 536 2559 radicitus
564 2493 748 2557 evellenda.
780 2491 879 2575 Quae
905 2494 1022 2576 quanti
1054 2495 1217 2558 momenti
1248 2496 1291 2558 sit
1319 2495 1473 2577 disposite

189 2619 350 2682 flxexpomt.
378 2601 596 2680 scienterque,
612 2597 734 2662 comite
750 2608 784 2660 et
800 2598 962 2662 adiutrice
978 2600 1159 2681 theologia,
1172 2620 1243 2664 esse
1259 2601 1356 2663 initio
1369 2603 1473 2682 dispu-

271 2684 349 2732 Hunc
378 2712 457 2775 tata,
485 2703 544 2764 vix
570 2702 693 2765 attinet
719 2702 840 2779 dicere,
856 2722 959 2785 quum
987 2714 1060 2767 tota
1087 2706 1298 2768 continenter
1322 2705 1471 2769 tractatio

207 2754 344 2799 tractatum

189 2814 250 2879 jam
272 2816 349 2862 edocet
378 2806 570 2889 Scripturas
586 2805 716 2887 reliqua
732 2806 824 2869 hisce
839 2807 892 2869 vel
922 2806 1150 2871 fundamentis
1169 2809 1293 2871 nitatur
1310 2809 1363 2872 vel
1380 2808 1470 2871 lumi·

196 2880 300 2940 tirones,
317 2881 344 2929 S.
402 2911 409 2925 ·
792 2910 800 2924 ·
881 2913 888 2925 .
1077 2914 1084 2925 .
1242 2914 1250 2928 .
1402 2915 1410 2927 .

200 2944 348 3009 mum„
376 2911 474 2974 nrbus
486 2909 656 2972 clarescat.
671 2947 716 2957 -
732 2909 870 2973 Exinde
880 2932 912 2974 rn
924 2912 1179 2976 fructuosiorem
1194 2913 1292 2976 hurus
1302 2914 1468 2976 doctrinae

228 3011 347 3089 'audiant
374 3022 514 3096 partem,
531 3033 619 3095 quae
645 3014 687 3076 de
708 3014 985 3095 interpretatione
1002 3028 1062 3095 est,
1078 3016 1288 3098 perstudiose
1305 3017 1470 3080 incumbet

221 3083 347 3191 '1222ssss
374 3116 600 3201 praeceptoris
617 3136 720 3199 opera
734 3138 742 3195 ;
759 3119 849 3181 unde
874 3121 918 3183 sit
945 3122 1162 3198 auditoribus,
1178 3142 1246 3203 quo
1271 3123 1348 3186 dein
1376 3122 1471 3184 rnodo

187 3208 345 3337 mlum.
374 3222 477 3286 divini
494 3221 586 3283 verbi
602 3220 738 3284 divitias
754 3222 787 3284 in
805 3224 993 3304 profectum
1010 3226 1180 3308 religionis
1197 3237 1231 3290 ct
1247 3227 1384 3307 pietatis
1400 3246 1471 3290 con·

224 3338 312 3401 glanis
322 3345 346 3386 ee
374 3334 515 3389 vertant.
531 3323 755 3404 Intelligimus
768 3326 936 3407 equidem,
948 3332 1095 3393 enarrari
1107 3333 1140 3394 in
1153 3331 1277 3394 scholis
1288 3331 1470 3413 Scripturas

225 3410 347 3533 qm&
374 3420 500 3505 omnes,
517 3448 579 3490 nec
606 3446 664 3509 per
689 3428 950 3509 amplitudinem
968 3434 1024 3510 rei,
1039 3454 1101 3497 nec
1127 3456 1186 3516 per
1207 3444 1343 3516 tempus
1372 3437 1470 3498 licere.

243 3534 291 3583 dus
301 3542 343 3583 est.
374 3531 628 3608 Verumtamen,
644 3530 805 3611 quoniam
822 3542 912 3629 certa
938 3556 1023 3618 opus
1048 3549 1099 3599 est
1115 3538 1168 3600 via
1184 3536 1468 3620 interpretationis

256 3626 345 3753 me
373 3635 499 3697 utiliter
515 3634 760 3715 expediendae,
784 3644 965 3714 utrumque
991 3638 1151 3719 magister
1175 3638 1322 3719 prudens
1347 3637 1467 3700 devitet

243 3754 341 3815 scholis,
373 3741 636 3816 incommodum,
652 3738 704 3801 vel
721 3758 836 3801 eorum
853 3740 910 3821 qui
926 3740 969 3802 de
985 3740 1125 3822 singulis
1146 3741 1238 3804 libris
1255 3742 1376 3803 cursim
1392 3739 1467 3802 deli-

203 3821 345 3949 {22331'2'22}
372 3845 521 3908 bandum
534 3844 704 3922 praebent,
714 3844 765 3907 vel
777 3863 893 3906 eorum
907 3844 963 3925 qui
981 3845 1013 3906 in
1030 3855 1121 3907 certa
1137 3846 1234 3908 unius
1250 3856 1347 3926 parte
1357 3846 1468 3907 immo·

230 3954 346 4029 exceptis,
372 3948 519 4013 deratius
536 3948 734 4011 consistunt.
752 3947 789 4011 Si
806 3948 896 4009 enim
923 3948 955 4010 in
973 3948 1142 4031 plerisque
1157 3950 1280 4012 scholis
1297 3952 1382 4012 adeo
1404 3966 1466 4009 non

221 4016 344 4131 {miz}
372 4052 496 4135 poterit
512 4052 667 4128 obtineri,
683 4054 773 4133 quod
791 4054 824 4115 in
841 4053 1039 4116 Academiis
1053 4056 1244 4133 maioribus,
1266 4066 1301 4117 ut
1319 4074 1402 4117 unus
1412 4059 1468 4115 aut

190 4147 343 4276 Ξὲζῖξξᾚξ
373 4159 456 4221 alter
473 4156 555 4220 liber
570 4157 823 4220 continuatione
839 4160 986 4240 quadam
1003 4168 1037 4222 et
1053 4159 1207 4221 ubertate
1222 4168 1420 4241 exponatur,
1434 4164 1468 4216 at

231 4286 296 4343 gant
307 4281 344 4327 ita
374 4280 579 4345 magnopere
595 4260 806 4324 efficiendum
818 4273 879 4338 est,
893 4270 930 4325 ut
948 4263 1106 4325 librorum
1125 4273 1236 4345 partes
1252 4265 1295 4325 ad
1313 4265 1478 4341 interpre,

194 4410 347 4474 ueduapuli
374 4367 514 4431 tandum
532 4364 675 4428 selectae
701 4366 937 4429 tractationem
966 4365 1114 4429 habeant
1140 4368 1377 4431 convenienter
1398 4362 1462 4445 ple-
