3117 4859
357 297 406 388 78
628 317 812 370 errsrom
839 307 861 335 ‘¹
881 317 1050 370 aennon
1077 319 1161 373 nos.
1182 297 1201 324 ”

356 481 460 545 quum
489 459 696 525 admirabilis
722 461 861 544 quidam
888 471 1072 526 concentus
1088 462 1302 528 voluntatum
1328 487 1466 548 genero·

356 585 461 648 saque
485 565 589 630 virtus
612 575 646 628 et
671 573 811 629 actuosa
833 565 922 629 inter
942 585 979 628 se
994 565 1215 645 devinxisset,
1229 570 1302 632 eius
1318 573 1467 634 maxime

357 667 521 734 beneficio
540 669 740 734 concordiae
763 669 923 734 successit
946 689 1007 746 res,
1021 689 1099 734 cum
1114 671 1282 754 dignitate
1297 673 1466 757 religionis

356 783 390 836 et
406 772 653 837 adolescentiae
668 771 787 838 salute.

219 891 251 962 (⁸
262 897 329 940 rann
400 877 557 942 Iamvero
572 897 633 961 pro
648 884 761 942 vestra
776 875 965 959 prudentia,
979 875 1200 944 venerabiles
1216 881 1364 960 Fratres,
1377 885 1465 946 vide

174 953 328 1082 ’ἶζᾏ-Ιιῖζξ
354 981 399 1046 tis
424 982 498 1066 ipsi,
524 1002 625 1066 quam
654 979 858 1064 periculosas
888 979 921 1043 in
953 979 1157 1048 offensiones
1180 1005 1302 1068 greges
1329 996 1465 1063 vestros,

176 1077 328 1190 ”llam
354 1087 525 1152 distractis
542 1087 576 1151 in
592 1087 724 1151 diversa
739 1085 871 1163 animis,
886 1085 1033 1167 proclive
1048 1088 1093 1152 sit
1108 1088 1242 1170 publice
1256 1100 1294 1155 et
1308 1092 1464 1174 privatim

176 1203 328 1296 ΞΜΨ
353 1191 482 1270 delabi,
500 1191 630 1267 videtis,
653 1210 755 1274 quam
781 1198 912 1254 mature
938 1199 1095 1272 oporteat
1111 1190 1345 1258 laborantibus
1368 1195 1465 1258 rebus

198 1256 289 1311 Μ’
354 1295 490 1360 mederi.
506 1295 579 1362 Nos
602 1304 727 1372 autem,
751 1304 789 1359 ut
805 1293 910 1377 probe
926 1294 1082 1359 novimus
1098 1315 1166 1378 quo
1188 1297 1303 1362 studio
1325 1300 1464 1362 exarde-

355 1399 447 1464 scitis
459 1399 687 1464 restituendae
697 1396 950 1482 firmandaeque
958 1399 1170 1479 concordiae,
1178 1421 1240 1466 vos
1249 1402 1463 1484 potissimum

354 1506 396 1569 ad
427 1503 492 1569 hoc
519 1502 729 1588 appellamus
756 1500 913 1580 officium,
939 1512 1010 1567 tam
1038 1502 1222 1586 gloriosum
1246 1506 1409 1589 episcopo
1432 1519 1464 1570 et

353 1621 508 1674 sanctum
523 1631 530 1672 :
546 1607 639 1671 cuius
655 1607 792 1690 quidem
808 1606 983 1674 certiorem
1000 1617 1160 1672 eventum
1176 1610 1229 1672 vel
1245 1609 1320 1691 ipsa
1345 1610 1464 1674 suadet

351 1713 535 1778 reverentia
566 1711 680 1793 ampla
710 1729 798 1792 quae
825 1709 988 1792 dignitati
1014 1724 1148 1776 vestrae
1176 1713 1360 1796 virtutique
1389 1715 1464 1778 istic

206 1828 234 1875 u·
246 1843 324 1900 unqu·
351 1817 472 1881 merito
488 1815 676 1882 adhibetur.
694 1812 923 1898 Quamobrem
937 1814 1020 1878 illud
1032 1816 1166 1880 videtur
1176 1818 1346 1899 optimum
1364 1818 1462 1895 lactu,

172 1901 299 1950 congrus.
350 1922 514 2005 vobisque
537 1920 754 1985 vehementer
775 1920 1052 1983 commendatum
1077 1921 1243 1999 volumus,
1258 1932 1296 1987 ut
1311 1923 1410 1986 simul
1427 1923 1461 1986 in

251 2101 253 2106 Ι
350 2025 634 2108 congressionem,
649 2043 751 2108 quam
769 2024 924 2105 proxime
949 2022 1019 2086 fieri
1043 2025 1160 2106 possit,
1185 2028 1403 2090 conveniatis.
1421 2028 1459 2090 ln

350 2150 399 2208 ea,
412 2129 670 2194 communicatis
683 2127 839 2192 intervos
849 2127 1152 2205 sententiis,licebit
1162 2141 1461 2214 caussamquanta

348 2242 409 2311 est,
424 2231 634 2314 exploratius
657 2231 854 2314 pleniusque
869 2251 1082 2314 cognoscere,
1097 2252 1138 2297 ae
1153 2233 1293 2298 meliora
1309 2236 1352 2298 ad
1369 2255 1459 2299 com-

204 2359 323 2480 WJ‘
348 2337 541 2420 ponendam
567 2336 734 2419 praesidia
757 2335 950 2401 deliberare.
966 2374 1010 2386 -
1027 2336 1124 2401 Haec
1140 2339 1231 2402 enim
1246 2359 1367 2404 caussa
1391 2359 1457 2403 uon

227 2433 256 2465 On
291 2433 322 2466 ex

167 2480 320 2537 ,mu-m„
347 2463 415 2508 uno
431 2463 467 2506 se
484 2441 587 2506 modo
603 2449 692 2504 recte
708 2440 999 2507 considerantibus
1015 2442 1161 2524 praebet.
1178 2440 1317 2508 Attinet
1331 2463 1373 2507 ea
1386 2443 1458 2527 qui-

183 2538 320 2646 mfflss
345 2549 423 2612 dem
440 2546 484 2610 ad
500 2545 590 2610 bona
602 2554 754 2622 externa,
765 2544 825 2608 sed
837 2546 880 2609 ad
895 2543 1090 2627 religionem
1103 2564 1282 2630 moresque
1294 2548 1328 2611 in
1342 2547 1457 2630 primis

166 2655 207 2712 su,
344 2652 477 2729 attinet,
501 2659 604 2734 atque
631 2649 733 2714 etiam
759 2669 837 2713 cum
862 2648 952 2712 civili
982 2649 1096 2731 legum
1126 2650 1308 2732 disciplina
1337 2661 1456 2735 sponte

343 2754 537 2838 copulatum
554 2764 591 2818 ut
606 2753 752 2836 denique
776 2754 820 2816 ad
841 2753 912 2817 iura
937 2762 971 2818 et
998 2751 1109 2817 officia
1128 2755 1282 2820 omnium
1298 2756 1454 2822 ordinum

343 2857 411 2924 late
427 2859 603 2942 pertineat.
619 2857 826 2940 Evangelica
841 2878 941 2940 porro
956 2857 1104 2922 iustitiae
1118 2869 1152 2922 et
1167 2859 1319 2923 caritatis
1336 2861 1454 2942 princi·

344 2965 399 3046 pia
415 2985 435 3028 a
452 2963 562 3028 Nobis
577 2971 743 3038 revocata,
763 2980 867 3045 quum
892 2961 935 3025 ad
962 2982 1031 3026 rem
1059 2962 1166 3045 ipsam
1183 2983 1352 3047 usumque
1366 2966 1453 3029 vitae

344 3067 602 3143 transferuntur,
633 3065 835 3147 multiplices
868 3065 1075 3148 privatorum
1106 3067 1255 3131 rationes
1288 3068 1454 3151 attingere

344 3192 481 3236 necesse
505 3179 566 3237 est.
593 3171 672 3236 Huc
695 3169 862 3233 accedunt
881 3171 1050 3252 quaedam
1066 3172 1157 3254 apud
1174 3171 1298 3253 Belgas
1314 3191 1451 3254 operum

341 3285 376 3340 et
387 3276 582 3354 industriae,
598 3275 812 3339 dominorum
828 3282 863 3338 et
878 3271 1195 3357 opificum,omnino
1207 3276 1364 3358 propriae
1374 3295 1449 3339 con-

339 3373 493 3437 ditiones.

161 3521 185 3563 η
200 3521 314 3578 quomodo
386 3483 472 3548 Sunt
500 3484 565 3547 ista
589 3481 703 3564 magni
730 3491 821 3545 certe
848 3482 1012 3546 momenti
1038 3482 1247 3567 consiliique,
1268 3483 1302 3547 in
1330 3484 1447 3567 quibus

161 3577 314 3696 *tima
341 3586 501 3652 iudicium
518 3585 667 3650 elaboret
683 3606 722 3649 ac
737 3585 914 3669 diligentia
929 3598 1049 3663 vestra,
1061 3585 1284 3652 Venerabiles
1301 3588 1432 3652 Fratres
1438 3607 1447 3665 ;

159 3693 232 3815 2²3¹
251 3697 311 3757 Eli-
342 3711 451 3774 neque
467 3712 546 3756 vero
563 3690 594 3755 N
598 3700 689 3754 ostra
705 3692 822 3755 deesse
833 3692 929 3755 vobis
939 3692 1079 3756 consilia
1091 3693 1124 3756 in
1136 3712 1171 3756 re
1183 3695 1352 3775 praesenti
1364 3695 1445 3756 sine·

340 3817 424 3863 mus.
439 3835 483 3847 -
500 3799 553 3860 Ita
577 3796 683 3873 vobis,
707 3796 944 3878 congressione
969 3806 1115 3879 peracta,
1131 3799 1243 3861 minus
1269 3815 1443 3881 operosum

338 3902 402 3964 erit
418 3911 520 3984 atque
533 3901 595 3964 erit
609 3899 722 3976 tutius,
736 3901 768 3962 in
781 3909 893 3964 vestra
908 3920 1078 3983 quemque
1093 3903 1239 3967 dioecesi
1255 3903 1404 3966 remedia
1413 3909 1444 3963 et

340 4013 607 4088 temperamenta
634 4022 696 4086 pro
719 4002 914 4067 hominibus
938 4004 1087 4087 locisque
1113 4015 1306 4089 opportuna
1337 4007 1442 4068 decer·

338 4129 424 4173 nere.
442 4107 540 4191 Quae
556 4118 669 4170 tamen
698 4107 771 4190 ipsa
796 4106 843 4171 sic
867 4129 887 4172 a
913 4108 1009 4173 vobis
1031 4110 1140 4193 dirigi,
1164 4109 1294 4174 civibus
1318 4107 1442 4172 idoneis

337 4211 584 4288 adiuvantibus,
599 4209 779 4292 oportebit,
795 4221 832 4274 ut
847 4231 888 4275 eo
903 4213 1049 4296 amplius
1069 4213 1206 4278 valeant
1230 4215 1317 4279 inter
1331 4213 1440 4277 catho

336 4315 416 4379 licos
432 4315 536 4380 totius
553 4313 700 4378 nationis
715 4317 954 4394 communiter;
971 4325 1009 4380 ut
1025 4316 1180 4381 videlicet
1202 4317 1438 4381 catholicorum
