3117 4859
392 358 465 451 328
746 375 868 427 ιιιιιιιιι
894 372 1145 425 Αιιιιιτιουε.

426 530 456 581 9.
479 530 602 582 now
623 530 826 587 PROPRIO.
847 529 889 580 de
919 528 1158 580 commissione
1186 529 1360 589 ponttflcta
1383 530 1429 578 ad

390 618 692 671 reconciliationem
724 617 960 667 dissidentium
982 628 1062 667 eum
1082 616 1219 665 eecleeta
1236 616 1430 666 fovendam.

392 704 693 757 -thdanlBQ
1328 716 1395 769 pag.
1465 715 1496 766 32

428 822 572 877 Memorat
587 820 718 875 Pontifex
730 828 857 891 quantae
869 818 924 875 sibi
938 834 1025 873 curae
1036 818 1177 874 exstiterit
1189 818 1391 873 dissidentium
1405 836 1498 873 recon-

391 908 507 976 ciliatio,
522 908 589 963 inde
607 908 646 963 ah
659 907 737 963 edita
752 906 885 978 Epistola
903 906 1061 961 Praeclara
1073 920 1120 975 32.
1141 935 1176 945 —
1187 906 1235 961 Ad
1247 907 1327 961 illam
1337 907 1496 962 reconcilia-

391 996 498 1051 tionem
512 995 666 1051 fovendam
687 993 871 1049 constituitur
884 993 1066 1061 Commissio,
1078 994 1211 1063 praeside
1225 994 1288 1063 ipso
1306 994 1444 1049 Pontilice
1455 1009 1496 1061 33-

391 1097 433 1153 33.
448 1112 481 1123 -
494 1083 617 1153 Aliquos
637 1081 809 1138 Cardinales
820 1081 951 1137 Pontifex
963 1081 1103 1149 nominat,
1122 1090 1235 1135 ceteros
1247 1093 1352 1150 postea
1372 1082 1495 1151 designa

389 1180 478 1239 turus,
491 1170 642 1241 exquibus
656 1170 832 1225 Commissio
844 1178 958 1224 constet
971 1182 1013 1238 33.
1027 1198 1062 1209 -
1075 1170 1122 1223 De
1133 1168 1355 1225 consultoribus
1368 1171 1496 1223 nonnulle

390 1268 552 1313 statuuntur
565 1272 608 1327 33.

425 1384 473 1437 10.
489 1384 699 1435 EPISTOLA
710 1385 752 1435 ad
765 1384 833 1435 dos.
848 1383 1053 1441 'romansetm
1067 1383 1109 1433 de
1122 1382 1215 1433 festis
1224 1384 1259 1429 tn
1273 1382 1434 1433 honorem

389 1474 546 1535 Torquati
562 1474 663 1523 Tessl.
687 1496 722 1508 -
743 1472 907 1535 Mprlllo
920 1468 1010 1521 18⁹5.
1333 1481 1398 1533 pag.
1468 1480 1497 1531 34

424 1590 531 1645 Probat
546 1588 676 1645 Pontifex
689 1590 842 1645 consilium
855 1588 971 1659 publice
983 1587 1167 1642 renovandae
1179 1586 1338 1640 memoriae
1355 1587 1391 1639 Τ.
1407 1586 1495 1651 Tassi,

387 1678 439 1733 viri
452 1677 538 1733 laude
550 1676 630 1746 digni
644 1678 682 1733 ob
695 1686 839 1733 retentam
847 1676 955 1731 avitam
969 1675 1066 1743 fidem,
1075 1685 1180 1745 poetae
1189 1674 1264 1727 bene
1277 1674 1315 1727 de
1329 1689 1363 1727 re
1372 1674 1496 1743 religiosa

386 1766 490 1833 meriti,
514 1782 532 1820 a
557 1764 709 1820 Clemente
741 1764 816 1818 V111
843 1763 912 1819 olim
938 1763 977 1817 ad
1001 1778 1126 1817 coronae
1158 1761 1333 1831 capitolinae
1364 1762 1496 1815 honorem

386 1852 498 1909 invitati
513 1864 606 1921 3435.

421 1978 463 2027 11.
475 1978 683 2029 EPISTOLA
696 1977 959 2030 aposromca
969 1977 1012 2027 ad
1023 1976 1147 2039 Anglos
1156 1986 1297 2038 regnum
1307 1974 1433 2025 Christi

387 2066 422 2113 tn
436 2066 514 2115 ndei
528 2068 658 2116 unitate
670 2070 877 2127 quaerentes.
892 2090 927 2101 —
950 2065 987 2114 1⁴
1000 2064 1127 2126 Aprilis
1139 2064 1228 2114 1895
1328 2075 1397 2129 pag.
1467 2074 1495 2124 30

424 2182 508 2237 Datis
518 2182 579 2252 jam
589 2182 627 2238 ad
635 2183 785 2239 universos
798 2182 920 2253 populos
927 2180 1029 2237 litteris
1041 2180 1079 2235 de
1087 2180 1198 2235 onitate
1206 2179 1361 2246 catholica,
1373 2180 1493 2250 proprias

386 2280 484 2325 tamen
497 2271 535 2325 ad
547 2271 658 2341 Anglos
671 2270 733 2325 dari
743 2272 803 2326 vult
819 2269 951 2326 Pontifex
963 2268 1005 2337 36.
1016 2296 1051 2308 -
1064 2268 1176 2323 Omnes
1188 2266 1217 2322 in
1226 2268 1335 2336 Angiia
1344 2267 1492 2323 Christiani

386 2357 502 2415 assidue
524 2360 619 2413 Deum
633 2369 716 2415 orent
738 2376 791 2428 pro
814 2356 896 2412 Fidei
914 2356 1023 2412 unitate
1033 2356 1075 2425 36.
1098 2384 1133 2396 -
1146 2356 1303 2423 Gregorius
1327 2354 1492 2425 Magnusde

386 2455 471 2514 gente
491 2447 650 2517 Anglorum
664 2447 772 2516 optime
789 2445 908 2501 meritus
932 2455 986 2510 est,
1002 2460 1057 2499 nec
1068 2442 1164 2498 minus
1184 2442 1298 2497 illorum
1317 2444 1491 2513 providerunt

386 2530 557 2587 utilitatibus
581 2548 765 2590 successores
785 2530 937 2600 Gregorii:
955 2530 1033 2585 unde
1053 2540 1117 2584 orta
1138 2540 1183 2585 est
1206 2530 1372 2585 arctissima
1395 2531 1491 2584 nobilis

387 2618 480 2687 gentis
493 2636 557 2673 cum
579 2619 654 2675 Petri
670 2618 818 2675 Catbedra
838 2618 1004 2689 conjunctio
1017 2618 1156 2686 pti-3738.
1176 2646 1212 2657 -
1235 2618 1334 2673 Triste
1346 2618 1488 2673 dissidium

386 2705 501 2761 saeculo
515 2708 584 2761 XVI
605 2718 704 2763 natum
719 2706 845 2762 Romani
860 2706 1017 2762 Pontifices
1028 2705 1106 2760 omni
1119 2722 1189 2760 cura
1208 2706 1342 2761 adhibita
1353 2707 1489 2774 precihus·

387 2809 442 2865 que
455 2792 569 2850 indictis
582 2796 760 2865 restinguere
773 2795 943 2850 studuerunt
957 2794 999 2861 38.
1012 2823 1048 2834 -
1062 2794 1160 2849 Plures
1173 2794 1225 2847 viri
1238 2795 1332 2848 sancti
1346 2811 1412 2849 sese
1423 2805 1490 2848 totos

386 2882 415 2935 in
438 2883 560 2953 Angliae
576 2884 699 2939 salutem
722 2882 935 2953 impenderunt,
959 2880 1131 2937 nominatim
1151 2880 1272 2936 Carolus
1297 2882 1489 2940 Borromaeus

388 2968 536 3041 Philippus
550 2970 667 3037 Nerius,
680 2982 709 3027 et
723 2970 829 3027 Paulus
842 2986 860 3025 a
872 2970 966 3025 Cruce
978 2969 1070 3039 38·39.
1081 2996 1118 3008 -·
1130 2969 1284 3023 Praeclara
1296 2969 1384 3024 laude
1406 2971 1490 3023 Ponti·

384 3056 430 3112 fex
442 3069 562 3113 exornat
581 3058 756 3115 Societatem
770 3058 809 3113 ab
833 3057 947 3127 ignatio
961 3058 1090 3127 Spencer
1111 3056 1269 3125 conditam,
1281 3074 1359 3126 quae
1384 3058 1488 3128 quidem

385 3146 487 3201 uberes
496 3146 558 3215 jam
572 3145 689 3216 protulit
711 3146 821 3201 fructus
834 3158 878 3214 39.
891 3174 927 3184 —
947 3143 1096 3199 Fiduciam
1109 3143 1210 3197 salutis
1222 3144 1349 3213 Angliae
1361 3146 1489 3215 adjurant

385 3242 445 3286 tum
465 3232 529 3301 ipsa
541 3234 668 3287 humana
681 3232 831 3303 civilisque
850 3248 944 3286 rerum
958 3232 1036 3301 apud
1057 3232 1169 3301 Angios
1182 3233 1364 3302 temperatio,
1376 3243 1436 3287 turn
1447 3232 1489 3287 ad·

385 3336 483 3375 versus
497 3320 738 3377 Rationalismum
750 3330 780 3376 et
796 3319 1037 3375 Materialismum
1051 3331 1163 3375 asserta
1178 3321 1233 3375 Dei
1246 3331 1276 3375 et
1296 3321 1408 3377 Christi
1424 3325 1487 3392 jun.

384 3426 496 3465 necnon
510 3409 589 3465 varia
600 3408 810 3465 beneficentiae
822 3426 920 3479 opera,
930 3408 1042 3463 dierum
1052 3425 1198 3463 sacrorum
1208 3409 1319 3478 religio,
1331 3412 1360 3465 S.
1372 3411 1487 3481 Scripto-

385 3513 433 3551 rae
445 3497 613 3566 reverentia,
627 3496 815 3552 humanitatis
829 3497 858 3551 in
871 3497 1044 3567 longinquas
1057 3506 1159 3566 gentes
1172 3496 1288 3551 diffusio
1300 3512 1439 3567 mour.
1458 3526 1486 3535 -

386 3584 439 3639 Illa
450 3594 547 3641 tamen
560 3586 597 3641 ad
611 3587 732 3641 salutem
745 3585 887 3656 privatam
898 3594 949 3639 aut
961 3584 1105 3655 publicam
1118 3602 1176 3639 non
1188 3585 1353 3641 conducent
1365 3587 1427 3641 sine
1439 3586 1485 3638 De'

382 3672 497 3741 auxilio,
509 3674 587 3745 quod
600 3674 715 3745 quidem
725 3674 875 3729 orantibus
888 3674 973 3730 datur
982 3672 1143 3738 41.-Vim
1152 3673 1293 3727 orationis
1302 3673 1364 3730 sive
1377 3675 1415 3728 ad
1425 3685 1485 3727 tern-

383 3750 492 3831 poralia
504 3762 566 3817 sive
578 3762 615 3815 ad
628 3771 746 3817 aeterna
758 3762 836 3815 bona
848 3760 1030 3831 impetranda
1043 3760 1175 3815 Pontifex
1188 3761 1315 3816 inculcat
1328 3763 1423 3816 allatis
1433 3778 1484 3814 ver·

380 3849 427 3905 bis
440 3850 546 3905 Christi
559 3851 657 3906 omnia
670 3850 747 3905 bona
760 3848 955 3919 promittentis
964 3849 1008 3905 eis
1017 3849 1065 3921 qui
1082 3850 1178 3920 Ipsius
1190 3850 1308 3905 nomine
1317 3850 1484 3905 exoraverint

383 3938 496 3993 Patrem
513 3937 812 3993 munificentissimum
825 3951 917 4003 ιιι-42.
938 3966 975 3977 -
988 3938 1055 3991 Non
1067 3936 1164 3992 verbis
1182 3937 1291 3993 Christi
1302 3948 1422 4003 tanturn,
1439 3936 1484 3991 sed

381 4033 409 4079 et
422 4024 484 4094 ejus
503 4026 633 4095 exemplo
647 4025 738 4080 oratio
760 4025 979 4080 commendatur
990 4038 1033 4089 42.
1053 4054 1089 4065 -
1101 4024 1250 4081 Orationis
1263 4038 1442 4095 praeceptum
1458 4036 1484 4077 et

381 4108 540 4180 exemplum
553 4112 706 4183 praecipue
721 4111 903 4167 continentur
915 4128 1049 4167 sermone
1058 4122 1125 4181 post
1139 4112 1268 4168 Coenam
1278 4112 1386 4179 habito,
1397 4113 1426 4166 in
1434 4126 1482 4181 qno

383 4197 513 4252 Christus
527 4209 557 4253 ut
578 4200 621 4253 sui
644 4216 733 4253 unum
745 4210 846 4254 essent
860 4201 975 4254 Patrem
987 4198 1098 4269 rogavit
1119 4212 1212 4267 42-43
1230 4230 1266 4240 —
1288 4200 1321 4253 ln
1342 4201 1416 4255 hanc
1428 4198 1482 4251 nni-

381 4292 471 4339 tatem
484 4284 689 4354 perficiendam
703 4286 836 4341 Pontifex
856 4303 957 4342 omnes
977 4303 1060 4341 curas
1082 4287 1233 4357 impendit,
1246 4304 1298 4359 spe
1317 4288 1443 4358 gaudens
1453 4301 1481 4338 se

380 4368 439 4423 vita
455 4368 584 4426 functum
596 4372 698 4429 uberes
711 4373 754 4429 sui
777 4373 885 4429 laboris
906 4375 1016 4430 fructus
1038 4376 1104 4431 Deo
1128 4376 1281 4431 allaturum
1301 4392 1368 4432 esse
1384 4389 1428 4445 4}
1445 4402 1476 4411 -
