3117 4859
793 564 901 644 EPI
909 564 1112 645 STOLA

548 746 596 805 ad
622 749 659 807 L.
684 736 857 807 Schiiller
882 750 930 807 de
956 751 1141 821 Reltglosa
1163 760 1373 822 puerorum
1463 735 1466 802 ἒ

642 898 881 955 institutione
903 900 1048 969 optime
1070 902 1263 959 meritum.

260 1220 333 1337 259}-
558 1254 685 1401 gnam
714 1273 791 1337 fider
816 1295 835 1337 a
860 1284 894 1340 te
920 1277 1031 1339 decies
1058 1278 1150 1354 editi,
1175 1296 1314 1359 crusque
1330 1278 1496 1359 epitomae

210 1388 213 1396 ¹
278 1390 421 1469 Probat
459 1282 528 1440 E
558 1406 581 1473 g
606 1398 692 1461 quae
708 1379 918 1461 obsequiosrs
938 1392 1056 1444 ornata
1082 1379 1199 1443 litteris
1216 1378 1491 1452 Nobisobtulisti,

219 1451 415 1569 ,ufflsss
396 1476 582 1555 {bizantii
604 1482 730 1546 volenti
747 1484 861 1545 animo
878 1485 1048 1565 complexi
1064 1503 1189 1547 sumus.
1201 1482 1397 1547 Gaudemus
1412 1482 1492 1563 equi·

284 1586 369 1633 uariis
396 1583 472 1647 dem
491 1604 529 1647 ea
546 1586 633 1649 ultro
659 1588 810 1669 usurpari
826 1588 859 1649 in
885 1587 1034 1671 pluribus
1062 1588 1178 1651 Italiae
1200 1587 1419 1664 dioecesibus,
1441 1606 1490 1649 eo·

226 1648 370 1699 drbecesr'bus

247 1723 326 1779 ΜΜ
327 1718 371 1763 Μ
396 1708 536 1772 rumque
562 1710 659 1755 usum
685 1692 717 1753 in
747 1692 819 1756 dies
844 1693 952 1775 magis
976 1693 1115 1775 vulgari.
1141 1692 1180 1755 Id
1206 1690 1345 1755 mirifice
1362 1692 1486 1756 Nostris

218 1723 371 1907 &affigi
395 1796 574 1875 respondet
587 1796 724 1877 optatis,
735 1796 861 1878 quippe
875 1818 940 1860 non
958 1797 1065 1861 levem
1078 1797 1367 1879 opportunitatem
1383 1796 1485 1859 habet.

147 1970 150 1975 Ι
229 1917 367 1973 puerorum
395 1896 508 1980 Quum
526 1898 613 1962 enim
631 1920 732 1981 saepe
746 1902 848 1963 variis
863 1902 906 1963 de
931 1902 1057 1964 caussis
1083 1899 1227 1963 fideles
1217 1920 1250 1963 ru
1271 1899 1354 1964 alias
1369 1900 1488 1963 dioece-

216 1976 366 2090 aarum
392 2021 445 2063 ses
462 2004 603 2083 migrare
619 2023 695 2067 cum
717 2002 828 2067 liberis
844 2016 1017 2086 cogantur,
1036 2024 1104 2067 non
1126 2005 1208 2065 satis
1223 2012 1303 2085 apte
1320 2002 1483 2083 religiosae

392 2124 570 2185 puerorum
588 2106 790 2170 institutioni
807 2108 1016 2190 prospicitur,
1031 2107 1058 2169 si
1075 2107 1131 2169 alii
1148 2107 1181 2169 in
1198 2105 1271 2170 aliis
1287 2107 1486 2170 dioecesibus

392 2206 615 2271 adhibeantur
627 2209 711 2288 libri,
726 2212 768 2273 ad
785 2230 927 2292 quorum
944 2231 1097 2274 normam
1113 2230 1227 2273 sacrae
1243 2209 1415 2273 doctrinae
1429 2218 1486 2272 tra·

391 2309 522 2373 dendae
538 2312 623 2375 ratio
639 2314 797 2395 exigatur
810 2335 817 2390 ;
829 2314 892 2377 erit
902 2324 1015 2377 autem
1033 2311 1132 2395 longe
1142 2313 1448 2377 commodissimum
1463 2310 1486 2371 si

391 2414 559 2478 dioeceses
569 2436 687 2479 omnes
704 2417 900 2498 exemplum
914 2427 1099 2499 sequantur
1115 2416 1228 2495 Urbis,
1242 2436 1329 2499 quae
1344 2428 1377 2480 et
1393 2417 1484 2478 libros

391 2519 544 2598 probavit
554 2530 631 2584 tuos
641 2531 674 2585 et
687 2522 893 2585 discentibus
906 2534 1003 2603 aptos
1015 2533 1157 2602 experta
1169 2522 1316 2603 agnovit.
1328 2520 1479 2583 —Tuam

390 2623 502 2705 itaque
519 2625 715 2689 industriam
736 2628 854 2691 merita
875 2635 1116 2708 prosequentes
1132 2626 1241 2703 laude,
1258 2626 1480 2710 Apostolicam

390 2727 657 2793 benedictionem
675 2731 745 2809 tibi,
761 2731 883 2794 dilecte
899 2730 955 2807 fili,
970 2740 1184 2812 peramanter
1200 2729 1418 2811 impertimus.

433 2832 560 2897 Datum
601 2834 731 2897 Romae
769 2835 859 2916 apud
899 2834 933 2899 S.
965 2836 1100 2897 Petrum
1138 2836 1193 2897 die
1224 2848 1295 2897 x111
1333 2832 1479 2900 Octobris

389 2953 617 3019 utncccxcm,
635 2941 853 3006 Pontificatus
871 2942 986 3005 Nostri
1002 2962 1092 3005 anno
1107 2942 1241 3006 decimo
1257 2954 1366 3009 sexto.

1000 3105 1095 3170 LEO
1121 3106 1184 3170 ΡΡ.
1208 3107 1315 3171 XIII.

282 1175 312 1221 ¹3
396 1178 804 1424 {fissfituxssurmum
831 1173 1010 1235 voluminis
1041 1176 1083 1237 ad
1110 1172 1349 1255 explicandam
1383 1172 1494 1236 doctri-
