3117 4859
180 372 230 422 DE
255 368 412 423 senous
441 368 666 424 NONNULLIS
693 370 852 423 ARCHID.
881 371 913 421 S.
941 370 1066 422 PAULI.
1135 365 1181 443 75

126 522 207 589 Cum
228 542 305 587 vero
321 524 498 605 pastoralis
526 522 718 586 sollicitudo
743 529 779 584 et
793 521 985 607 impensum
1012 524 1184 607 religionis
1245 544 1327 634 Μῆῃ

86 627 234 703 studium,
242 647 310 710 quo
325 627 507 693 Antistites
523 628 618 691 istius
628 625 858 706 amplissimae
873 628 1011 692 ditionis
1024 625 1185 707 seruntur,
1251 644 1325 707 1892.

86 730 198 797 Sacrae
214 730 477 814 Congregationi
493 730 646 813 apprime
672 740 887 815 perspectum
913 731 967 807 sit,
982 730 1102 795 eadem
1123 751 1185 814 pro
1211 760 1241 809 dc·
1275 760 1364 823 pm

85 844 168 899 ceno
179 836 280 900 habet
295 836 388 899 omni
404 854 469 919 ope
485 837 576 919 ipsos
592 836 768 900 adnisuros
783 836 828 901 ad
844 836 1020 919 aptissima
1035 836 1185 899 remedia
1211 824 1365 955 mm

85 940 284 1018 invenienda,
306 940 429 1023 quibus
444 940 536 1005 hisce
561 940 658 1004 malis
673 939 854 1005 efficaciter
876 950 1078 1005 occurratur.
1096 940 1183 1005 Item
1213 957 1296 1006 bruas.

86 1042 265 1107 nullatenus
280 1043 414 1108 dubitat
430 1044 511 1126 quin
528 1063 590 1124 pro
606 1040 698 1107 filiali
717 1044 934 1110 veneratione
950 1065 1017 1129 qua
1033 1045 1185 1127 Aposto-

85 1146 172 1211 iicam
188 1148 314 1213 Sedens
331 1158 588 1231 prosequuntur,
613 1147 726 1227 iidem,
740 1150 859 1232 quavis
873 1150 1034 1214 submota
1055 1151 1185 1215 animo·

84 1272 148 1315 rum
162 1251 382 1329 dissensione,
397 1252 440 1317 ad
456 1235 658 1316 catholicum
677 1272 801 1317 nomen
814 1255 993 1318 tutandum
1010 1262 1044 1318 et
1059 1272 1184 1336 augen-

84 1356 164 1434 dum,
179 1357 338 1419 concordi
349 1356 524 1421 voluntate
539 1364 573 1420 et
584 1356 871 1420 consentientibus
887 1357 1018 1437 animis,
1029 1365 1186 1421 constan·

84 1457 342 1524 tcradlaborent.

122 1564 251 1629 Interea
264 1562 380 1628 omnia
395 1563 474 1628 Tibi
489 1564 600 1629 fausta
611 1586 632 1629 a
648 1564 724 1628 Deo
740 1586 785 1628 ex
802 1563 917 1629 animo
929 1584 1056 1647 precor.

122 1666 245 1731 Datum
271 1668 403 1731 Romae
418 1688 463 1731 ex
480 1667 567 1735 Acd.
591 1667 625 1734 S.
642 1668 679 1735 C.
704 1669 948 1752 Propagandae
964 1669 1061 1735 Fidei
1086 1670 1141 1735 die
1166 1686 1184 1750 3

85 1772 158 1836 Maii
177 1776 271 1856 1892.

247 1894 498 1977 Amplitudinis
515 1894 610 1958 Tuae

558 2014 822 2079 Addictissimus
846 2014 970 2081 Servus

403 2138 451 2205 M.
466 2138 582 2204 CARD.
596 2134 974 2213 LEDOCHOWSKI,
987 2134 1186 2216 Praefectus.

246 2274 285 2345 ›i‹
298 2274 492 2354 lucianus
503 2274 687 2340 Auernus.
702 2274 959 2376 Tnnncuau„
974 2272 1187 2338 secretarius.
