3117 4859
277 360 329 409 na
357 360 406 409 aa
432 358 648 410 carnotim
676 359 717 408 ru
746 360 952 411 uuuonma
1114 341 1183 433 183

1278 436 1293 467 2

123 512 197 575 Hoc
212 512 359 594 denique
375 510 476 576 officii
490 510 606 575 Nostri
623 512 708 575 ratio
725 514 889 594 exposcit,
907 522 945 577 ut
961 533 1001 577 ea
1012 512 1107 577 vobis
1123 514 1185 576 im·
1244 482 1330 598 {if}

83 617 275 697 peusissimc
291 616 579 691 commendemus,
595 635 681 697 quae
698 618 740 679 de
757 616 1031 681 adolescentibus
1048 616 1186 695 clericis,
1271 648 1365 699 effi„-

83 720 121 783 de
135 719 337 802 presbyteris
353 720 386 782 in
403 719 450 781 eis
473 718 554 799 ipsis
582 718 702 781 litteris
731 718 911 782 habuimus
939 720 1186 783 commendata
1211 716 1348 793 qiltgentcr

83 860 122 871 -
136 822 290 886 Profecto
314 821 341 883 si
357 830 505 885 vestrum
522 831 585 899 est,
601 820 822 885 Venerabiles
845 821 989 898 Fratres,
1005 822 1187 905 plurimum
1214 788 1352 897 mum*

84 925 325 1007 consiliiatque
347 944 471 1007 operae
495 925 636 989 inrecte
662 925 872 988 instituenda
898 926 991 990 omni
1016 927 1190 990 iuventute
1229 988 1233 996 ‚

84 1047 212 1109 ponere,
224 1027 332 1090 multo
348 1048 408 1090 vos
424 1028 532 1110 magis
549 1028 582 1089 in
600 1028 640 1090 iis
656 1028 830 1092 elaborare
853 1049 990 1093 necesse
1006 1041 1067 1111 est,
1083 1030 1140 1112 qui
1157 1029 1190 1091 in

87 1129 251 1193 Ecclesiae
278 1151 373 1213 spem
399 1130 606 1208 adolescunt,
623 1140 660 1194 ut
677 1151 800 1214 nempe
816 1143 850 1195 et
867 1130 1048 1196 sacerdotii
1065 1132 1192 1196 honore

85 1234 172 1316 digni
184 1234 251 1298 sint
274 1244 308 1298 et
325 1236 518 1300 muneribus
535 1236 606 1299 eius
622 1238 685 1298 rite
701 1236 868 1299 obeundis
884 1244 1002 1317 aptam
1019 1257 1080 1318 pro
1109 1246 1193 1300 tem·

86 1336 216 1417 poribus
248 1338 407 1402 virtutem
439 1338 677 1421 praeseferant.
706 1340 745 1401 In
773 1360 842 1422 quo
859 1359 963 1422 quum
997 1341 1193 1421 praecipuas
1223 1388 1226 1393 -

87 1438 275 1519 vigilantiae
284 1453 415 1505 vestrae
425 1451 537 1525 partes
548 1442 619 1504 iure
631 1441 694 1504 sibi
705 1441 878 1505 vindicent
890 1462 986 1506 sacra
996 1441 1195 1523 Seminaria‚

88 1540 240 1605 alacriore
253 1544 285 1606 in
303 1544 375 1607 dies
391 1544 506 1608 studio
522 1544 718 1607 contendite
734 1555 771 1607 ut
797 1544 936 1626 optimis
963 1564 1003 1607 ea
1031 1531 1195 1608 institutis
1218 1607 1223 1615 ,

88 1642 230 1724 floreant,
245 1648 488 1731 abundantque
502 1648 706 1711 adiumentis
723 1648 763 1710 iis
780 1648 940 1711 omnibus
965 1668 1053 1730 quae
1080 1667 1194 1710 neces·

88 1750 168 1811 saria
183 1760 275 1831 sunt;
292 1752 338 1815 ita
354 1772 435 1814 sane
453 1761 498 1829 ut,
508 1752 717 1815 delectorum
739 1752 990 1813 moderatorum
1008 1750 1195 1832 disciplina,

89 1851 127 1913 ad
148 1872 266 1929 mores,
281 1856 324 1917 ad
341 1856 482 1918 virtutes
503 1854 552 1925 sui
569 1854 695 1917 ordinis
713 1852 876 1936 proprias,
893 1864 995 1935 atque
1023 1852 1066 1915 ad
1092 1853 1195 1915 decus

90 1973 184 2018 omne
199 1958 383 2036 doctrinae,
394 1958 446 2022 vel
463 1958 597 2022 divinae
614 1958 665 2021 vel
682 1957 861 2034 humanae,
877 1976 1047 2020 sacrorum
1065 1955 1194 2022 alumni

93 2067 217 2122 mature
233 2062 429 2143 optimeque
447 2062 656 2125 excolantur.
759 2117 762 2123 .

130 2160 228 2243 Quod
246 2185 325 2229 vero
340 2166 383 2228 ad
400 2165 605 2229 fructuosam
623 2164 712 2229 Cleri
729 2165 831 2228 vestri
847 2164 1018 2226 actionem
1035 2163 1192 2244 pertinet,
1254 2196 1374 2259 Episcopi

93 2262 151 2328 hoc
176 2268 273 2331 huius
302 2272 451 2333 maxime
479 2279 529 2333 est
560 2270 732 2350 temporis,
760 2280 797 2333 ut
821 2278 941 2345 vestra,
974 2266 1195 2332 Venerabiles
1221 2261 1372 2377 flt'fflf·

94 2367 229 2449 Fratres,
249 2375 368 2437 sivein
384 2394 425 2438 eo
448 2375 626 2457 dirigendo
653 2374 843 2450 concordia,
870 2374 940 2435 sive
967 2372 1000 2433 in
1026 2370 1195 2435 hortando
1232 2345 1274 2393 ³8⁶
1312 2365 1321 2386 ²

95 2477 323 2559 monendoque
338 2478 474 2542 solertia
490 2488 524 2541 et
540 2478 671 2555 caritas,
687 2478 756 2541 sive
773 2478 806 2540 in
824 2478 951 2540 tuenda
967 2474 1194 2539 ecclesiastica

95 2576 263 2661 disciplina
294 2580 435 2647 firmitas
463 2582 562 2646 officii
593 2582 733 2659 eluceat,
759 2580 946 2663 singularis.
969 2619 1013 2629 —
1035 2580 1195 2643 Vicissim
1226 2597 1342 2673 crasa¹

94 2692 251 2764 quotquot
267 2696 346 2750 sunt
362 2709 406 2749 ex
422 2687 538 2750 ordine
554 2686 632 2748 cleri
650 2706 785 2749 necesse
801 2694 852 2749 est
869 2696 905 2749 ut
933 2684 1112 2767 Episcopis
1126 2682 1196 2748 suis
1223 2663 1366 2791 fbffiffi

95 2802 219 2853 summa
242 2810 319 2855 curn
347 2790 412 2854 fide
443 2790 694 2867 adhaerescent,
718 2810 834 2853 eorum
860 2790 1033 2871 excipiant
1059 2788 1198 2867 monita,
1218 2799 1348 2859 praestetr

96 2894 225 2959 consilia
240 2906 275 2961 et
290 2907 411 2979 coepta
426 2898 587 2961 adiuvent
603 2919 611 2976 ;
627 2898 659 2959 in
685 2896 920 2979 perfunctione
942 2904 1056 2959 autem
1082 2913 1197 2957 mune-

97 3013 162 3059 rum
178 3019 357 3078 sacrorum,
372 3002 404 3065 in
423 3001 591 3064 laboribus
609 3021 669 3081 pro
682 3000 790 3063 salute
803 2998 978 3063 hominum
991 2998 1197 3079 sempiterna

97 3102 307 3183 suscipiendis
332 3115 510 3187 promptos
534 3124 667 3185 semper
698 3102 902 3185 alacresque,
932 3102 1073 3165 caritate
1102 3102 1197 3175 duce,

97 3218 163 3264 sese
177 3206 378 3289 impertiant.
395 3246 437 3256 -
454 3208 538 3274 Cum
567 3229 646 3271 vero
673 3208 706 3269 in
735 3227 853 3270 omnes
879 3216 992 3288 partes
1017 3204 1197 3287 plurimum
1225 3260 1366 3311 Sacerdotes

98 3310 217 3383 possint
232 3315 446 3378 sacerdotum
463 3313 807 3396 exempla,imprimis
819 3313 989 3386 studeant,
998 3308 1199 3390 semetipsos
1222 3328 1314 3393 populo

100 3410 200 3478 vivam
230 3417 363 3482 virtutis
395 3428 428 3482 et
455 3418 684 3481 continentiae
715 3415 858 3481 formam
890 3412 996 3477 oculis
1027 3410 1200 3475 christiani
1226 3393 1334 3518 {ffb

100 3518 204 3598 populi
220 3532 415 3587 constanter
430 3522 599 3585 exhibere.
617 3520 723 3585 Caute
739 3539 819 3583 vero
834 3518 982 3593 videant,
994 3536 1036 3579 ne
1051 3516 1199 3580 civilium
1257 3573 1363 3623 enimn

100 3616 148 3679 vel
163 3622 370 3702 politicarum
387 3643 497 3687 rerum
514 3624 634 3687 studiis
647 3622 722 3705 plus
733 3620 839 3684 nimio
850 3640 886 3682 se
898 3620 1037 3695 dedant;
1049 3616 1199 3699 illudque
1224 3592 1382 3704 :implicent

102 3740 193 3805 saepe
210 3728 304 3792 Pauli
321 3727 481 3810 Apostoli
510 3728 744 3791 meminerint:
764 3724 869 3787 Nemo
884 3723 1035 3786 militans
1047 3722 1124 3800 Deo,
1138 3720 1200 3784 im·
1225 3705 1330 3822 2⁸:32⁰?ss
1345 3770 1351 3780 .

98 3824 191 3903 plicat
202 3848 235 3892 se
251 3828 387 3911 negotiis
400 3826 634 3892 saecularibus:
645 3834 681 3887 ut
695 3824 870 3907 eiplaceat,
880 3824 934 3886 cui
946 3822 1138 3905 reprobavit
1149 3821 1201 3905 (¹).
1226 3788 1279 3886 bu‘s.
1297 3772 1358 3818 lan-

103 3929 412 4011 Certe,exteriorum
424 3930 885 4017 providentiammonenteS.
893 3928 1055 4011 Gregorio
1061 3928 1203 4011 Magno,

105 4034 136 4097 in
152 4038 352 4103 internorum
369 4038 595 4103 sollicitudine
610 4044 739 4099 rectum
757 4045 808 4097 est
827 4053 894 4097 non
911 4033 1118 4116 relinquere:
1145 4053 1203 4097 no·

107 4140 317 4227 minatimque
333 4163 436 4227 quum
467 4143 510 4206 de
538 4140 701 4222 religione
728 4138 856 4203 tuenda
887 4146 945 4201 aut
972 4138 1015 4200 de
1031 4138 1204 4201 communi

108 4243 190 4308 bono
204 4247 417 4329 provehendo
433 4248 552 4329 agitur,
571 4265 634 4308 non
664 4252 742 4306 sunt
758 4241 911 4323 profecto
938 4261 978 4304 ea
1004 4240 1206 4320 negligenda

138 4390 156 4422 1.
166 4378 189 4423 ll
198 4380 259 4428 Tim.
271 4392 298 4435 11,
311 4396 333 4438 4.
