3117 4859
746 496 1066 579 EPISTOLA

414 676 470 733 Ad
497 676 699 747 Episcopos
724 676 942 751 Hispaniae,
970 677 1102 735 Italiae
1124 682 1162 736 et
1185 678 1384 753 utriusque

804 834 1001 893 Americae

577 999 1038 1061 nnsnucuunmnus
1068 1002 1230 1062 Fusus

575 1168 950 1231 cumsropnom
989 1169 1229 1231 connum.

976 1313 1271 1324 .............................
1313 1319 1418 1328 ,,,,,,,,,,,
1423 1244 1463 1328 -it

233 1461 264 1507 ιο
537 1454 664 1505 UARTO
709 1441 855 1504 abeunte
890 1441 1033 1518 saeculo,
1069 1451 1186 1522 postea
1222 1463 1322 1525 quam
1354 1444 1462 1508 homo

200 1520 293 1637 {ff
555 1542 660 1625 Ligur
678 1544 719 1606 ad
752 1544 885 1626 ignotas
915 1554 1008 1607 trans
1039 1543 1214 1611 Oceanum
1243 1546 1459 1611 Atlanticum

554 1668 639 1725 oras,
654 1647 730 1711 Deo
746 1647 890 1729 auspice,
916 1648 1042 1731 primus
1061 1648 1201 1730 appulit,
1228 1652 1377 1731 gestiunt
1393 1651 1458 1714 ho·

193 1739 320 1853 bfflg,
557 1752 663 1815 mines
679 1760 712 1815 et
728 1752 925 1815 memoriam
942 1753 988 1815 rei
1004 1761 1101 1834 grata
1125 1752 1356 1818 recordatione
1372 1754 1462 1819 cele·

190 1872 223 1920 lit
233 1870 320 1947 Ponet]-
347 1859 444 1923 brare
460 1866 493 1922 et
505 1866 676 1921 auctorem
688 1856 860 1921 extollere.
871 1856 944 1920 Nec
960 1876 1041 1921 sane
1052 1855 1147 1921 facile
1160 1860 1351 1940 reperiatur,
1368 1879 1461 1943 quae

178 1937 225 2000 sex
245 1935 319 1985 ctu·
346 1971 539 2045 permoveat
555 1962 687 2025 animos
703 1960 881 2043 studiaque
891 1960 1085 2038 inflammet,
1101 1981 1219 2025 caussa
1231 1962 1299 2027 ulla
1314 1964 1463 2046 dignior.

173 2002 320 2117 mm
348 2068 417 2130 Res
429 2067 519 2130 enlm
536 2084 594 2147 per
624 2085 661 2127 se
675 2065 826 2127 omnium
843 2073 903 2141 est,
918 2083 1002 2147 quas
1033 2063 1101 2128 ulla
1131 2074 1224 2129 aetas
1242 2085 1392 2149 unquam
1410 2067 1459 2131 ab

168 2140 264 2197 etopus
280 2134 320 2180 in·
430 2168 438 2181 .
466 2168 474 2181 .
744 2167 751 2181 .
779 2166 787 2180 .
914 2167 921 2179 .
1217 2170 1225 2184 .
1327 2171 1334 2184 .

171 2200 241 2261 ,W
256 2198 321 2247 abeo
347 2166 540 2231 hommrbus
569 2165 704 2229 effectas
719 2167 813 2244 vidit,
829 2186 979 2229 maxima
1003 2177 1035 2230 et
1059 2169 1283 2251 pulcherrima
1301 2191 1353 2234 :rs
1377 2191 1462 2236 vero

170 2269 308 2328 peractum.
347 2272 404 2353 qui
421 2269 509 2347 iecit,
523 2270 668 2351 pectoris
684 2270 876 2351 ingeniique
893 2270 1126 2351 magnitudine
1142 2282 1218 2354 post
1234 2282 1332 2337 natos
1349 2274 1462 2337 homi-

348 2393 408 2437 nes
418 2393 495 2437 cum
512 2374 627 2455 paucis
657 2376 913 2455 comparandus.
937 2372 1020 2437 Eius
1044 2378 1155 2457 opera,
1171 2395 1216 2439 ex
1243 2376 1463 2459 inexplorato

349 2476 477 2543 Oceani
493 2478 568 2540 sinu
584 2476 668 2541 alter
683 2476 817 2540 emersit
847 2476 952 2540 orbis:
968 2486 1111 2541 centena
1128 2478 1319 2543 mortalium
1349 2478 1459 2543 millia

348 2602 392 2645 ex
420 2581 588 2645 oblivione
612 2590 646 2645 et
665 2579 811 2645 tenebris
842 2582 876 2643 in
907 2600 1121 2646 communem
1152 2584 1291 2647 humani
1321 2584 1457 2665 generis

347 2686 543 2749 societatem
559 2686 722 2761 restituta,
732 2704 777 2747 ex
794 2684 864 2748 lero
876 2685 968 2749 cultu
985 2686 1027 2749 ad
1045 2687 1337 2750 mansuetudinem
1354 2696 1463 2768 atque

348 2789 593 2854 humanitatem
604 2791 770 2868 traducta;
780 2790 941 2872 quodque,
950 2798 1001 2851 est
1014 2788 1114 2872 longe
1128 2790 1327 2869 maximum,
1340 2810 1460 2854 eorum

349 2894 653 2959 communicatione
668 2894 844 2971 bonorum,
864 2912 950 2976 quae
966 2892 1066 2973 Jesus
1084 2891 1236 2957 Christus
1261 2894 1399 2975 peperit,
1414 2894 1462 2956 ad

271 3022 324 3083 Qui
348 2998 451 3062 vitam
468 2999 706 3081 sempiternam
722 2997 767 3061 ab
781 2998 917 3061 interitu
930 3004 1093 3059 revocata.
1158 2994 1295 3077 Europa
1313 2996 1464 3078 quidem,

170 3088 322 3204 wlizi
348 3102 479 3166 subitae
495 3103 541 3165 rei
557 3104 707 3166 novitate
716 3111 750 3164 et
765 3099 927 3165 miraculo
937 3109 1018 3164 tunc
1028 3100 1184 3176 attonita,
1197 3098 1277 3181 quid
1291 3099 1463 3164 Columbo

171 3219 284 3297 tumapq
298 3224 325 3267 er
348 3207 479 3283 debeat,
494 3205 618 3269 sensim
646 3214 764 3287 postea
779 3204 949 3287 cognovit,
963 3223 1040 3267 cum
1068 3204 1224 3267 nimirum
1254 3204 1407 3268 deductis
1425 3204 1461 3267 in

172 3286 323 3344 aramma
350 3312 542 3377 Americam
555 3312 899 3388 coloniis,commeatu
912 3310 1055 3389 assiduo,
1067 3308 1253 3371 mutatione
1265 3306 1463 3383 officiorum,

207 3350 319 3410 merim,

199 3416 324 3480 posterior
349 3417 469 3480 dandis
495 3414 765 3498 accipiendisque
781 3415 864 3478 mari
882 3415 988 3491 rebus,
1005 3414 1047 3476 ad
1066 3422 1205 3475 naturae
1221 3412 1461 3494 cognitionem,

172 3487 323 3609 {gum}
350 3522 392 3584 ad
409 3539 603 3584 communes
620 3520 741 3601 copias,
757 3521 800 3582 ad
817 3539 898 3601 opes
911 3518 1114 3583 incredibilis
1130 3526 1181 3580 est
1193 3518 1341 3581 accessio
1358 3517 1459 3591 iacta,

174 3613 220 3661 vu.
350 3626 483 3707 unaque
499 3623 598 3687 simul
616 3623 785 3705 Europaei
809 3625 953 3688 nominis
985 3622 1067 3687 mire
1082 3620 1185 3685 crevit
1208 3621 1400 3687 auctoritas.
1416 3658 1460 3670 -

250 3743 325 3791 Prae·
354 3729 392 3791 ln
409 3729 473 3790 hac
488 3726 589 3809 igitur
605 3736 674 3791 tam
691 3728 868 3811 multiplici
885 3726 1128 3810 significatione
1144 3724 1290 3801 honoris,
1306 3735 1407 3808 atque
1424 3726 1457 3787 in

209 3810 327 3923 kmi}
352 3832 416 3895 hoc
431 3830 521 3896 velut
537 3840 700 3897 concentu
723 3832 974 3913 gratulantium,
989 3829 1128 3895 omnino
1144 3828 1240 3892 silere
1268 3849 1335 3892 non
1361 3830 1459 3894 decet

198 3939 328 3989 rumetab
354 3934 549 4012 Ecclesiam,
564 3934 689 4017 quippe
705 3954 791 4016 quae
807 3956 900 3999 more
916 3944 1018 4017 atque
1034 3932 1190 3998 instituto
1206 3954 1277 4027 suo,
1293 3933 1459 4017 quidquid

210 4005 330 4119 ,iffi
354 4058 495 4121 usquam
511 4037 691 4102 honestum
718 4058 757 4101 ac
781 4037 948 4103 laudabile
972 4038 1133 4116 videatur,
1149 4038 1271 4120 probat
1296 4037 1404 4102 libens
1419 4059 1461 4102 ac

176 4137 328 4251 2²22&AE
354 4142 535 4226 provehere
552 4140 677 4206 nititur.
694 4140 851 4204 Honores
868 4140 923 4205 illa
939 4142 1074 4225 quidem
1100 4142 1284 4223 singulares
1302 4151 1335 4205 et
1352 4142 1462 4211 maxi-

195 4266 328 4316 nostoru-
356 4268 428 4311 mos
444 4255 589 4309 reservat
614 4246 909 4327 praestantissimis
930 4246 962 4307 in
979 4262 1101 4326 genere
1125 4264 1255 4309 morum
1272 4243 1462 4324 virtutibus,

199 4348 238 4382 η’
252 4348 328 4382 '‘⁸⁶''
354 4371 421 4436 qua
437 4350 535 4415 saluti
551 4358 706 4415 aeternae
721 4348 909 4414 animorum
922 4350 1102 4413 cohaerent
1116 4368 1200 4413 :non
1212 4349 1336 4413 idcirco
1346 4358 1461 4413 tamen
