3117 4859
379 366 431 417 ao
458 366 565 416 aroer
592 364 795 424 umraram
823 362 1080 417 couoRrfflo.
1214 345 1284 433 283

176 531 247 585 tum
275 522 509 604 germanitatis
525 522 660 585 vincula
676 520 817 585 firmiter
833 539 1038 605 permanere,
1049 538 1091 582 eo
1106 535 1285 601 persuaso:

175 625 312 689 Iustitia
326 626 433 690 elevat
442 637 573 708 gentem
588 626 639 709 (¹).
773 698 777 707 ¹

219 729 348 794 Pariter
374 730 467 794 domi
492 739 652 813 suppetet
679 730 759 794 inde
775 728 981 812 praesidium
998 726 1116 790 salutis
1132 723 1287 808 publicae
1401 752 1463 801 Non

119 912 123 921 Ι
177 832 284 896 multo
295 833 419 916 certius
430 853 470 896 ac
480 833 634 910 validius,
643 852 745 915 quam
756 832 848 915 quod
861 832 951 913 leges
963 840 997 895 et
1009 848 1102 894 arma
1115 827 1286 910 praebent.
1312 824 1414 867 tantum

178 936 353 1019 Siquidem
379 957 480 1001 nemo
504 957 572 1000 non
598 937 700 1014 videt,
723 936 955 1019 ingravescere
972 933 1123 1017 quotidie
1139 928 1286 1015 pericula
1304 883 1464 1013 {malla

176 1041 418 1105 incolumitatis
442 1051 477 1107 et
500 1040 755 1124 tranquillitatis
776 1040 940 1123 publicae,
956 1058 1032 1102 cum
1050 1036 1286 1102 seditiosorum
1313 1012 1464 1129 {mm

176 1155 297 1222 sectae,
320 1147 412 1228 quod
440 1146 558 1210 crebra
581 1154 726 1210 testatur
750 1144 937 1208 facinorum
962 1142 1130 1219 atrocitas,
1146 1142 1180 1204 in
1197 1160 1286 1203 ever·
1313 1144 1396 1222 Fidei,

177 1249 287 1311 siones
312 1250 505 1331 conspirent
532 1258 633 1331 atque
655 1249 792 1311 excidia
808 1248 992 1312 civitatum.
1010 1245 1147 1313 Scilicet
1163 1262 1287 1325 magua
1312 1217 1445 1341 {mg

178 1350 394 1415 contentione
409 1352 557 1433 agitatur
572 1370 611 1413 ea
623 1349 753 1432 duplex
765 1369 894 1427 caussa,
904 1370 1005 1431 quam
1015 1348 1173 1423 socialem,
1184 1363 1286 1427 quam
1313 1338 1465 1469 maloi

170 1451 340 1535 politicam
352 1454 534 1535 appellant
552 1452 705 1536 Utraque
720 1472 802 1516 sane
814 1453 1025 1535 gravissima:
1043 1462 1144 1534 atque
1154 1450 1286 1530 utrique
1311 1472 1396 1522 uticae
1411 1470 1449 1520 ds·-

179 1556 349 1638 sapienter
371 1557 525 1640 iustequc
549 1556 768 1632 dirimendae,
796 1556 951 1638 quamvis
968 1554 1150 1619 laudabilia
1166 1552 1287 1629 studia,
1311 1536 1466 1669 mm

179 1669 458 1742 temperamenta,
480 1660 714 1743 experimenta
731 1661 799 1722 sint
815 1660 849 1721 in
867 1660 978 1723 medio
995 1659 1159 1733 consulta,
1173 1667 1286 1721 tamen
1312 1671 1431 1719 simaest.

180 1764 263 1829 nihii
288 1764 381 1829 aliud
407 1775 477 1829 tam
503 1778 731 1847 opportunum
757 1762 864 1839 suerit,
879 1782 982 1845 quam
999 1764 1026 1825 si
1043 1762 1168 1845 passim
1184 1760 1289 1825 animi

179 1870 223 1933 ad
250 1870 492 1933 conscientiam
515 1868 734 1950 regulamque
757 1865 856 1931 officii
872 1887 919 1928 ex
937 1867 1093 1930 interiore
1109 1864 1187 1929 fidei
1204 1865 1288 1927 chri-

179 1975 310 2036 stianae
333 1974 497 2056 principio
513 1972 742 2037 informentur.
760 2006 805 2019 --
821 1970 874 2033 De
889 1969 1004 2033 sociali
1018 1990 1136 2034 caussa
1152 1970 1186 2032 in
1201 1970 1288 2032 hanc
1353 2020 1393 2069 De
1404 2018 1466 2069 soci-

180 2079 382 2142 sententiam
408 2098 428 2140 a
446 2076 554 2142 Nobis
571 2099 638 2143 non
656 2080 763 2142 multo
779 2088 868 2154 ante,
883 2078 964 2141 data
980 2077 1092 2158 opera,
1107 2082 1288 2139 tractatum
1316 2086 1349 2135 ali
1366 2100 1441 2134 causa

180 2191 242 2258 est,
256 2184 401 2263 sumptis
416 2182 461 2245 ab
479 2182 677 2265 Evangelio,
691 2184 842 2264 itemque
857 2202 878 2245 a
894 2180 1037 2244 naturali
1055 2180 1185 2243 ratione
1200 2178 1289 2259 prin·
1316 2156 1461 2267 {32‘22‘22

182 2284 286 2367 cipiis.
308 2322 352 2333 -
368 2286 422 2349 De
437 2306 556 2350 caussa
563 2286 708 2370 politica,
724 2285 888 2349 libertatis
903 2305 979 2348 curn
997 2292 1166 2366 potestate
1180 2284 1290 2347 conci·
1315 2280 1455 2398 {millam

180 2388 315 2452 liandae
338 2389 457 2471 gratia,
472 2410 557 2472 quas
573 2390 670 2453 multi
687 2390 826 2454 notione
842 2389 1053 2453 confundunt
1070 2396 1103 2451 et
1120 2405 1154 2448 re
1170 2386 1290 2448 intem·
1316 2412 1442 2479 ,mm

180 2502 338 2577 perantes
361 2494 562 2570 distrahunt,
586 2513 632 2557 ex
654 2494 837 2557 christiana
854 2492 1068 2577 philosophia
1083 2491 1132 2555 vis
1149 2489 1290 2553 derivari
1317 2479 1470 2611 Ρ-Οιίζιζζὲο,

180 2606 293 2681 potest
309 2598 468 2679 perutilis.
487 2596 576 2660 Nam
592 2598 658 2661 hoc
674 2598 796 2680 posito,
811 2609 846 2663 et
857 2599 1009 2662 omnium
1022 2615 1159 2659 assensu
1170 2613 1290 2676 appro·
1318 2607 1471 2660 ceracctesia

181 2700 271 2777 bato,
297 2720 529 2783 quaecumque
554 2701 692 2765 demum
717 2702 761 2765 sit
786 2700 894 2764 forma
920 2699 1133 2781 reipublicae,
1149 2696 1291 2761 auctori·
1315 2676 1473 2804 {th'j‘gfm

180 2814 287 2868 tatem
314 2823 388 2868 esse
402 2823 424 2867 a
449 2805 534 2880 Deo,
549 2804 712 2868 continuo
727 2804 814 2868 ratio
830 2803 999 2886 perspicit,
1016 2802 1203 2883 legitimum
1220 2818 1292 2863 esse
1314 2812 1457 2886 potestatem

180 2910 216 2973 in
226 2909 302 2973 aliis
312 2910 572 2991 iusimperandi,
581 2917 845 2973 consentancum
858 2910 891 2971 in
903 2907 976 2971 aliis
987 2906 1134 2971 officium
1146 2903 1294 2988 parendi,
1319 2870 1472 2987 ἓξὲξ-,Ψ

182 3031 292 3094 neque
308 3013 339 3075 id
356 3012 515 3094 dignitati
528 3012 740 3089 contrarium,
751 3012 830 3093 quia
843 3010 919 3075 Deo
931 3011 1040 3074 verius
1051 3028 1153 3092 quam
1166 3004 1293 3106 homini
1319 3000 1456 3117 2:215ss-

181 3126 316 3199 paretur
330 3138 338 3178 ι
350 3135 371 3178 a
387 3114 464 3179 Deo
479 3126 593 3178 autem
610 3111 770 3177 iudam'um
785 3114 1007 3177 durissimum
1018 3113 1061 3175 iis
1072 3113 1133 3196 qui
1135 3121 1297 3193 praesunt
1320 3134 1431 3183 smulcat

181 3219 419 3283 denuntiatum
429 3229 489 3295 est,
500 3219 563 3281 nisi
574 3238 753 3300 personam
767 3218 839 3281 eius
852 3227 941 3281 recte
954 3216 1109 3299 iusteque
1121 3215 1293 3295 gesserint.
1320 3200 1462 3329 ξῖξζὲἶζὶω
1531 3283 1535 3292 ¹

182 3324 339 3389 Libertas
363 3342 443 3386 vero
468 3323 676 3404 singulorum
702 3322 828 3385 nemini
855 3330 968 3402 potest
995 3340 1068 3383 esse
1091 3328 1246 3398 suspecta
1262 3326 1295 3380 et
1317 3329 1449 3407 presepe,

181 3428 300 3504 invisa,
316 3427 394 3510 quia
410 3445 535 3490 nocens
551 3426 687 3504 nemini,
703 3428 737 3489 in
750 3426 791 3489 iis
805 3445 893 3509 quae
906 3444 983 3489 vera
996 3434 1084 3501 sunt,
1095 3442 1182 3506 quae
1196 3431 1295 3496 recta,
1321 3396 1473 3522 fjffissj,

181 3550 269 3616 quae
294 3552 373 3596 cum
402 3530 535 3613 publica
562 3530 807 3613 tranquillitate
837 3530 1027 3604 coniuncta,
1043 3527 1237 3591 versabitur.
1255 3560 1296 3575 -
1321 3527 1351 3579 ti.

184 3636 341 3718 Denique
364 3635 392 3698 si
419 3634 501 3698 illud
518 3643 699 3715 spectetur,
712 3634 792 3716 quid
810 3632 917 3715 possit
934 3630 1135 3713 populorum
1151 3649 1190 3693 ac
1206 3627 1296 3711 prin·
1364 3657 1475 3707 Ecclesia

184 3741 296 3822 cipum
314 3756 436 3820 parens
451 3746 485 3799 et
501 3734 714 3798 conciliatrix
731 3735 893 3811 Ecclesia,
903 3734 946 3797 ad
960 3743 1120 3815 utrosque
1131 3729 1296 3794 iuvandos
1323 3723 1474 3837 ⁰ljl'2'a-‘m'’

184 3842 387 3907 auctoritate
410 3839 620 3921 consilioque
646 3858 708 3901 suo
736 3848 826 3915 nata,
853 3850 925 3901 tum
953 3836 1103 3899 maxime
1119 3833 1297 3916 apparebit
1322 3802 1462 3904 {yma

183 3956 349 4031 quantum
375 3943 493 4008 salutis
521 3944 711 4008 communis
742 3944 873 4006 intersit
904 3952 941 4007 ut
972 3952 1091 4024 gentes
1122 3941 1297 4004 universae
1323 3919 1462 4051 {jaff

185 4052 348 4115 inducant
373 4050 525 4112 animum
552 4048 642 4113 idem
670 4048 713 4111 de
742 4046 807 4111 fide
833 4047 1017 4111 christiana
1045 4047 1178 4123 sentire,
1206 4044 1295 4108 idem
1321 4051 1421 4116 populo-

185 4154 344 4241 profiteri.
1324 4134 1393 4167 mm.

230 4260 303 4325 Ista
329 4260 465 4343 quidem
494 4260 683 4340 cogitantes
709 4278 748 4322 ac
773 4266 848 4323 toto
875 4257 989 4320 animo
1013 4254 1298 4338 concupiscentes,
1406 4280 1480 4328 Lacte

217 4408 240 4443 1.
255 4394 339 4446 Prov„
356 4404 411 4444 xrs.
429 4407 465 4451 34.
