3117 4859
268 380 320 429 AD
349 379 454 429 FIDEI
483 377 686 429 UNITATEM
712 375 971 428 COHORTATIO.
1111 370 1181 442 273

81 528 289 611 evangelicae
305 531 491 611 sapientiae
506 538 559 592 est
574 529 713 591 omnino
723 548 855 608 expers,
863 530 984 609 partim
1001 525 1185 609 quodlicet
1241 543 1332 629 qun

80 631 257 697 christiano
276 635 410 698 initiata
426 635 564 708 nomini,
579 654 599 696 a
617 632 682 695 fide
698 632 864 695 catholica
888 630 1039 693 dissidet.
1056 628 1133 710 Qua
1149 649 1184 692 re
1249 642 1321 704 1894·

80 736 221 817 graviter
235 737 542 811 commovebamur,
555 755 828 799 commovemur:
846 734 1056 817 nequeenim
1074 734 1123 795 las
1134 742 1184 795 est
1212 740 1338 803 ingentem

81 841 149 903 sine
164 840 285 904 intimo
297 842 422 905 doloris
446 861 546 905 sensu
576 840 818 921 cogitationem
853 839 1026 901 intendere
1052 838 1087 900 in
1112 847 1185 899 tan·
1211 804 1360 919 wlff

80 950 146 1004 tam
163 945 293 1024 generis
309 945 447 1008 humani
474 955 603 1028 partem
628 945 728 1025 longe
759 964 778 1005 a
806 942 924 1018 Nobis,
947 941 1037 1005 velut
1068 941 1186 1004 itinere
1211 936 1352 1050 :wrm

81 1046 182 1122 devio,
212 1047 469 1131 digredientem.
489 1087 533 1097 -
551 1048 715 1123 Iamvero,
745 1067 821 1109 cum
852 1047 917 1109 Dei
942 1045 1186 1127 omnipotentis
1211 1067 1333 1129 evangeli-
1364 1065 1367 1071 ¹

81 1146 166 1210 vices
195 1151 230 1211 in
261 1152 357 1215 terris
377 1171 545 1233 geramus,
565 1153 622 1233 qui
653 1151 725 1214 vult
755 1168 874 1212 omnes
894 1149 1048 1211 homines
1076 1147 1187 1210 salvos
1211 1135 1361 1245 {2⁵25

82 1246 147 1311 fieri
173 1259 208 1313 et
235 1250 278 1314 ad
304 1251 510 1333 agnitionem
540 1252 689 1317 veritatis
716 1250 840 1325 venire,
870 1268 1014 1330 cumque
1045 1248 1119 1310 Nos
1153 1255 1188 1309 et
1211 1233 1332 1311 dissiden-

82 1368 150 1413 sera
164 1359 260 1414 aetas
272 1361 306 1415 et
318 1372 433 1415 amara
450 1371 603 1415 curarum
620 1352 663 1414 ad
680 1350 865 1414 humanum
889 1357 1030 1430 urgeant
1045 1348 1187 1421 exitum,
1212 1335 1354 1441 {fflcg‘a'

82 1452 185 1517 visum
202 1467 253 1517 est
279 1456 502 1536 redemptoris
533 1454 750 1535 magistrique
781 1452 886 1516 nostri
920 1451 1006 1515 IESU
1028 1451 1186 1515 CHRISTI
1213 1458 1283 1507 fide.

84 1553 92 1567 ,
187 1555 244 1570 ..
302 1556 309 1569 ,
749 1554 756 1566 .
1018 1550 1025 1565 .
1125 1551 1133 1562 ·
1275 1525 1363 1572 Omnes

83 1572 114 1614 m
130 1573 170 1616 eo
186 1565 310 1618 rmrtan
327 1555 534 1637 exemplum,
550 1555 640 1636 quod
658 1573 814 1637 proxime
831 1552 873 1614 ad
890 1551 1047 1614 caelestia
1063 1551 1186 1614 reditu·
1212 1589 1323 1637 hanzines

84 1678 134 1721 rus
153 1660 295 1723 summis
312 1659 466 1740 precibus
482 1679 502 1722 a
518 1658 594 1722 Deo
618 1660 717 1721 Patre
741 1656 915 1739 flagitavit,
931 1667 967 1720 ut
995 1654 1122 1719 alumni
1138 1673 1187 1716 se·
1212 1655 1342 1769 chtqqsvssilt

84 1760 291 1845 ctatoresque
308 1765 359 1826 sui
375 1774 409 1827 et
426 1775 538 1827 mente
555 1773 589 1826 et
604 1763 718 1825 animo
735 1780 838 1825 unum
854 1760 1136 1841 fierent:R0g0....
1152 1767 1191 1820 ut
1214 1784 1330 1848 vosfieri,

82 1888 186 1931 ornnes
202 1890 308 1931 unum
319 1870 397 1944 sint,
410 1869 496 1932 sicus
510 1878 545 1931 tu
562 1868 670 1931 Pater
683 1867 718 1929 in
728 1888 787 1943 me,
802 1877 899 1948 etcgo
915 1867 949 1928 in
966 1876 1004 1942 te,
1028 1874 1110 1927 utet
1126 1862 1190 1945 ipsi
1213 1850 1353 1978 Zffifr’n

84 1970 116 2031 r'n
131 1970 222 2035 nobis
237 1988 340 2034 unum
355 1972 426 2035 sint
439 1972 490 2056 (¹).
515 1971 610 2055 Quae
622 1972 757 2053 quidem
775 1972 923 2051 precatio
933 1971 1188 2049 obsecratioque
1214 1981 1330 2029 imitatus

84 2074 193 2137 divina
209 2076 372 2156 quoniam
391 2096 458 2137 non
481 2096 539 2139 eos
560 2071 695 2138 tantum
719 2072 955 2157 complectitur
972 2074 1028 2156 qui
1050 2083 1130 2135 tunc
1155 2070 1188 2131 in
1217 2046 1345 2160 mas

86 2178 202 2243 lEsUM
220 2178 424 2243 CthISTUM
441 2179 624 2255 crederent,
640 2179 697 2241 sed
715 2179 818 2241 etiam
841 2188 1009 2259 quotquot
1033 2172 1189 2240 credituri
1217 2176 1368 2291 qqtttrqmstrq!

85 2282 208 2365 reliquo
220 2294 373 2364 ternpore
396 2292 517 2359 essent,
534 2284 657 2346 idcirco
677 2284 736 2347 dat
752 2282 810 2345 illa
829 2283 935 2345 Nobis
951 2301 1105 2345 caussam
1122 2298 1189 2342 non
1213 2308 1306 2371 gantis,
1318 2312 1367 2354 pa,

84 2386 230 2469 ineptam
247 2387 418 2469 aperiendi
435 2385 576 2451 fidenter
591 2398 671 2451 vota
691 2388 828 2464 Nostra,
844 2387 1064 2469 conandique,
1079 2382 1190 2468 quoad
1217 2374 1269 2422 “⁴²'‘
1279 2372 1315 2420 “d
1323 2372 1366 2420 Fi·

86 2507 271 2567 possumus,
286 2499 323 2551 ut
334 2488 499 2563 homiues,
514 2488 607 2551 nullo
619 2488 751 2569 generis
772 2487 966 2550 locorumve
991 2472 1192 2559 discrimine,
1217 2440 1360 2553 lxm,

86 2594 125 2655 ad
141 2590 220 2657 fidei
244 2592 379 2656 divinae
406 2593 571 2657 unitatem
599 2602 761 2655 vocentur
784 2602 885 2674 atque
913 2593 1096 2655 incitentur
1121 2590 1192 2651 uni·
1216 2577 1327 2699 ἑξξῇἓζη

87 2716 177 2761 versi.

129 2798 281 2884 Urgente
299 2801 512 2882 propositum
523 2801 672 2876 caritate,
682 2819 768 2882 quae
791 2798 868 2863 illuc
881 2800 1023 2863 accurrit
1043 2798 1194 2874 celerius,
1241 2803 1252 2851 1
1268 2802 1352 2851 Panse

88 2903 140 2967 ubi
156 2904 346 2986 opitulandi
363 2905 546 2967 necessitas
567 2905 683 2981 maior,
699 2905 845 2985 primum
872 2904 1009 2984 quidem
1040 2901 1194 2984 provolat
1230 2888 1371 3003 gamo

87 3007 215 3071 animus
242 3007 285 3070 ad
323 3016 442 3088 gentes
469 3006 621 3070 omnium
650 3006 865 3081 miserrimas,
895 3025 981 3087 quae
1016 3005 1193 3086 Evangelii
1238 3016 1354 3095 aquidei

89 3108 197 3173 lumen
225 3108 278 3172 vel
304 3109 397 3172 nullo
422 3110 526 3177 modo
548 3117 760 3191 acceperunt,
775 3108 827 3171 vel
856 3118 1042 3190 acceptum,
1068 3110 1194 3170 incuria
1229 3094 1358 3194 ⁰³¹l²fe¹¹f·

89 3233 143 3277 seu
159 3214 419 3295 longinquitate,
436 3214 665 3276 restinxerunt
683 3222 953 3295 :proptereaque
971 3210 1081 3273 Deum
1099 3211 1194 3292 igno·
1220 3184 1357 3313 geramus

89 3328 171 3395 rant,
184 3326 220 3381 et
232 3318 266 3380 in
283 3336 418 3379 summo
433 3336 543 3379 errore
558 3325 741 3381 versantur.
758 3315 927 3399 Quoniam
942 3315 1158 3378 salusomnis
1175 3335 1194 3376 a
1221 3313 1349 3389 Pontifex·

92 3421 176 3489 issu
206 3421 376 3487 CHRISTO
393 3419 621 3503 proficiscitur,
638 3442 693 3483 nec
711 3420 800 3483 enim
820 3420 919 3483 aliud
938 3440 1050 3481 nornen
1072 3428 1119 3481 est
1135 3416 1195 3481 sub
1221 3380 1358 3508 {tymi-1

89 3528 169 3591 caelo
192 3528 310 3591 datum
334 3526 527 3606 hominibus,
548 3527 583 3589 in
605 3548 668 3609 quo
688 3548 745 3589 nus
760 3535 905 3608 oporteat
926 3524 1126 3606 salvosfieri
1144 3524 1195 3608 (²),
1221 3511 1363 3639 jaff·

90 3640 241 3695 votorum
260 3630 462 3695 Nostrorum
479 3631 542 3694 hoc
567 3639 618 3693 est
644 3631 842 3705 maximum,
859 3650 957 3711 posse
981 3641 1195 3692 sacrosancto
1221 3650 1263 3701 tes,
1276 3656 1354 3689 sacro-

93 3732 177 3801 IEsu
195 3736 331 3798 nomine
347 3746 486 3798 cunctas
502 3745 664 3798 terrarum
681 3733 799 3816 plagas
812 3734 964 3798 celeriter
978 3734 1081 3797 imbui
1093 3745 1196 3815 atque
1221 3707 1373 3823 ffllssfu

92 3841 257 3921 compleri.
273 3839 351 3923 Qua
367 3840 401 3903 in
417 3861 453 3903 re
465 3859 586 3903 munus
602 3838 731 3902 efficere
747 3837 811 3901 sibi
828 3840 1102 3903 demandatuma
1122 3839 1196 3903 Deo
1222 3846 1266 3887 rur
1277 3836 1356 3886 ”02¹5-

94 3940 243 4008 Ecclesia
267 3946 405 4026 quidem
430 3944 524 4007 nullo
551 3952 703 4026 tempore
727 3944 961 4025 praetermisit.
990 3941 1081 4026 Quid
1108 3945 1195 4007 enim
1223 3920 1262 3954 ne.

93 4046 300 4134 undeviginti
310 4046 444 4111 saecula
457 4046 632 4123 laboravit,
641 4049 723 4129 quid
735 4049 805 4129 egit
816 4048 930 4111 studio
940 4049 1197 4130 constantiaque

95 4153 226 4231 maiore,
243 4173 344 4236 quam
373 4163 409 4216 ut
437 4152 480 4215 ad
503 4152 678 4215 veritatem
707 4162 809 4232 atque
837 4152 991 4216 instituta
1017 4151 1198 4215 christiana

94 4267 208 4336 gentes
219 4254 427 4322 adduceret?
442 4256 622 4338 Hodieque
633 4255 824 4338 frequenter
838 4256 942 4319 maria
956 4257 1199 4332 transmittunt,

125 4403 145 4437 1.
163 4392 240 4445 ioan„
258 4401 457 4443 xvu,ao21.-
471 4403 493 4436 a.
511 4390 576 4441 Act,
592 4399 626 4443 iv,
640 4404 674 4437 12.

146 4526 201 4569 Acta
214 4526 294 4571 leonis
306 4526 377 4569 Xlll.
1046 4528 1070 4567 V.
1086 4548 1111 4555 -
1126 4527 1156 4565 ι8.
