3117 4859
416 344 463 431 84
593 364 782 415 marsuan
808 364 1065 415 arosrotrcrus
1087 352 1108 379 “
1127 366 1311 417 neumam
1331 344 1349 369 ''

235 531 289 575 tam
299 528 387 601 capro-
415 515 749 594 devovere,eoetiam
759 515 910 594 consilio,
922 514 970 579 uti
981 516 1107 580 scilicet
1122 517 1227 593 Iesus,
1238 518 1344 581 Maria
1356 527 1389 579 et
1402 518 1499 597 loseph

265 594 389 666 mim
416 618 561 682 familias
587 619 651 683 sibi
678 620 811 683 deditas
827 630 1002 702 tamquam
1020 640 1089 684 rem
1120 622 1292 705 propriam
1319 631 1463 685 tueantur
1477 632 1501 683 et

238 718 389 833 saffra-llll?
418 718 560 782 foveant.
578 716 646 801 Qui
673 719 839 784 sociorum
857 722 889 785 in
907 742 1083 787 numerum
1102 735 1179 789 sunt
1191 726 1324 803 adsciti,
1341 726 1456 790 debent
1468 744 1500 786 ex

237 851 325 900 „pm
342 865 390 898 sese
417 824 572 888 instituto
588 844 663 886 cum
686 824 725 887 iis
752 826 809 906 qui
837 828 929 891 domi
946 840 1207 905 commorantur,
1223 831 1257 893 in
1281 849 1384 893 unum
1406 850 1502 893 conre-

237 916 389 1045 ffegffi.»
417 929 488 991 nire
501 949 509 1005 ;
525 949 638 993 coram
649 930 796 1011 imagine
810 930 933 996 Sacrae
947 930 1110 995 Familiae
1126 932 1261 995 decreta
1275 934 1408 1015 pietatis
1418 932 1503 997 officia

236 1046 390 1110 guisman-
417 1042 609 1113 praestare:
634 1032 819 1114 providere,
848 1055 888 1099 ea
913 1034 1111 1116 opitulante,
1139 1046 1176 1099 ut
1202 1038 1288 1099 inter
1311 1058 1348 1099 se
1363 1036 1503 1117 colligatis

236 1118 389 1226 ss-‘Jiof’m
417 1136 482 1200 fide
499 1136 678 1213 mentibus,
692 1136 832 1201 caritate
848 1139 1080 1203 voluntatibus
1096 1140 1129 1203 in
1146 1160 1261 1204 amore
1278 1140 1343 1203 Dei
1360 1139 1503 1225 atquebu-

417 1243 555 1316 minum,
571 1240 676 1304 vitam
692 1242 734 1305 ad
749 1242 959 1323 propositum
973 1244 1114 1325 exigant
1125 1245 1310 1327 exemplar.
1328 1245 1419 1308 Piam
1437 1246 1504 1306 hanc
1547 1297 1548 1300 ,

270 1344 390 1458 ax·-
415 1342 700 1406 consociationem
718 1343 892 1409 Bononiae
903 1348 945 1411 ad
963 1348 1069 1412 instar
1080 1348 1319 1431 Lugdunensis
1336 1350 1501 1413 institutam

261 1476 327 1525 em,
338 1482 389 1522 ma
417 1448 571 1509 decessor
587 1446 711 1510 Noster
726 1446 832 1511 felicis
852 1452 1093 1516 recordationis
1111 1454 1189 1517 Pius
1205 1453 1259 1517 IX
1283 1453 1443 1516 similibus
1465 1452 1502 1513 lit·

257 1557 306 1653 ’ᾗ
315 1540 390 1652 m
417 1551 496 1613 teris
506 1550 890 1636 approbavitzdeinceps
901 1554 1315 1639 Epistoladlevlanuarii
1326 1564 1503 1619 MDcchxx

238 1672 390 1721 dumconvc-
417 1653 459 1717 ad
477 1654 569 1735 pium
587 1664 757 1718 auctorem
774 1656 864 1735 data,
880 1660 1058 1741 singularis
1075 1659 1183 1722 laudis
1200 1660 1381 1739 praeconio
1390 1667 1437 1721 est
1447 1675 1502 1737 pro·

288 1743 390 1864 ,zm
417 1768 586 1841 sequutus.
608 1760 665 1822 Ad
682 1759 757 1822 Nos
772 1762 862 1841 quod
883 1765 1014 1842 attinet,
1029 1782 1104 1827 cum
1130 1782 1345 1844 summopere
1366 1778 1503 1830 curemus
1552 1773 1553 1800 ³

241 1867 390 1943 christiana
417 1872 450 1925 et
466 1862 646 1944 diligamus
668 1883 900 1946 quaecumque
916 1866 958 1929 ad
976 1867 1165 1931 animarum
1182 1867 1325 1929 salutem
1349 1862 1502 1929 iuvandam
1546 1910 1554 1943 4

277 1999 388 2046 ,mm
418 1986 567 2030 maxime
583 1968 705 2044 valent,
722 1968 891 2030 noluimus
912 1969 1093 2031 desiderari
1110 1968 1245 2031 laudem
1263 1975 1296 2028 et
1311 1963 1505 2029 commenda·
1553 1984 1554 2023 t

239 2064 388 2177 rffl‘u·
416 2074 543 2135 tionem
571 2072 926 2154 Nostram;datisque
954 2074 996 2135 ad
1021 2073 1181 2136 dilectum
1210 2069 1333 2133 Filium
1365 2066 1504 2131 Nostrum
1553 2126 1554 2129 ,

302 2166 308 2177 '
417 2177 649 2258 Augustinum
666 2175 699 2241 S.
717 2176 757 2239 R.
776 2175 814 2239 E.
840 2175 1053 2245 Cardinalem
1071 2175 1192 2251 Bausa,
1208 2193 1253 2236 ex
1275 2172 1506 2255 dispensatione
1544 2177 1554 2248 p

278 2360 283 2370 .
301 2295 389 2370 conso·
417 2279 618 2361 Apostolica
635 2278 936 2361 Archiepiscopum
952 2280 1194 2353 Florentinum,
1207 2277 1338 2355 litteris,
1355 2274 1504 2340 eamCon-
1544 2265 1554 2348 l

258 2368 389 2408 aaronem
418 2385 636 2446 sociationem
668 2384 784 2445 utilem
817 2404 856 2446 ac
883 2387 1074 2462 salutarem,
1104 2384 1294 2463 nostrisque
1321 2379 1506 2463 temporibus
1543 2353 1550 2480 Ξ

260 2425 391 2474 Bononiae

274 2496 388 2566 erectam,
419 2487 515 2549 valde
531 2486 821 2551 accommodatam
835 2488 1191 2571 esserignificavimus.
1202 2486 1295 2569 Quas
1308 2507 1391 2550 vero
1403 2486 1518 2549 Nostra.
1541 2480 1554 2572 i

255 2557 394 2669 vappam
418 2610 587 2653 sacrorum
616 2590 756 2653 Rituum
785 2590 1021 2673 Congregatio,
1045 2592 1250 2675 suffragante
1277 2588 1405 2653 dilecto
1439 2586 1505 2650 Filio
1541 2599 1554 2666 i

274 2686 390 2798 admit·
421 2696 546 2759 Nostro
567 2695 730 2758 Caietano
746 2694 779 2759 S.
800 2695 841 2758 R.
858 2694 896 2759 E.
914 2696 1114 2778 Presbytero
1131 2695 1301 2761 Cardinali
1326 2690 1507 2757 Aloist-Ma·
1543 2673 1554 2762 l

273 2759 390 2879 pum
419 2800 500 2863 sella
515 2802 625 2863 eidem
637 2800 898 2882 Congregationi
912 2801 1094 2878 Praelecto,
1105 2798 1369 2863 consecrationis
1382 2793 1508 2861 christia·
1541 2789 1548 2902 j

238 2884 390 3012 ξῦξζωῖζ
420 2924 537 2967 narum
554 2903 754 2967 familiarum
767 2903 955 2980 formulam,
969 2915 1002 2968 et
1018 2904 1246 2986 precationem
1257 2922 1373 2966 coram
1386 2898 1508 2981 imagine
1543 2927 1554 2974 3,

241 3021 390 3077 nonetpro-
417 3008 540 3073 Sacrae
560 3007 723 3069 Familiae
751 3007 957 3070 recitandam
988 3008 1095 3071 Nobis
1120 3016 1354 3090 proposuerat,
1378 3001 1508 3090 probavi·
1542 3042 1554 3088 ῃ

237 3086 346 3143 positam
375 3095 391 3125 a
1086 3114 1093 3127 .
1159 3115 1166 3130 .
1368 3114 1375 3127 .
1544 3111 1548 3120 ·

241 3146 269 3195 S.
283 3146 390 3194 gam.
419 3134 500 3190 mus,
523 3122 557 3175 et
573 3123 749 3193 utramque
772 3114 815 3175 ad
844 3112 992 3174 locorum
1010 3112 1207 3177 Ordinarros
1233 3110 1507 3177 transmittendam
1541 3137 1554 3183 ᾗ

247 3212 393 3341 mm
417 3216 751 3281 curavimus.Deinde
766 3216 861 3278 veriti
874 3236 915 3279 ne
926 3236 1105 3298 germanus
1116 3226 1324 3280 memoratae
1340 3208 1508 3279 devotionis
1539 3193 1548 3290 ξ

271 3357 392 3389 consecra.
419 3321 554 3403 spiritus
590 3328 698 3383 tractu
736 3319 898 3400 temporis
926 3320 1211 3401 oblanguesceret,
1238 3320 1349 3383 eidem
1387 3319 1508 3383 Nostrae
1541 3356 1554 3394 Ἡ

269 3407 395 3520 Chr‘ss'gf
421 3426 598 3489 Sacrorum
627 3423 767 3486 Rituum
785 3422 1047 3505 Congregationi
1075 3425 1319 3499 mandavimus,
1337 3432 1375 3487 ut
1392 3423 1508 3488 Statura

244 3554 339 3613 narum
349 3538 393 3599 Ji·
419 3530 641 3604 concinnaret,
653 3526 774 3607 quibus
791 3526 823 3588 in
836 3530 990 3591 universo
1001 3529 1167 3593 catholico
1179 3530 1260 3593 orbe
1271 3523 1508 3610 piaeconsocia·
1541 3505 1547 3528 ¹

243 3605 393 3731 ζ’ἷῖέᾷῗζζᾌῖ
419 3634 527 3695 tiones
538 3631 660 3696 Sacrae
671 3631 834 3693 Familiae
845 3630 1071 3695 instituendae
1082 3634 1169 3697 adeo
1179 3634 1264 3696 inter
1276 3652 1313 3695 se
1329 3632 1510 3696 coniunctae
1544 3666 1548 3678 ι

244 3749 394 3847 ,JJZZJJZ
420 3736 538 3813 spleni>
553 3746 590 3798 ut
606 3756 691 3798 unus
703 3736 859 3797 omnibus
876 3735 1108 3817 praeficeretur
1119 3754 1261 3818 praeses,
1273 3735 1332 3817 qui
1350 3737 1509 3797 easaucto·
1542 3722 1548 3803 l

245 3881 301 3913 ram
331 3865 393 3910 inca·
421 3844 518 3907 ritate
533 3864 665 3906 summa
691 3853 820 3924 regeret
846 3853 879 3905 et
896 3840 1133 3904 moderaretur.
1150 3839 1287 3903 Statuta
1305 3848 1384 3920 post
1399 3850 1511 3901 accura-
1547 3840 1548 3902 ᾗ

240 3928 393 4005 ,letzem-“a-
421 3960 493 4009 tum
509 3966 652 4009 examen
670 3946 713 4007 ab
738 3946 855 4009 eadem
874 3945 976 4009 Sacra
997 3944 1269 4027 congregatione
1285 3948 1436 4015 exarata,
1450 3940 1511 3998 suut
1553 3990 1554 4023 ζ

303 4009 339 4042 OC.

246 3996 302 4043 mm
422 4050 538 4112 eadem
555 4070 641 4131 quae
657 4049 916 4112 subscribuntur.
