3117 4859
363 344 435 434 308
493 362 682 413 curense
706 362 963 413 apostoncae
991 352 1010 379 “
1029 362 1311 415 oureunruruu.
1331 340 1348 365 ”

179 523 319 582 mserum.
361 514 477 596 possit,
499 513 542 576 ad
567 512 813 593 Religiosarum
843 512 1057 589 Sodalitates,
1077 511 1196 594 puellis
1222 510 1404 575 educandis
1427 510 1457 571 in

360 619 531 682 asceteriis
547 618 738 701 scholisque
754 619 898 683 deditas.
915 618 1015 702 Quod
1041 620 1070 681 si
1096 635 1163 700 qua
1187 616 1380 680 immutatio
1402 635 1460 697 per

359 730 514 803 tempora
529 733 563 785 et
579 741 631 784 res
645 733 837 804 opportuna
854 722 1016 798 inciderit,
1031 742 1071 786 ea
1098 740 1165 785 non
1191 729 1269 785 ante
1286 718 1345 783 fiat
1359 740 1457 803 quam

316 878 322 897 1
359 828 573 892 Patriarchae
609 846 793 891 consensus
829 826 1006 889 accesserit
1043 835 1077 887 et
1111 824 1209 887 venia
1241 823 1459 903 Apostolicae

249 954 281 1004 5⁰
292 945 332 994 De
359 930 466 998 Sedis.

206 1009 332 1124 ‘illm
400 1035 442 1099 V.
460 1035 567 1113 Nova,
582 1036 646 1099 ritu
662 1034 778 1110 latino,
794 1036 975 1099 iuventutis
992 1030 1133 1117 collegia
1158 1033 1210 1096 vel
1232 1033 1353 1097 domus
1371 1031 1457 1095 Reli-

195 1140 328 1201 Relqrnso.
355 1140 525 1223 giosorum
550 1140 706 1203 utriusvis
732 1159 835 1202 sexus
860 1160 902 1201 ne
929 1139 961 1200 in
990 1146 1162 1221 posterum
1178 1138 1380 1219 aperiantur,
1397 1134 1457 1197 nisi

175 1209 332 1333 [0]]ζὲιῖἳέ
356 1242 556 1323 Apostolica
572 1240 661 1307 Sede
677 1254 794 1326 rogata
811 1254 845 1307 et
861 1246 1102 1309 consentiente.

174 1336 324 1451 lim&
399 1344 460 1410 VI.
478 1347 684 1428 Presbyteris
708 1357 780 1410 tum
810 1348 921 1412 latinis
947 1360 1019 1412 tum
1044 1345 1272 1423 orientalibus,
1289 1364 1399 1428 neque
1424 1347 1455 1406 in

171 1468 294 1542 solutione
309 1484 326 1517 a
352 1450 429 1527 suis,
446 1470 554 1532 neque
570 1453 603 1513 in
619 1451 719 1514 alieni
736 1453 819 1516 ritus
835 1453 993 1529 ecclesiis,
1011 1454 1060 1518 fas
1087 1464 1139 1517 est
1164 1470 1367 1536 quemquam
1397 1450 1456 1513 ab·

173 1532 324 1649 ‘afflat-j
351 1554 480 1618 solvere
492 1575 511 1617 a
523 1555 656 1619 casibus
671 1558 727 1638 qui
744 1559 813 1621 suis
829 1559 990 1641 cuiusque
1004 1558 1191 1623 Ordinariis
1207 1556 1274 1622 sint
1290 1555 1457 1631 reservati,

351 1661 415 1723 nisi
432 1659 592 1725 facultate
607 1662 651 1725 ab
667 1662 794 1725 eisdem
812 1664 974 1746 permissa
988 1687 994 1725 :
1010 1683 1081 1747 qua·
1094 1662 1127 1725 in
1144 1681 1180 1725 re
1197 1660 1339 1744 quodvis
1356 1661 1454 1742 privi-

350 1764 486 1846 legium,
503 1767 555 1829 vel
572 1766 710 1848 speciali
728 1768 899 1830 mentione
923 1767 1074 1849 dignum,
1091 1785 1226 1848 prorsus
1249 1782 1455 1829 revocamus.

195 1868 321 1945 ΜΨ·
394 1869 476 1933 Vll.
494 1869 722 1934 Orientalibus
740 1872 796 1952 qui
825 1874 925 1935 ritum
953 1872 1104 1947 latinum,
1120 1871 1251 1934 etiamsi
1276 1888 1322 1933 ex
1346 1868 1456 1950 ponti·

171 1935 323 2049 {³12}ssthss
351 1971 425 2035 licio
442 1973 611 2056 rescripto,
626 1976 844 2057 susceperint,
860 1986 1024 2039 revertere
1040 1976 1082 2038 ad
1099 1976 1288 2057 pristinum,
1304 1974 1455 2054 Aposto-

169 2066 321 2180 mm
350 2078 413 2140 lica
429 2075 519 2142 Sede
534 2089 686 2153 exorata,
701 2078 825 2143 licebit.

171 2196 283 2245 unribus.
391 2180 493 2246 V111.
511 2181 644 2245 Mulieri
661 2182 755 2246 latini
772 2184 855 2247 ritus
870 2204 957 2266 quae
974 2184 1045 2248 viro
1061 2183 1212 2267 nupserit
1236 2184 1319 2246 ritus
1343 2183 1452 2245 orien-

166 2260 321 2388 spmffss‘
348 2285 433 2360 talis,
450 2304 556 2367 aeque
571 2306 611 2349 ac
629 2287 758 2350 mulieri
774 2288 929 2352 orientali
946 2307 1032 2370 quae
1060 2288 1211 2369 nupserit
1235 2286 1351 2362 latino,
1367 2286 1453 2350 inte·

167 2390 317 2443 verstrims.
346 2409 444 2471 grum
460 2392 523 2454 erit
539 2403 576 2455 ut
587 2392 631 2454 ad
649 2393 750 2456 ritum
765 2391 836 2467 viri,
849 2392 997 2455 ineundo
1007 2389 1059 2454 vel
1072 2392 1215 2455 durante
1226 2388 1452 2463 matrimonio,

346 2502 510 2559 transeat:
528 2496 745 2558 matrimonio
756 2504 870 2559 autem
888 2495 1009 2571 soluto,
1022 2494 1211 2559 resumendi
1229 2493 1354 2576 proprii
1371 2494 1454 2558 ritus

346 2599 451 2663 libera
466 2599 528 2662 erit
545 2610 705 2680 potestas.

213 2771 217 2780 ,
240 2717 267 2767 9⁰
278 2706 318 2783 ne
393 2702 452 2765 IX.
470 2701 683 2787 Quicumque
699 2704 880 2781 orientalis,
896 2718 994 2769 extra
1009 2703 1233 2787 patriarchale
1248 2704 1451 2768 territorium

166 2771 317 2899 ῗκζκᾶἴζζζ
346 2824 568 2877 commorans,
584 2805 646 2869 sub
662 2807 954 2872 administratione
971 2810 1014 2873 sit
1030 2809 1108 2873 cleri
1126 2808 1229 2885 latini,
1243 2806 1320 2871 ritui
1336 2815 1451 2870 tamen

166 2902 317 3031 exm-
346 2928 407 2971 suo
424 2908 634 2991 permanebit
649 2910 852 2993 adscriptus;
870 2913 917 2975 ita
933 2924 978 2987 ut,
995 2912 1075 2977 nihil
1095 2910 1319 2975 diuturnitate
1341 2909 1451 2972 aliave

183 3032 319 3081 triarctale
346 3032 463 3075 caussa
491 3013 559 3075 ulla
585 3011 799 3096 suffragante,
823 3017 949 3081 recidat
981 3017 1012 3079 in
1045 3017 1207 3080 ditionem
1229 3014 1454 3089 Patriarchae,

165 3112 318 3212 marran-
346 3116 500 3179 simulac
517 3117 550 3180 in
567 3118 639 3181 eius
655 3120 858 3184 territorium
876 3122 1049 3185 revenerit.

222 3237 266 3304 ,¹⁰⁹
276 3228 317 3306 Dp
389 3219 432 3285 X.
456 3219 559 3297 Nulli,
575 3222 731 3285 utriusvis
756 3243 869 3300 sexus,
885 3223 1006 3290 Ordini
1033 3224 1086 3288 vel
1109 3210 1269 3290 instituto
1294 3222 1452 3304 religioso

165 3294 317 3408 ,gfff
345 3324 440 3389 latini
455 3327 548 3403 ritus,
563 3345 768 3409 quemquam
795 3328 992 3392 orientalem
1019 3329 1105 3391 inter
1131 3328 1264 3393 sodales
1290 3346 1370 3391 suos
1397 3324 1447 3388 fas

169 3425 316 3550 ulum
344 3430 406 3492 erit
422 3431 578 3513 recipere,
589 3431 647 3513 qui
657 3433 782 3513 proprii
799 3432 968 3497 Ordinarii
981 3432 1224 3496 testimoniales
1236 3432 1365 3496 litteras
1382 3446 1450 3493 non

166 3538 318 3604 altisimus
345 3543 424 3597 ante
440 3534 641 3600 exhibuerit.

167 3621 317 3735 cmm}
389 3637 451 3700 Xl.
469 3638 504 3702 Si
521 3659 588 3720 qua
604 3656 648 3701 ex
663 3639 903 3704 dissidentibus
919 3642 1144 3704 communitas
1166 3640 1217 3702 vel
1241 3638 1370 3702 familia
1392 3634 1444 3699 vel

174 3750 316 3827 dissidenti·
345 3759 488 3821 persona
509 3741 553 3803 ad
577 3741 777 3807 catholicam
797 3745 961 3809 unitatem
987 3746 1124 3821 venerit,
1140 3743 1334 3807 conditione
1358 3740 1449 3805 velut

164 3814 316 3930 spatam
344 3842 530 3905 necessaria
554 3844 750 3927 interposita
777 3847 1003 3929 amplectendi
1029 3848 1124 3911 latini
1150 3848 1242 3922 ritus,
1267 3846 1345 3909 huic
1373 3841 1449 3906 ritui

198 3946 316 4058 ‘hymn
344 3954 516 4009 remaneat
542 3967 582 4009 ea
610 3948 747 4030 quidem
772 3952 816 4015 ad
842 3962 976 4033 tempus
1002 3952 1174 4027 adstricta,
1189 3950 1222 4013 in
1239 3950 1311 4014 eius
1333 3958 1446 4011 tamen

163 4026 218 4125 half
234 4019 316 4061 ‘m'
344 4057 513 4133 potestate
528 4049 572 4112 sit
587 4051 630 4113 ad
645 4052 795 4116 nativum
810 4056 909 4118 ritum
924 4054 1125 4119 catholicum
1139 4037 1321 4137 aliquando
1333 4050 1448 4113 redire.

344 4152 380 4217 Si
400 4172 478 4215 vero
493 4154 659 4218 eiusmodi
675 4158 826 4221 conditio
843 4179 909 4221 non
936 4160 1168 4234 intercesserit,
1183 4158 1242 4221 sed
1271 4156 1348 4219 ideo
1374 4155 1446 4234 ipsa

343 4257 577 4334 communitas,
594 4257 732 4336 familia,
757 4281 900 4342 persona
927 4281 948 4324 a
973 4262 1085 4325 latinis
1110 4261 1314 4344 presbyteris
1337 4258 1444 4322 admi·

346 4360 505 4424 nistretur
520 4362 600 4444 quia
616 4363 729 4427 desint
744 4366 935 4443 orientales,
954 4366 1209 4447 regrediendum
1238 4364 1300 4447 ipsi
1317 4362 1380 4427 erit
1401 4360 1443 4423 ad
