3117 4859
73 1339 460 1418 maantamstssmr
494 1333 543 1397 tui
580 1353 706 1396 annum
744 1333 900 1415 quintum
928 1345 961 1400 et
991 1339 1188 1407 vicesimum
1247 1373 1331 1462 ABR

76 1419 217 1613 'HM
242 1417 265 1486 ll
289 1458 392 1520 quum
410 1439 455 1500 sis
471 1437 667 1519 propediem
679 1436 886 1519 expleturus,
903 1459 948 1502 ex
964 1447 1037 1506 toto
1060 1443 1189 1510 Ordine
1255 1473 1328 1536 1897·

75 1489 268 1715 Ξυπὲ
290 1541 434 1625 Equites
469 1560 685 1605 communem
717 1540 980 1624 gratulationem
1009 1545 1095 1611 velle
1128 1549 1189 1613 tibi
1217 1583 1370 1638 0,.„,1,1„„,

289 1645 451 1729 singulari
479 1647 581 1708 modo
609 1643 736 1722 testari,
755 1644 894 1711 allatum
924 1659 984 1714 est.
1012 1649 1114 1734 Quod
1141 1653 1189 1716 illi
1215 1647 1333 1755 &gfff

76 1757 161 1819 dum
179 1754 298 1816 merito
314 1770 396 1814 sane
411 1769 451 1812 ac
467 1750 520 1831 pie
536 1748 672 1825 iaciunt,
689 1749 873 1813 admodum
897 1749 979 1818 libet
993 1756 1189 1837 gratulatio·
1216 1767 1286 1815 Hier.
1300 1769 1358 1815 Ma-

77 1860 133 1923 nis
161 1857 306 1922 Nostrae
327 1854 494 1938 peculiare
521 1863 757 1935 argumentum
786 1857 996 1939 coniungere,
1011 1879 1114 1942 quum
1133 1865 1191 1925 tud
1213 1833 1368 1946 Ξέζῖζῖἑῑῗῖ

76 1964 195 2046 ipsius,
222 1970 293 2025 tum
319 1961 470 2022 eiusdem
498 1956 637 2022 Ordinis
664 1977 791 2022 caussa.
810 1959 900 2023 Huic
916 1962 1042 2045 quippe
1067 1963 1190 2030 Ordini
1216 1962 1353 2065 QZ„

76 2070 147 2130 iam
174 2066 231 2130 diu
258 2066 332 2128 Nos
357 2064 516 2145 opinione
540 2071 575 2126 et
599 2061 835 2126 benevolentia
870 2067 1025 2148 propensi
1051 2069 1191 2132 omnino
1212 2068 1339 2186 {aiij

76 2170 224 2248 fuimus3
240 2190 279 2233 ac
295 2189 396 2251 saepe
411 2167 683 2231 commeminisse
699 2166 784 2230 iuvit
799 2168 967 2250 originum
985 2169 1055 2234 eius
1071 2170 1191 2235 nobili·
1216 2187 1351 2231 praeeram

77 2283 196 2351 tatem,
212 2293 264 2337 res
280 2271 410 2336 fortiter
434 2271 670 2354 praeclareque
692 2282 816 2353 gestas,
833 2271 996 2337 utilitates
1012 2274 1058 2338 rei
1074 2276 1190 2339 catho-
1215 2245 1345 2350 limo*

77 2377 162 2440 licae
195 2387 228 2441 et
255 2377 343 2440 civili
371 2386 484 2460 partas
520 2375 731 2457 multiplices.
760 2373 973 2459 Nostraeque
1006 2378 1191 2442 voluntatis

78 2499 197 2563 reapse
224 2481 418 2563 probandae
454 2502 521 2545 non
557 2501 623 2544 una
651 2501 687 2542 se
712 2479 807 2543 dedit
834 2480 1045 2562 cupientibus
1083 2480 1191 2545 Nobis

77 2586 235 2664 occasio;
267 2606 372 2670 quum
404 2585 599 2668 praesertim
625 2586 793 2667 quaedam
819 2584 957 2651 Ordinis
983 2596 1191 2664 ornamenta,

79 2690 228 2753 adversis
244 2699 435 2772 temporum
452 2690 584 2753 casibus
607 2688 806 2765 intermissa,
822 2689 914 2752 licuit
931 2711 975 2751 ex
991 2691 1191 2754 auctoritate

80 2791 281 2874 Apostolica
298 2795 481 2858 restituere.
490 2793 547 2857 Ad
564 2803 599 2856 te
615 2792 870 2869 autem,dilecte
887 2792 941 2870 fili,
952 2795 1040 2876 quod
1058 2793 1191 2876 proprie

1216 2840 1231 2882 Ιι
1256 2838 1276 2882 'rr

79 2898 212 2977 attinet,
237 2899 369 2962 virtutis
396 2910 474 2963 tuae
502 2899 618 2961 laudes
651 2898 757 2980 probe
783 2898 948 2961 habemus
975 2909 1191 2981 perspectas;
1216 2852 1368 2957 illidii„

79 3009 177 3064 tuum
205 3005 359 3067 novimus
387 3004 419 3066 in
455 3003 546 3066 beati
575 3003 664 3065 Petri
692 3000 898 3066 cathedram
926 3011 1028 3083 atque
1056 3002 1089 3064 in
1118 3002 1191 3065 Nos
1215 2962 1295 3010 ‘'m‘'

79 3105 230 3170 animum
259 3108 500 3190 studiumque;
527 3107 683 3169 novimus
717 3114 776 3169 tua
815 3105 847 3166 in
887 3106 995 3186 ipsum
1026 3104 1189 3172 Ordinem

78 3211 261 3290 promerita
276 3212 420 3293 egregia.
435 3210 514 3280 Tibi
531 3211 620 3272 enim
637 3209 778 3272 debetur
802 3227 868 3270 non
893 3209 1030 3270 minime
1046 3208 1073 3271 si
1090 3207 1190 3270 latius

78 3310 135 3373 ille
151 3314 313 3393 probatus
330 3335 389 3395 per
406 3314 579 3396 Europam
605 3322 666 3390 est,
692 3313 720 3375 si
749 3333 890 3376 numero
918 3313 1190 3395 praestantiaque

78 3412 291 3479 alumnorum
307 3415 403 3480 floret
419 3428 452 3480 et
468 3416 576 3499 gratia
604 3415 806 3497 Principum,
821 3415 849 3478 si
872 3435 974 3496 opera
989 3434 1096 3497 acque
1111 3435 1190 3478 con-

77 3519 234 3599 gruentia
250 3521 405 3585 instituto
429 3542 491 3584 suo
514 3541 553 3584 ac
580 3521 787 3602 temporibus
804 3528 884 3601 apta
899 3519 1051 3602 quotidie
1067 3521 1190 3584 insistit

80 3629 113 3683 et
129 3623 292 3703 provehit.
308 3623 362 3688 Tu
387 3624 499 3707 igitur,
514 3645 590 3688 cum
618 3624 704 3688 votis
729 3624 829 3688 etiam
859 3623 1002 3700 Nostris,
1018 3627 1128 3706 gaude
1151 3645 1190 3687 ac
1216 3671 1320 3728 ,flu-sque

79 3723 188 3789 fruere
204 3727 304 3808 plena
313 3728 449 3792 honoris
461 3729 675 3810 laetitiaeque
687 3729 1008 3791 commemoratione
1023 3749 1030 3806 ;
1047 3748 1189 3810 eamque
1207 3729 1367 3834 faustissrl'ma

80 3835 184 3912 Deus,
200 3835 257 3916 qui
274 3837 416 3899 merenti
432 3837 694 3919 benignissimus
719 3835 853 3911 obtulit,
869 3835 1014 3916 ¹faustam
1042 3843 1075 3898 et
1103 3836 1189 3897 salu·
1216 3795 1317 3848 appreca
1330 3803 1357 3834 ω

80 3949 188 4002 tarem
205 3958 272 4003 non
289 3940 351 4003 tibi
379 3942 482 4004 modo
506 3941 564 4003 sed
594 3940 714 4005 Ordini
742 3939 897 4002 universo
921 3938 1034 4001 iubeat
1050 3938 1192 4002 evenire.

82 4043 187 4124 Perge
213 4063 302 4120 vero,
328 4042 449 4106 dilecte
475 4042 531 4120 fili,
558 4043 720 4108 Ordinem
748 4052 862 4105 tenere
898 4042 1050 4106 deditum
1075 4041 1190 4105 devin-

81 4158 240 4230 ctumque
255 4147 476 4229 Apostolicae
502 4148 579 4212 huic
609 4146 688 4212 Sedi
705 4169 712 4225 ;
729 4167 830 4230 quam
859 4146 994 4229 quidem
1019 4147 1091 4228 ipse
1106 4148 1191 4211 sicut

81 4251 250 4315 constanti
267 4251 333 4314 fide
348 4261 451 4334 atque
467 4253 628 4335 obsequio
655 4251 769 4329 coluit,
785 4252 831 4315 ita
853 4253 886 4314 in
914 4271 949 4314 se
966 4249 1136 4314 beneficiis
1152 4273 1190 4316 ac

82 4355 269 4434 patrocinio
285 4355 459 4438 providam
477 4355 569 4419 nullo
586 4376 652 4418 non
666 4366 819 4436 tempore
835 4363 886 4418 est
902 4363 1069 4437 expertus.
1084 4353 1189 4420 Voto-
1215 4385 1339 4435 „ma-05„
