3117 4859
346 382 417 453 33²
700 380 821 429 INDEX
849 379 1101 432 ANALYTICUS.

380 536 432 587 22.
455 534 664 586 EPISTOLA
678 536 721 586 sd
733 534 828 587 card.
844 536 1009 594 Goossens,
1025 536 1123 585 Arcb.
1139 536 1364 599 Mechlinien..

344 628 376 675 et
392 625 494 687 Belgii
511 620 694 686 Episcopus.
709 624 750 674 de
759 622 869 673 Causa
880 624 993 673 sociali
1006 624 1042 672 in
1056 625 1218 687 Belgio-
1230 626 1270 675 10
1282 627 1366 677 iulii

345 712 434 764 1885.
1300 726 1365 779 pag.
1424 726 1457 776 77

381 831 426 885 Du
448 846 536 885 causa
560 828 669 895 sociali,
693 830 816 899 quaein
837 829 938 897 Belgio
949 829 1074 899 agitatur
1089 828 1246 898 ardentius,
1261 831 1455 901 jampridem

344 916 475 973 Pontifex
487 915 577 973 edidit
590 916 772 983 documenta,
785 931 860 986 quae
878 917 1030 986 quominus
1047 916 1180 972 afferrent
1197 918 1277 988 apud
1284 920 1391 988 Belgas
1409 932 1455 973 sat

343 1006 446 1061 uberes
453 1005 569 1071 fructus,
583 1003 744 1059 animorum
762 1004 913 1074 impedivit
924 1003 1071 1059 discordia
1088 1004 1214 1061 dolenda
1225 1007 1346 1061 multum
1364 1019 1452 1077 atque

343 1093 484 1161 stupenda
498 1092 590 1157 77-78.
604 1121 639 1131 -
654 1092 686 1146 ln
707 1102 789 1147 tanto
802 1091 927 1163 periculo
937 1092 1122 1147 reconciliare
1132 1092 1245 1148 animos
1255 1094 1391 1150 studeant
1402 1113 1454 1165 pro

342 1196 459 1235 munere
484 1196 537 1235 suo
564 1178 702 1249 Episcopi
725 1178 754 1233 in
775 1195 864 1234 unum
886 1178 1032 1247 congressi
1054 1180 1097 1245 78.
1118 1210 1154 1221 -
1175 1181 1300 1251 Exponit
1324 1182 1454 1237 Pontifex

341 1268 441 1339 quanti
455 1284 542 1323 causa
552 1268 667 1323 socialis
682 1266 820 1323 momenti
836 1267 881 1333 sit,
893 1277 922 1321 et
932 1267 1077 1337 quomodo
1086 1268 1142 1323 bac
1161 1267 1190 1322 10
1203 1286 1234 1323 re
1247 1286 1280 1323 se
1290 1284 1391 1339 gerere
1402 1271 1451 1324 de

342 1357 428 1412 beant
442 1354 579 1428 Episcopi
599 1365 685 1425 atque
700 1356 826 1423 fideles,
838 1365 868 1409 ut
881 1354 1026 1409 communi
1044 1357 1208 1411 consulatur
1226 1358 1304 1412 bono
1314 1358 1407 1424 78-79.
1418 1388 1453 1397 -

342 1443 553 1515 Episcoporum
578 1442 748 1513 obsequium
761 1442 910 1497 catholicis
922 1443 1167 1515 inculcat,bosque
1179 1446 1239 1498 vult
1256 1446 1404 1499 abstinere
1413 1448 1451 1499 ab

341 1532 419 1587 omni
434 1532 507 1587 inter
520 1548 551 1587 se
564 1530 600 1585 de
614 1530 698 1585 rebus
718 1530 880 1599 hujusmodi
898 1532 1094 1586 controversia
1104 1532 1193 1599 79·8o.
1211 1532 1337 1587 —Cleri
1356 1544 1451 1603 partes

342 1620 387 1674 liis
401 1620 428 1673 in
448 1620 535 1675 rebus
548 1618 646 1675 definit
660 1618 703 1675 80.
717 1649 752 1658 -
766 1619 892 1673 Confidit
905 1618 966 1673 suis
975 1620 1064 1689 jussis
1077 1621 1182 1690 Belgas
1193 1623 1449 1692 obtemperaturos,

342 1718 428 1778 atque
441 1707 600 1777 conjunctis
613 1706 721 1761 viribus
731 1706 889 1761 obstituros
901 1707 1070 1761 Sonnlismo
1081 1708 1124 1763 80.
1142 1738 1174 1747 -
1192 1708 1342 1764 Benedicit
1354 1712 1396 1763 81.

376 1850 429 1901 2³.
452 1850 674 1899 LITTERAE
690 1848 981 1899 Aposroucni:
1006 1850 1131 1909 qulbus
1154 1854 1363 1915 congregatio

342 1938 545 1989 sodaliuma
574 1932 816 1988 “sanctissimo
836 1938 1077 1989 Sacramento''
1098 1939 1133 1987 tn
1163 1942 1362 2001 perpetuum

342 2027 569 2076 confirmatur.
595 2050 630 2059 -
653 2026 689 2076 12
711 2027 797 2089 Aug.
812 2026 893 2078 1885
1295 2037 1361 2091 pag.
1414 2022 1447 2073 82

378 2136 411 2189 In
425 2135 624 2205 praesentibus
632 2152 726 2189 rerum
734 2136 884 2205 angustiis,
897 2134 1031 2189 assiduae
1044 2134 1248 2190 catholicorum
1259 2152 1358 2201 preces
1366 2135 1446 2205 etpis

341 2240 430 2294 opera
451 2224 615 2278 levamento
636 2234 702 2278 sunt
725 2224 857 2279 Pontifici
883 2224 925 2278 82.
943 2252 978 2261 —
999 2222 1087 2277 Initia
1105 2222 1190 2277 refert
1212 2222 1446 2292 Congregationis

341 2312 386 2367 Ss.
401 2312 588 2379 sacramenti,
601 2311 663 2381 ejus
676 2310 762 2367 finem
775 2312 902 2382 exponit,
915 2310 1065 2381 ipsamque
1078 2310 1107 2364 in
1120 2318 1287 2381 perpetuum
1300 2311 1445 2366 confirmat

339 2400 479 2469 82·83·8t·

376 2526 429 2575 24.
451 2525 662 2575 EPISTOLA
676 2525 718 2574 ad
731 2526 758 2575 1.
777 2526 813 2574 Β.
832 2526 1028 2588 paganum,
1044 2525 1233 2575 praesidem
1247 2525 1360 2575 Corni-

338 2618 431 2665 talus
454 2614 616 2664 coetuum
638 2613 888 2671 catholicorum.
905 2612 945 2663 de
965 2612 1120 2665 coetibus
1140 2613 1313 2662 catholicis
1326 2614 1360 2661 in

338 2700 647 2763 italia-ziam.
662 2700 752 2752 1895.
1295 2713 1358 2766 pag.
1410 2695 1440 2763 85

375 2812 408 2863 ln
422 2822 562 2866 conventu
576 2809 746 2865 Taurinensi
756 2810 835 2866 brevi
849 2810 1022 2865 celebrando
1035 2820 1134 2864 curent
1143 2808 1277 2864 catholici
1289 2808 1440 2863 Comitatus

337 2896 526 2953 dioecesanos
534 2915 654 2953 numero
666 2899 824 2966 augendos,
834 2898 1038 2968 universasque
1050 2896 1207 2952 catholicas
1219 2897 1439 2953 consociationes

337 2985 416 3056 operi
429 3002 636 3057 congressuum
647 2986 853 3042 catholicorum
862 2986 1062 3056 aggregandas
1076 2985 1168 3054 85-86.

371 3128 423 3180 25.
444 3128 653 3180 EPISTOLA
672 3129 716 3179 ad
729 3128 826 3180 Card.
852 3124 1079 3192 Langdnieux‚
1095 3128 1249 3190 Archiou.
1266 3129 1355 3179 Rho-

338 3227 494 3275 mensem,
506 3216 547 3265 de
559 3218 780 3267 controversia
792 3228 891 3278 super
903 3216 1044 3265 iamiiiis
1056 3216 1215 3277 religiosis
1225 3216 1358 3265 Galliae

337 3303 433 3354 -26
458 3304 543 3366 Aug.
578 3303 667 3354 1895.
1288 3318 1352 3369 pag.
1404 3299 1434 3362 87

373 3412 495 3467 Gratum
507 3422 629 3467 testatus
643 3412 770 3493 animum
783 3414 821 3468 ob
835 3412 980 3467 Praesulis
993 3422 1069 3480 vota,
1082 3425 1223 3468 memorat
1236 3414 1365 3469 Pontifex
1373 3412 1435 3467 desi·

336 3497 475 3553 nitionem
496 3500 709 3556 controversiae
722 3501 758 3555 de
776 3500 893 3555 familiis
906 3500 1048 3569 religiosis
1065 3518 1083 3555 a
1095 3518 1127 3555 se
1147 3500 1301 3571 Episcopis
1319 3502 1435 3571 ipsisque

339 3586 492 3654 Religiosis
504 3588 591 3644 fuisse
604 3590 775 3659 permissam
789 3590 835 3656 87.

373 3720 425 3772 26.
447 3724 657 3775 EPISTOLA
670 3723 918 3776 Eiicircincn
932 3725 972 3774 de
992 3724 1132 3774 Rosarlo
1155 3725 1299 3775 Marlall.
1323 3750 1359 3759 —

337 3807 465 3873 osopi.
488 3810 577 3863 1895.
1291 3825 1356 3879 pag.
1404 3806 1434 3859 88

373 3918 487 3974 Gaudet
502 3919 632 3973 Pontifex
643 3918 699 3975 Dei
712 3918 815 3975 Matris
825 3921 931 3975 cultum
946 3918 974 3973 in
989 3919 1053 3974 dies
1065 3920 1173 3989 augeri,
1194 3920 1309 3975 Rosarii
1320 3936 1434 3991 praeser-

335 4006 388 4060 tim
401 4006 595 4063 invalescente
614 4024 666 4061 usu
680 4008 767 4062 88.-
789 4006 1001 4063 Dissidentium
1021 4008 1282 4063 reconciliationem
1303 4009 1435 4064 Fidelesa

338 4094 402 4148 Deo
415 4111 467 4164 per
486 4096 610 4150 Mariam
631 4094 791 4164 efflagitent
809 4096 930 4151 Octobri
952 4095 1081 4165 proximo
1101 4096 1191 4165 88-89.
1213 4126 1250 4135 —
1268 4098 1337 4167 Jure
1360 4096 1435 4151 confi·

337 4180 432 4235 dimus
446 4183 565 4249 Mariae,
584 4182 690 4253 quippe
712 4199 798 4253 quam
811 4183 896 4237 nobis
910 4183 938 4238 in
953 4184 1079 4238 Matrem
1098 4185 1232 4239 Christus
1252 4184 1332 4240 dedit
1347 4204 1354 4241 :
1367 4182 1435 4256 quod

338 4266 454 4334 quidem
477 4286 578 4323 munus
592 4271 655 4341 ipsa
668 4270 696 4325 10
711 4272 876 4326 Coenaculo
899 4271 1057 4341 auspicata,
1076 4271 1197 4343 implere
1215 4290 1273 4327 non
1291 4274 1394 4329 desinit
1410 4271 1435 4325 in

339 4353 420 4407 coelo
436 4356 533 4412 :unde
554 4357 678 4413 maxima
694 4358 723 4413 in
736 4358 901 4415 christianis
914 4360 1019 4415 animis
1040 4360 1130 4415 oritur
1153 4360 1259 4417 fiducia
1277 4362 1436 4419 benevolen-
