3117 4859
212 356 262 405 DE
289 356 486 410 DOCTRINA
513 359 543 411 S.
572 358 734 409 THOMAE
763 357 804 406 ΙΝ
833 357 910 409 SOC·
942 358 1039 409 IESU.
1113 357 1176 424 141

74 515 128 569 aut
152 505 275 569 nullius
292 509 476 572 momenti:
501 509 655 585 alterum,
670 518 707 571 ut
733 509 797 572 sibi
823 509 1039 572 interdictum
1064 507 1180 571 existi·
1247 576 1318 619 MC·

74 618 164 671 ment
179 610 334 672 recedere
349 631 369 673 a
394 610 429 675 S.
444 609 578 674 Thoma
601 612 637 673 in
655 611 849 692 praecipuis,
865 622 897 673 rt
915 629 997 693 quae
1011 621 1180 693 tamquam
1246 630 1319 693 1892.

67 713 326 791 fundamentum
341 728 422 780 sunt
435 717 579 782 aliarum
589 718 766 800 plurium(
785 717 958 800 ).—lllud
972 728 1179 799 postremum
1203 748 1233 807 3⁰
1250 745 1328 795 Mfm·

74 818 187 899 inquo
204 821 249 883 ab
264 841 305 884 eo
321 822 395 904 ipso
411 822 574 905 magistro
589 843 656 886 non
674 834 801 887 temere
818 824 861 886 sit
878 823 1064 899 dissentire,
1076 843 1177 905 quum
1205 814 1336 925 9]θῖἥὲ

75 920 227 985 videlieet
242 923 356 1006 aliqua
372 926 547 989 doctrinae
565 925 683 1001 forma,
701 926 890 990 sententiae
912 926 982 989 eius
1006 928 1181 1003 contraria,
1206 942 1287 990 untia
1305 944 1329 992 si
1356 1012 1362 1023 ι

75 1022 108 1084 in
121 1025 286 1090 catholicis
300 1027 479 1091 academiis
493 1028 562 1092 iere
577 1033 621 1092 sit
637 1040 760 1112 recepta
775 1030 828 1113 (2),
846 1049 955 1113 neque
972 1038 1023 1093 est
1034 1049 1181 1093 comme·
1206 1006 1358 1134 ‘cimas'

77 1131 271 1193 morandum
287 1132 446 1212 quidem:
463 1152 608 1215 namque
624 1134 821 1197 academiae
837 1132 922 1196 tales
939 1142 1051 1197 aetate
1068 1140 1181 1195 nostra
1199 1136 1332 1200 fueritin

77 1245 288 1297 numerantur
305 1255 443 1315 paucae,
465 1255 527 1298 nec
553 1236 621 1299 nlla
638 1256 742 1317 prope
759 1238 792 1298 in
809 1237 866 1314 eis,
883 1238 910 1299 si
927 1237 1004 1299 huic
1033 1236 1179 1317 Aposto·
1206 1204 1341 1321 {mg}

77 1330 153 1397 licae
180 1334 262 1400 Sedi
290 1339 429 1402 audiant
458 1339 561 1416 dictu,
589 1339 742 1402 obtinere
770 1349 884 1420 potest
912 1340 1065 1403 doctrina
1095 1359 1181 1420 quae
1199 1334 1331 1462 ffirm-

77 1438 265 1503 adversetur
292 1442 469 1525 Angelico,
496 1444 590 1506 cuius
618 1445 723 1506 immo
750 1444 900 1526 vestigiis
928 1464 963 1506 se
990 1464 1116 1521 omnes,
1143 1452 1180 1507 ut
1199 1438 1319 1529 jamvero

76 1542 204 1623 debent,
220 1546 373 1609 insistere
388 1547 596 1629 profitentur.
622 1547 737 1611 Satius
760 1547 859 1612 fuerit
884 1568 1018 1611 auream
1048 1559 1180 1611 senten·
1207 1533 1356 1649 fflss'ff'

76 1646 151 1709 tiam
175 1650 424 1734 excitataque
448 1672 487 1714 ea
511 1653 586 1734 ipsa
613 1653 703 1714 iussa
729 1652 772 1715 ad
798 1652 930 1715 exitum
957 1653 1181 1717 roborantur:
1206 1664 1360 1715 nammis

79 1748 231 1831 Cetemm,
246 1776 286 1818 ue
306 1756 394 1832 sarta
408 1777 450 1819 ex
463 1757 514 1832 iis,
529 1775 613 1838 quae
626 1755 714 1818 dicta
728 1766 815 1833 suut,
830 1766 942 1819 sumat
955 1757 1078 1838 alianis
1098 1778 1180 1821 acca·
1206 1736 1340 1857 3523,ssss

77 1852 188 1919 sconem
200 1857 237 1921 S.
254 1858 395 1924 Thamar
404 1859 587 1923 doctrinam
595 1860 701 1940 facila
711 1860 889 1936 deserendi,
894 1860 1180 1941 praescribendum
1202 1861 1346 1988 malfrit»,

78 1958 207 2037 amiur,
223 1971 263 2023 ut
278 1963 388 2024 nullus
408 1964 456 2025 ad
475 1964 651 2027 docendum
679 1963 872 2046 theologiam
896 1974 1097 2041 assumatur,
1124 1966 1184 2046 qui
1205 2006 1236 2039 ne
1253 1962 1311 2053 quis
1327 2010 1358 2042 ex

79 2081 134 2123 auu
147 2064 192 2125 sit
207 2086 283 2127 vere
299 2066 335 2129 S.
357 2067 389 2129 Τ
385 2068 499 2131 hamar
519 2068 687 2131 doctrinar
700 2069 892 2144 studiosus,·
915 2068 975 2151 qui
988 2088 1063 2131 vera
1084 2068 1126 2131 ab
1147 2090 1181 2131 aa
1204 2058 1359 2173 &5:22⁸

77 2178 148 2228 suut
160 2171 274 2247 aliem,
285 2174 416 2235 omniuo
432 2184 667 2237 removeantur.
685 2174 779 2237 Nam
794 2175 855 2257 qui
867 2196 906 2238 cx
920 2175 1031 2237 am'ma
1044 2172 1081 2237 S.
1099 2174 1130 2236 T
1126 2174 1179 2236 la·
1205 2194 1291 2235 sumar
1302 2191 1328 2239 S.

78 2274 287 2351 marsererr'nt
311 2277 444 2354 adducti,
469 2288 591 2340 certum
615 2279 688 2355 erit,
713 2299 764 2341 ras
787 2277 830 2342 ab
853 2300 887 2341 aa
913 2300 976 2341 nan
997 2299 1181 2356 recessuros,
1205 2253 1359 2384 adm,

79 2372 140 2435 nisi
147 2388 294 2457 grauate
306 2380 483 2444 admodum
499 2391 531 2443 et
545 2382 718 2445 rarissime
733 2383 785 2464 (3),
809 2382 960 2464 Utraque
979 2382 1061 2445 haec
1078 2382 1181 2464 probe
1205 2385 1340 2437 deserendi.

78 2484 299 2558 expendenda
314 2486 475 2551 conditio
503 2486 541 2550 Si
565 2487 654 2549 enim
680 2508 746 2549 non
765 2488 798 2550 id
828 2488 925 2550 liceat
954 2487 1015 2549 nisi
1038 2497 1182 2568 gravate

77 2580 256 2664 adnrodum,
274 2608 374 2651 nemo
390 2610 471 2652 sane
488 2588 597 2653 iacere
614 2593 700 2654 ausit
718 2590 885 2673 probabili
902 2601 1034 2653 tantum
1052 2612 1180 2670 caussa,

79 2688 129 2747 sed
151 2692 351 2769 gravissima
374 2693 549 2769 adductus,
566 2695 722 2775 ipsasque
747 2695 835 2755 inter
859 2694 1034 2774 opiniones
1060 2697 1179 2774 proba-

78 2786 153 2852 biles
169 2793 325 2857 maluerit
342 2816 414 2858 esse
430 2816 506 2858 cum
525 2796 557 2861 S.
577 2796 722 2873 Thoma,
737 2806 774 2859 ut
796 2816 870 2857 eam
888 2807 1086 2877 assequatur
1101 2799 1179 2860 doc·

78 2893 190 2958 trinam
207 2908 241 2959 et
258 2900 458 2978 uniformem
475 2909 508 2963 et
523 2922 671 2963 securam
687 2919 775 2981 quae
790 2900 881 2962 dicta
898 2909 957 2962 est.
982 2898 1083 2980 Quod
1102 2922 1179 2965 vero

79 3014 137 3059 non
153 3000 185 3061 id
203 3001 304 3065 liceat
330 3003 393 3065 nisi
422 3004 603 3081 rarissima,
619 3007 682 3067 hoc
707 3006 735 3066 si
753 3015 841 3066 recte
858 3024 902 3067 ex
926 3024 987 3066 sua
1012 3007 1178 3069 sententia

77 3100 262 3181 accipiatur,
278 3107 325 3168 ita
342 3108 498 3170 nimirum
516 3118 552 3169 nt
581 3128 647 3170 non
666 3109 707 3170 ad
735 3127 854 3169 omnes
871 3108 1025 3169 universe
1041 3120 1179 3190 spectet,

77 3201 129 3264 sed
145 3208 185 3269 ad
204 3210 382 3290 opiniones
405 3212 492 3291 inter
515 3213 672 3274 doctores
688 3210 872 3273 catholicos
896 3212 1041 3293 agitatas
1069 3212 1178 3273 restri-

77 3304 196 3387 ctisque
212 3311 260 3372 eis
278 3312 389 3374 modis
404 3332 490 3395 quos
507 3312 610 3395 paulo
626 3334 729 3394 supra
745 3314 948 3389 notavimus,
965 3333 1030 3377 non
1048 3315 1178 3376 accidet

78 3426 197 3477 sanent
214 3416 382 3498 quispiam
395 3438 415 3479 a
431 3418 585 3480 doctrina
604 3417 638 3482 S.
656 3417 809 3481 Thomae
822 3418 967 3494 recedat,
981 3419 1041 3479 nisi
1061 3418 1095 3480 iu
1111 3438 1178 3481 rma

79 3512 125 3573 vel
134 3516 239 3580 altera
253 3521 459 3597 conclusione,
469 3542 531 3584 nan
543 3522 685 3584 alicuius
700 3520 864 3596 momenti,
874 3540 1086 3604 nequaquam
1100 3542 1179 3584 vero

80 3612 109 3674 in
115 3622 301 3704 praea’puis
314 3633 347 3686 et
360 3645 443 3705 quae
456 3635 626 3707 tamquam
635 3624 899 3703 frmdamrutum
910 3634 991 3686 surrt
1001 3624 1179 3687 multorum

76 3717 221 3794 plurium.

116 3824 224 3906 Quam
261 3832 480 3913 exposuimus
511 3834 699 3895 studiorum
733 3833 897 3894 rationem
929 3832 971 3895 de
1003 3832 1178 3896 doctrinae
1203 3840 1355 3953 3235:sser

79 3923 199 3995 delectu
233 3935 401 4013 habendo,
423 3956 464 3999 ea
491 3937 592 4018 plane
617 3946 668 3999 est
695 3956 797 4018 quarn
828 3937 979 4002 Societas
1009 3937 1107 4015 IESU,
1133 3939 1175 4000 ad
1202 3972 1321 4018 5„,·,„,„

78 4014 273 4119 praescripta
289 4038 415 4120 legiferi
429 4039 549 4115 Patris,
563 4040 712 4103 alumnis
728 4041 796 4102 suis
809 4040 965 4103 omnibus
979 4039 1178 4121 praefinivit,
1194 4036 1260 4101 jesu
1272 4039 1353 4084 alum-

106 4244 124 4276 1.
142 4236 177 4280 Ex
187 4238 224 4283 cit
238 4238 281 4283 lin
297 4239 321 4283 P.
334 4239 361 4286 C.
375 4240 508 4296 Aquaviva.
523 4240 588 4284 1611.

105 4314 125 4346 a
143 4305 238 4364 Congu,
251 4316 275 4356 v.
289 4308 353 4352 decr.
366 4321 403 4364 41.

107 4384 126 4427 e
143 4374 185 4426 li..
197 4385 221 4429 v,
230 4376 295 4421 decr.
310 4376 344 4435 5⁶·
