<?xml version="1.0" encoding="UTF-8"?>
<!DOCTYPE html PUBLIC "-//W3C//DTD XHTML 1.0 Transitional//EN"
    "http://www.w3.org/TR/xhtml1/DTD/xhtml1-transitional.dtd">
<html xmlns="http://www.w3.org/1999/xhtml" xml:lang="en" lang="en">
 <head>
  <title>
</title>
<meta http-equiv="Content-Type" content="text/html;charset=utf-8" />
  <meta name='ocr-system' content='tesseract 3.04.00' />
  <meta name='ocr-capabilities' content='ocr_page ocr_carea ocr_par ocr_line ocrx_word'/>
</head>
<body>
  <div class='ocr_page' id='page_1' title='image "./sanctissimidomi04xiiigoog_0297.png"; bbox 0 0 3117 4859; ppageno 0'>
   <div class='ocr_carea' id='block_1_1' title="bbox 360 342 1268 431">
    <p class='ocr_par' dir='ltr' id='par_1_1' title="bbox 360 342 1268 431">
     <span class='ocr_line' id='line_1_1' title="bbox 360 342 1268 431; baseline -0.004 -16"><span class='ocrx_word' id='word_1_1' title='bbox 360 366 413 415; x_wconf 76' lang='lat' dir='ltr'>nn</span> <span class='ocrx_word' id='word_1_2' title='bbox 442 365 547 415; x_wconf 80' lang='lat' dir='ltr'>rrum</span> <span class='ocrx_word' id='word_1_3' title='bbox 576 360 781 414; x_wconf 73' lang='lat' dir='ltr'>unrrurnu</span> <span class='ocrx_word' id='word_1_4' title='bbox 809 360 1067 414; x_wconf 76' lang='lat' dir='ltr'>corronrnrro.</span> <span class='ocrx_word' id='word_1_5' title='bbox 1199 342 1268 431; x_wconf 88' lang='lat'>285</span> 
     </span>
    </p>
   </div>
   <div class='ocr_carea' id='block_1_2' title="bbox 153 508 1453 3609">
    <p class='ocr_par' dir='ltr' id='par_1_2' title="bbox 157 508 1417 800">
     <span class='ocr_line' id='line_1_2' title="bbox 159 508 1388 593; baseline -0.004 -17"><span class='ocrx_word' id='word_1_6' title='bbox 159 512 325 593; x_wconf 89' lang='lat' dir='ltr'>marisque</span> <span class='ocrx_word' id='word_1_7' title='bbox 357 520 484 574; x_wconf 88' lang='lat' dir='ltr'>tractus</span> <span class='ocrx_word' id='word_1_8' title='bbox 514 510 688 573; x_wconf 87' lang='lat' dir='ltr'>celeritate</span> <span class='ocrx_word' id='word_1_9' title='bbox 714 508 903 573; x_wconf 87' lang='lat' dir='ltr'>incredibili</span> <span class='ocrx_word' id='word_1_10' title='bbox 932 530 1047 573; x_wconf 88' lang='lat' dir='ltr'>currus</span> <span class='ocrx_word' id='word_1_11' title='bbox 1074 518 1108 573; x_wconf 91' lang='lat' dir='ltr'>et</span> <span class='ocrx_word' id='word_1_12' title='bbox 1134 510 1269 593; x_wconf 87' lang='lat' dir='ltr'>navigia</span> <span class='ocrx_word' id='word_1_13' title='bbox 1358 539 1388 571; x_wconf 55' lang='grc' dir='ltr'>ρο</span> 
     </span>
     <span class='ocr_line' id='line_1_3' title="bbox 157 584 1417 700; baseline -0.004 -19"><span class='ocrx_word' id='word_1_14' title='bbox 157 616 443 691; x_wconf 87' lang='lat' dir='ltr'>transvehuntur;</span> <span class='ocrx_word' id='word_1_15' title='bbox 469 634 556 697; x_wconf 89' lang='lat' dir='ltr'>quae</span> <span class='ocrx_word' id='word_1_16' title='bbox 580 634 661 677; x_wconf 90' lang='lat' dir='ltr'>sane</span> <span class='ocrx_word' id='word_1_17' title='bbox 687 614 842 696; x_wconf 87' lang='lat' dir='ltr'>egregios</span> <span class='ocrx_word' id='word_1_18' title='bbox 871 634 950 676; x_wconf 91' lang='lat' dir='ltr'>usus</span> <span class='ocrx_word' id='word_1_19' title='bbox 971 612 1125 691; x_wconf 82' lang='lat' dir='ltr'>afferunt,</span> <span class='ocrx_word' id='word_1_20' title='bbox 1142 634 1208 677; x_wconf 94' lang='lat' dir='ltr'>non</span> <span class='ocrx_word' id='word_1_21' title='bbox 1225 616 1267 678; x_wconf 91' lang='lat' dir='ltr'>ad</span> <span class='ocrx_word' id='word_1_22' title='bbox 1326 584 1417 700; x_wconf 43' lang='lat' dir='ltr'>&#39;six&#39;</span> 
     </span>
     <span class='ocr_line' id='line_1_4' title="bbox 158 718 1267 800; baseline -0.005 -15"><span class='ocrx_word' id='word_1_23' title='bbox 158 721 358 785; x_wconf 89' lang='lat' dir='ltr'>commercia</span> <span class='ocrx_word' id='word_1_24' title='bbox 374 720 613 782; x_wconf 88' lang='lat' dir='ltr'>tantummodo</span> <span class='ocrx_word' id='word_1_25' title='bbox 623 718 922 800; x_wconf 88' lang='lat' dir='ltr'>curiositatemque</span> <span class='ocrx_word' id='word_1_26' title='bbox 935 718 1196 800; x_wconf 84' lang='lat' dir='ltr'>ingeniosorum,</span> <span class='ocrx_word' id='word_1_27' title='bbox 1209 719 1267 781; x_wconf 91' lang='lat' dir='ltr'>sed</span> 
     </span>
    </p>

    <p class='ocr_par' dir='ltr' id='par_1_3' title="bbox 158 821 1268 993">
     <span class='ocr_line' id='line_1_5' title="bbox 158 821 1268 889; baseline -0.004 -2"><span class='ocrx_word' id='word_1_28' title='bbox 158 826 260 889; x_wconf 90' lang='lat' dir='ltr'>etiam</span> <span class='ocrx_word' id='word_1_29' title='bbox 283 825 328 887; x_wconf 87' lang='lat' dir='ltr'>ad</span> <span class='ocrx_word' id='word_1_30' title='bbox 356 823 495 887; x_wconf 89' lang='lat' dir='ltr'>verbum</span> <span class='ocrx_word' id='word_1_31' title='bbox 518 822 582 886; x_wconf 90' lang='lat' dir='ltr'>Dei</span> <span class='ocrx_word' id='word_1_32' title='bbox 599 823 642 886; x_wconf 90' lang='lat' dir='ltr'>ab</span> <span class='ocrx_word' id='word_1_33' title='bbox 657 831 733 885; x_wconf 92' lang='lat' dir='ltr'>ortu</span> <span class='ocrx_word' id='word_1_34' title='bbox 751 821 831 885; x_wconf 89' lang='lat' dir='ltr'>solis</span> <span class='ocrx_word' id='word_1_35' title='bbox 847 823 889 884; x_wconf 87' lang='lat' dir='ltr'>ad</span> <span class='ocrx_word' id='word_1_36' title='bbox 907 842 1063 885; x_wconf 90' lang='lat' dir='ltr'>occasum</span> <span class='ocrx_word' id='word_1_37' title='bbox 1082 822 1148 884; x_wconf 91' lang='lat' dir='ltr'>late</span> <span class='ocrx_word' id='word_1_38' title='bbox 1165 822 1268 885; x_wconf 87' lang='lat' dir='ltr'>disse·</span> 
     </span>
     <span class='ocr_line' id='line_1_6' title="bbox 160 931 458 993; baseline -0.007 0"><span class='ocrx_word' id='word_1_39' title='bbox 160 931 367 993; x_wconf 89' lang='lat' dir='ltr'>minandum.</span> <span class='ocrx_word' id='word_1_40' title='bbox 454 937 458 944; x_wconf 88' lang='grc'><strong>’</strong></span> 
     </span>
    </p>

    <p class='ocr_par' dir='ltr' id='par_1_4' title="bbox 158 1030 1447 2575">
     <span class='ocr_line' id='line_1_7' title="bbox 202 1030 1447 1114; baseline -0.002 -17"><span class='ocrx_word' id='word_1_41' title='bbox 202 1035 280 1097; x_wconf 89' lang='lat' dir='ltr'>Non</span> <span class='ocrx_word' id='word_1_42' title='bbox 309 1052 426 1095; x_wconf 86' lang='lat' dir='ltr'>sumus</span> <span class='ocrx_word' id='word_1_43' title='bbox 453 1032 565 1108; x_wconf 88' lang='lat' dir='ltr'>nescii,</span> <span class='ocrx_word' id='word_1_44' title='bbox 590 1051 692 1114; x_wconf 90' lang='lat' dir='ltr'>qnam</span> <span class='ocrx_word' id='word_1_45' title='bbox 722 1032 871 1095; x_wconf 90' lang='lat' dir='ltr'>diuturni</span> <span class='ocrx_word' id='word_1_46' title='bbox 900 1030 1124 1113; x_wconf 87' lang='lat' dir='ltr'>laboriosique</span> <span class='ocrx_word' id='word_1_47' title='bbox 1141 1030 1269 1113; x_wconf 87' lang='lat' dir='ltr'>negotii</span> <span class='ocrx_word' id='word_1_48' title='bbox 1374 1042 1447 1103; x_wconf 75' lang='lat' dir='ltr'>Spem</span> 
     </span>
     <span class='ocr_line' id='line_1_8' title="bbox 159 1106 1435 1219; baseline -0.002 -18"><span class='ocrx_word' id='word_1_49' title='bbox 159 1139 204 1203; x_wconf 90' lang='lat' dir='ltr'>sit</span> <span class='ocrx_word' id='word_1_50' title='bbox 230 1158 339 1202; x_wconf 90' lang='lat' dir='ltr'>rerum</span> <span class='ocrx_word' id='word_1_51' title='bbox 366 1137 460 1212; x_wconf 89' lang='lat' dir='ltr'>ordo,</span> <span class='ocrx_word' id='word_1_52' title='bbox 484 1156 584 1217; x_wconf 89' lang='lat' dir='ltr'>quem</span> <span class='ocrx_word' id='word_1_53' title='bbox 613 1136 808 1199; x_wconf 88' lang='lat' dir='ltr'>restitutum</span> <span class='ocrx_word' id='word_1_54' title='bbox 835 1144 1014 1218; x_wconf 90' lang='lat' dir='ltr'>optamus:</span> <span class='ocrx_word' id='word_1_55' title='bbox 1042 1156 1103 1199; x_wconf 91' lang='lat' dir='ltr'>nec</span> <span class='ocrx_word' id='word_1_56' title='bbox 1128 1136 1270 1199; x_wconf 86' lang='lat' dir='ltr'>sortasse</span> <span class='ocrx_word' id='word_1_57' title='bbox 1294 1106 1435 1219; x_wconf 35' lang='lat' dir='ltr'>{2222}ss</span> 
     </span>
     <span class='ocr_line' id='line_1_9' title="bbox 159 1235 1430 1323; baseline 0 -20"><span class='ocrx_word' id='word_1_58' title='bbox 159 1242 308 1318; x_wconf 88' lang='lat' dir='ltr'>deerunt,</span> <span class='ocrx_word' id='word_1_59' title='bbox 333 1242 390 1323; x_wconf 94' lang='lat' dir='ltr'>qui</span> <span class='ocrx_word' id='word_1_60' title='bbox 420 1240 492 1305; x_wconf 92' lang='lat' dir='ltr'>Nos</span> <span class='ocrx_word' id='word_1_61' title='bbox 519 1240 722 1303; x_wconf 82' lang='lat' dir='ltr'>arbitrentur</span> <span class='ocrx_word' id='word_1_62' title='bbox 738 1239 864 1303; x_wconf 80' lang='lat' dir='ltr'>nimiae</span> <span class='ocrx_word' id='word_1_63' title='bbox 881 1240 1054 1321; x_wconf 85' lang='lat' dir='ltr'>indulgere</span> <span class='ocrx_word' id='word_1_64' title='bbox 1071 1240 1152 1321; x_wconf 89' lang='lat' dir='ltr'>spei,</span> <span class='ocrx_word' id='word_1_65' title='bbox 1168 1235 1269 1322; x_wconf 88' lang='lat' dir='ltr'>atque</span> <span class='ocrx_word' id='word_1_66' title='bbox 1294 1237 1387 1295; x_wconf 67' lang='lat' dir='ltr'>exirm,</span> <span class='ocrx_word' id='word_1_67' title='bbox 1402 1238 1430 1285; x_wconf 76' lang='lat' dir='ltr'>in</span> 
     </span>
     <span class='ocr_line' id='line_1_10' title="bbox 159 1302 1429 1428; baseline -0.006 -18"><span class='ocrx_word' id='word_1_68' title='bbox 159 1348 308 1428; x_wconf 89' lang='lat' dir='ltr'>optanda</span> <span class='ocrx_word' id='word_1_69' title='bbox 337 1346 454 1426; x_wconf 81' lang='lat' dir='ltr'>magis,</span> <span class='ocrx_word' id='word_1_70' title='bbox 479 1364 579 1426; x_wconf 86' lang='lat' dir='ltr'>quam</span> <span class='ocrx_word' id='word_1_71' title='bbox 604 1345 820 1425; x_wconf 81' lang='lat' dir='ltr'>expectanda</span> <span class='ocrx_word' id='word_1_72' title='bbox 837 1364 1005 1427; x_wconf 86' lang='lat' dir='ltr'>quaerere.</span> <span class='ocrx_word' id='word_1_73' title='bbox 1022 1343 1088 1409; x_wconf 92' lang='lat' dir='ltr'>Sed</span> <span class='ocrx_word' id='word_1_74' title='bbox 1109 1344 1181 1407; x_wconf 91' lang='lat' dir='ltr'>Nos</span> <span class='ocrx_word' id='word_1_75' title='bbox 1198 1345 1269 1427; x_wconf 93' lang='lat' dir='ltr'>qui·</span> <span class='ocrx_word' id='word_1_76' title='bbox 1288 1302 1429 1416; x_wconf 43' lang='lat' dir='ltr'>iiim.</span> 
     </span>
     <span class='ocr_line' id='line_1_11' title="bbox 159 1432 1345 1531; baseline -0.002 -18"><span class='ocrx_word' id='word_1_77' title='bbox 159 1451 237 1513; x_wconf 89' lang='lat' dir='ltr'>dem</span> <span class='ocrx_word' id='word_1_78' title='bbox 254 1470 347 1531; x_wconf 88' lang='lat' dir='ltr'>spem</span> <span class='ocrx_word' id='word_1_79' title='bbox 364 1469 500 1513; x_wconf 87' lang='lat' dir='ltr'>omnem</span> <span class='ocrx_word' id='word_1_80' title='bbox 517 1468 556 1511; x_wconf 91' lang='lat' dir='ltr'>ac</span> <span class='ocrx_word' id='word_1_81' title='bbox 573 1448 673 1529; x_wconf 89' lang='lat' dir='ltr'>plane</span> <span class='ocrx_word' id='word_1_82' title='bbox 690 1447 849 1512; x_wconf 85' lang='lat' dir='ltr'>fiduciam</span> <span class='ocrx_word' id='word_1_83' title='bbox 865 1448 1071 1513; x_wconf 88' lang='lat' dir='ltr'>collocamus</span> <span class='ocrx_word' id='word_1_84' title='bbox 1084 1450 1116 1511; x_wconf 91' lang='lat' dir='ltr'>in</span> <span class='ocrx_word' id='word_1_85' title='bbox 1130 1448 1269 1512; x_wconf 89' lang='lat' dir='ltr'>humani</span> <span class='ocrx_word' id='word_1_86' title='bbox 1292 1432 1345 1495; x_wconf 78' lang='lat' dir='ltr'>sex,</span> 
     </span>
     <span class='ocr_line' id='line_1_12' title="bbox 158 1552 1270 1635; baseline 0.002 -20"><span class='ocrx_word' id='word_1_87' title='bbox 158 1553 289 1634; x_wconf 83' lang='lat' dir='ltr'>generis</span> <span class='ocrx_word' id='word_1_88' title='bbox 317 1552 496 1618; x_wconf 89' lang='lat' dir='ltr'>Servatore</span> <span class='ocrx_word' id='word_1_89' title='bbox 526 1554 614 1617; x_wconf 76' lang='lat' dir='ltr'>IESU</span> <span class='ocrx_word' id='word_1_90' title='bbox 642 1552 821 1630; x_wconf 79' lang='lat' dir='ltr'>CHR15T0‚</span> <span class='ocrx_word' id='word_1_91' title='bbox 849 1552 953 1633; x_wconf 89' lang='lat' dir='ltr'>probe</span> <span class='ocrx_word' id='word_1_92' title='bbox 981 1572 1156 1631; x_wconf 87' lang='lat' dir='ltr'>memores,</span> <span class='ocrx_word' id='word_1_93' title='bbox 1183 1573 1270 1635; x_wconf 89' lang='lat' dir='ltr'>quac</span> 
     </span>
     <span class='ocr_line' id='line_1_13' title="bbox 160 1655 1270 1740; baseline -0.002 -19"><span class='ocrx_word' id='word_1_94' title='bbox 160 1658 241 1721; x_wconf 91' lang='lat' dir='ltr'>olim</span> <span class='ocrx_word' id='word_1_95' title='bbox 264 1666 297 1721; x_wconf 90' lang='lat' dir='ltr'>et</span> <span class='ocrx_word' id='word_1_96' title='bbox 320 1668 448 1739; x_wconf 86' lang='lat' dir='ltr'>quanta</span> <span class='ocrx_word' id='word_1_97' title='bbox 463 1678 523 1740; x_wconf 92' lang='lat' dir='ltr'>per</span> <span class='ocrx_word' id='word_1_98' title='bbox 538 1657 718 1720; x_wconf 78' lang='lat' dir='ltr'>stultitiam</span> <span class='ocrx_word' id='word_1_99' title='bbox 736 1655 854 1721; x_wconf 90' lang='lat' dir='ltr'>Crucis</span> <span class='ocrx_word' id='word_1_100' title='bbox 870 1664 904 1719; x_wconf 87' lang='lat' dir='ltr'>et</span> <span class='ocrx_word' id='word_1_101' title='bbox 921 1656 1182 1737; x_wconf 88' lang='lat' dir='ltr'>praedicationis</span> <span class='ocrx_word' id='word_1_102' title='bbox 1199 1657 1270 1719; x_wconf 90' lang='lat' dir='ltr'>eius</span> 
     </span>
     <span class='ocr_line' id='line_1_14' title="bbox 159 1760 1269 1845; baseline -0.001 -19"><span class='ocrx_word' id='word_1_103' title='bbox 159 1772 292 1845; x_wconf 88' lang='lat' dir='ltr'>patrata</span> <span class='ocrx_word' id='word_1_104' title='bbox 308 1762 384 1837; x_wconf 91' lang='lat' dir='ltr'>sint,</span> <span class='ocrx_word' id='word_1_105' title='bbox 399 1762 498 1825; x_wconf 81' lang='lat' dir='ltr'>huius</span> <span class='ocrx_word' id='word_1_106' title='bbox 513 1760 636 1825; x_wconf 88' lang='lat' dir='ltr'>mundi</span> <span class='ocrx_word' id='word_1_107' title='bbox 661 1763 924 1843; x_wconf 87' lang='lat' dir='ltr'>obstupescente</span> <span class='ocrx_word' id='word_1_108' title='bbox 939 1769 972 1824; x_wconf 90' lang='lat' dir='ltr'>et</span> <span class='ocrx_word' id='word_1_109' title='bbox 989 1761 1126 1825; x_wconf 82' lang='lat' dir='ltr'>confusa</span> <span class='ocrx_word' id='word_1_110' title='bbox 1143 1764 1269 1845; x_wconf 82' lang='lat' dir='ltr'>sapien-</span> 
     </span>
     <span class='ocr_line' id='line_1_15' title="bbox 161 1866 1446 1949; baseline 0.002 -22"><span class='ocrx_word' id='word_1_111' title='bbox 161 1866 220 1929; x_wconf 86' lang='lat' dir='ltr'>tia.</span> <span class='ocrx_word' id='word_1_112' title='bbox 246 1902 289 1914; x_wconf 83' lang='lat'>-</span> <span class='ocrx_word' id='word_1_113' title='bbox 314 1866 487 1947; x_wconf 91' lang='lat' dir='ltr'>Principes</span> <span class='ocrx_word' id='word_1_114' title='bbox 518 1887 597 1929; x_wconf 90' lang='lat' dir='ltr'>vero</span> <span class='ocrx_word' id='word_1_115' title='bbox 628 1875 663 1929; x_wconf 90' lang='lat' dir='ltr'>et</span> <span class='ocrx_word' id='word_1_116' title='bbox 692 1876 840 1928; x_wconf 87' lang='lat' dir='ltr'>rectores</span> <span class='ocrx_word' id='word_1_117' title='bbox 865 1866 1041 1929; x_wconf 87' lang='lat' dir='ltr'>civitatum</span> <span class='ocrx_word' id='word_1_118' title='bbox 1068 1868 1268 1929; x_wconf 89' lang='lat' dir='ltr'>nominatim</span> <span class='ocrx_word' id='word_1_119' title='bbox 1347 1901 1446 1949; x_wconf 74' lang='lat' dir='ltr'>p,.,·,„,·‚</span> 
     </span>
     <span class='ocr_line' id='line_1_16' title="bbox 161 1969 1410 2079; baseline -0.004 -45"><span class='ocrx_word' id='word_1_120' title='bbox 161 1990 329 2053; x_wconf 86' lang='lat' dir='ltr'>rogamus,</span> <span class='ocrx_word' id='word_1_121' title='bbox 344 1972 448 2035; x_wconf 89' lang='lat' dir='ltr'>velint</span> <span class='ocrx_word' id='word_1_122' title='bbox 465 1992 526 2053; x_wconf 90' lang='lat' dir='ltr'>pro</span> <span class='ocrx_word' id='word_1_123' title='bbox 541 1972 630 2035; x_wconf 90' lang='lat' dir='ltr'>civili</span> <span class='ocrx_word' id='word_1_124' title='bbox 647 1970 828 2053; x_wconf 88' lang='lat' dir='ltr'>prudentia</span> <span class='ocrx_word' id='word_1_125' title='bbox 845 1990 906 2033; x_wconf 91' lang='lat' dir='ltr'>sua</span> <span class='ocrx_word' id='word_1_126' title='bbox 919 1980 952 2034; x_wconf 87' lang='lat' dir='ltr'>et</span> <span class='ocrx_word' id='word_1_127' title='bbox 966 1969 1056 2033; x_wconf 89' lang='lat' dir='ltr'>fideli</span> <span class='ocrx_word' id='word_1_128' title='bbox 1068 1970 1268 2054; x_wconf 90' lang='lat' dir='ltr'>populorum</span> <span class='ocrx_word' id='word_1_129' title='bbox 1294 1973 1410 2079; x_wconf 61' lang='lat' dir='ltr'>p‘⁸{²,‘⁶„</span> 
     </span>
     <span class='ocr_line' id='line_1_17' title="bbox 160 2048 1418 2159; baseline -0.004 -22"><span class='ocrx_word' id='word_1_130' title='bbox 160 2094 239 2137; x_wconf 90' lang='lat' dir='ltr'>cura</span> <span class='ocrx_word' id='word_1_131' title='bbox 268 2076 408 2139; x_wconf 88' lang='lat' dir='ltr'>consilia</span> <span class='ocrx_word' id='word_1_132' title='bbox 437 2076 562 2139; x_wconf 85' lang='lat' dir='ltr'>Nostra</span> <span class='ocrx_word' id='word_1_133' title='bbox 590 2096 635 2138; x_wconf 87' lang='lat' dir='ltr'>ex</span> <span class='ocrx_word' id='word_1_134' title='bbox 661 2076 802 2139; x_wconf 88' lang='lat' dir='ltr'>veritate</span> <span class='ocrx_word' id='word_1_135' title='bbox 828 2077 1015 2151; x_wconf 85' lang='lat' dir='ltr'>aestimare,</span> <span class='ocrx_word' id='word_1_136' title='bbox 1034 2074 1139 2140; x_wconf 87' lang='lat' dir='ltr'>velint</span> <span class='ocrx_word' id='word_1_137' title='bbox 1155 2085 1269 2139; x_wconf 90' lang='lat' dir='ltr'>aucto·</span> <span class='ocrx_word' id='word_1_138' title='bbox 1296 2048 1418 2159; x_wconf 54' lang='lat' dir='ltr'>22⁸2ch</span> 
     </span>
     <span class='ocr_line' id='line_1_18' title="bbox 161 2164 1408 2279; baseline 0 -37"><span class='ocrx_word' id='word_1_139' title='bbox 161 2180 260 2243; x_wconf 86' lang='lat' dir='ltr'>ritate</span> <span class='ocrx_word' id='word_1_140' title='bbox 283 2189 318 2242; x_wconf 90' lang='lat' dir='ltr'>et</span> <span class='ocrx_word' id='word_1_141' title='bbox 344 2180 453 2261; x_wconf 85' lang='lat' dir='ltr'>gratia</span> <span class='ocrx_word' id='word_1_142' title='bbox 477 2180 598 2245; x_wconf 83' lang='lat' dir='ltr'>fovere.</span> <span class='ocrx_word' id='word_1_143' title='bbox 625 2179 863 2262; x_wconf 87' lang='lat' dir='ltr'>Quaesitorum</span> <span class='ocrx_word' id='word_1_144' title='bbox 889 2179 1057 2243; x_wconf 81' lang='lat' dir='ltr'>fructuum</span> <span class='ocrx_word' id='word_1_145' title='bbox 1081 2180 1108 2241; x_wconf 93' lang='lat' dir='ltr'>si</span> <span class='ocrx_word' id='word_1_146' title='bbox 1125 2179 1176 2244; x_wconf 84' lang='lat' dir='ltr'>vel</span> <span class='ocrx_word' id='word_1_147' title='bbox 1193 2200 1270 2263; x_wconf 89' lang='lat' dir='ltr'>pars</span> <span class='ocrx_word' id='word_1_148' title='bbox 1294 2164 1408 2279; x_wconf 43' lang='lat' dir='ltr'>my</span> 
     </span>
     <span class='ocr_line' id='line_1_19' title="bbox 160 2263 1401 2365; baseline 0.003 -19"><span class='ocrx_word' id='word_1_149' title='bbox 160 2285 361 2365; x_wconf 87' lang='lat' dir='ltr'>provenerit,</span> <span class='ocrx_word' id='word_1_150' title='bbox 387 2304 454 2346; x_wconf 93' lang='lat' dir='ltr'>non</span> <span class='ocrx_word' id='word_1_151' title='bbox 483 2284 517 2348; x_wconf 92' lang='lat' dir='ltr'>id</span> <span class='ocrx_word' id='word_1_152' title='bbox 546 2284 675 2347; x_wconf 91' lang='lat' dir='ltr'>minimi</span> <span class='ocrx_word' id='word_1_153' title='bbox 704 2283 804 2347; x_wconf 83' lang='lat' dir='ltr'>suerit</span> <span class='ocrx_word' id='word_1_154' title='bbox 832 2282 984 2347; x_wconf 87' lang='lat' dir='ltr'>beneficii</span> <span class='ocrx_word' id='word_1_155' title='bbox 1012 2284 1088 2348; x_wconf 92' lang='lat' dir='ltr'>loco</span> <span class='ocrx_word' id='word_1_156' title='bbox 1112 2285 1145 2347; x_wconf 95' lang='lat' dir='ltr'>in</span> <span class='ocrx_word' id='word_1_157' title='bbox 1174 2294 1270 2350; x_wconf 88' lang='lat' dir='ltr'>tanta</span> <span class='ocrx_word' id='word_1_158' title='bbox 1395 2263 1401 2276; x_wconf 38' lang='grc' dir='ltr'>Ι</span> 
     </span>
     <span class='ocr_line' id='line_1_20' title="bbox 160 2387 1269 2470; baseline -0.001 -19"><span class='ocrx_word' id='word_1_159' title='bbox 160 2408 269 2451; x_wconf 90' lang='lat' dir='ltr'>rerum</span> <span class='ocrx_word' id='word_1_160' title='bbox 298 2388 449 2451; x_wconf 90' lang='lat' dir='ltr'>omnium</span> <span class='ocrx_word' id='word_1_161' title='bbox 478 2387 707 2462; x_wconf 91' lang='lat' dir='ltr'>inclinatione,</span> <span class='ocrx_word' id='word_1_162' title='bbox 731 2388 869 2470; x_wconf 88' lang='lat' dir='ltr'>quando</span> <span class='ocrx_word' id='word_1_163' title='bbox 884 2388 1096 2470; x_wconf 88' lang='lat' dir='ltr'>impatientia</span> <span class='ocrx_word' id='word_1_164' title='bbox 1112 2407 1269 2470; x_wconf 88' lang='lat' dir='ltr'>praesen·</span> 
     </span>
     <span class='ocr_line' id='line_1_21' title="bbox 161 2492 1123 2575; baseline 0 -18"><span class='ocrx_word' id='word_1_165' title='bbox 161 2492 246 2558; x_wconf 89' lang='lat' dir='ltr'>tium</span> <span class='ocrx_word' id='word_1_166' title='bbox 262 2503 453 2575; x_wconf 90' lang='lat' dir='ltr'>temporum</span> <span class='ocrx_word' id='word_1_167' title='bbox 470 2512 547 2556; x_wconf 91' lang='lat' dir='ltr'>cum</span> <span class='ocrx_word' id='word_1_168' title='bbox 565 2493 744 2557; x_wconf 78' lang='lat' dir='ltr'>formidine</span> <span class='ocrx_word' id='word_1_169' title='bbox 761 2494 911 2575; x_wconf 83' lang='lat' dir='ltr'>iungitur</span> <span class='ocrx_word' id='word_1_170' title='bbox 926 2492 1123 2558; x_wconf 81' lang='lat' dir='ltr'>futurorum.</span> 
     </span>
    </p>

    <p class='ocr_par' dir='ltr' id='par_1_5' title="bbox 160 2596 1453 3093">
     <span class='ocr_line' id='line_1_22' title="bbox 207 2596 1448 2682; baseline -0.001 -21"><span class='ocrx_word' id='word_1_171' title='bbox 207 2598 373 2661; x_wconf 88' lang='lat' dir='ltr'>Extrema</span> <span class='ocrx_word' id='word_1_172' title='bbox 389 2596 512 2660; x_wconf 89' lang='lat' dir='ltr'>saeculi</span> <span class='ocrx_word' id='word_1_173' title='bbox 529 2598 711 2679; x_wconf 90' lang='lat' dir='ltr'>superioris</span> <span class='ocrx_word' id='word_1_174' title='bbox 727 2597 850 2662; x_wconf 80' lang='lat' dir='ltr'>fessam</span> <span class='ocrx_word' id='word_1_175' title='bbox 864 2599 1020 2663; x_wconf 90' lang='lat' dir='ltr'>cladibus</span> <span class='ocrx_word' id='word_1_176' title='bbox 1033 2598 1270 2682; x_wconf 90' lang='lat' dir='ltr'>trepidamque</span> <span class='ocrx_word' id='word_1_177' title='bbox 1356 2632 1448 2681; x_wconf 71' lang='lat' dir='ltr'>Memo-</span> 
     </span>
     <span class='ocr_line' id='line_1_23' title="bbox 160 2700 1438 2785; baseline 0 -22"><span class='ocrx_word' id='word_1_178' title='bbox 160 2700 470 2784; x_wconf 88' lang='lat' dir='ltr'>perturbationibus</span> <span class='ocrx_word' id='word_1_179' title='bbox 488 2700 661 2782; x_wconf 91' lang='lat' dir='ltr'>Europam</span> <span class='ocrx_word' id='word_1_180' title='bbox 678 2702 848 2784; x_wconf 88' lang='lat' dir='ltr'>reliquere.</span> <span class='ocrx_word' id='word_1_181' title='bbox 865 2702 969 2779; x_wconf 89' lang='lat' dir='ltr'>Haec,</span> <span class='ocrx_word' id='word_1_182' title='bbox 980 2722 1068 2785; x_wconf 89' lang='lat' dir='ltr'>quae</span> <span class='ocrx_word' id='word_1_183' title='bbox 1081 2703 1123 2767; x_wconf 88' lang='lat' dir='ltr'>ad</span> <span class='ocrx_word' id='word_1_184' title='bbox 1140 2702 1269 2765; x_wconf 87' lang='lat' dir='ltr'>exitum</span> <span class='ocrx_word' id='word_1_185' title='bbox 1297 2705 1438 2777; x_wconf 26' lang='lat' dir='ltr'>raraosupc-</span> 
     </span>
     <span class='ocr_line' id='line_1_24' title="bbox 161 2778 1450 2895; baseline -0.002 -29"><span class='ocrx_word' id='word_1_186' title='bbox 161 2813 319 2885; x_wconf 88' lang='lat' dir='ltr'>properat</span> <span class='ocrx_word' id='word_1_187' title='bbox 335 2812 439 2879; x_wconf 90' lang='lat' dir='ltr'>aetas,</span> <span class='ocrx_word' id='word_1_188' title='bbox 453 2803 581 2883; x_wconf 89' lang='lat' dir='ltr'>quidni,</span> <span class='ocrx_word' id='word_1_189' title='bbox 596 2824 692 2868; x_wconf 90' lang='lat' dir='ltr'>versa</span> <span class='ocrx_word' id='word_1_190' title='bbox 706 2805 787 2881; x_wconf 89' lang='lat' dir='ltr'>vice,</span> <span class='ocrx_word' id='word_1_191' title='bbox 797 2806 947 2869; x_wconf 90' lang='lat' dir='ltr'>humano</span> <span class='ocrx_word' id='word_1_192' title='bbox 957 2807 1071 2888; x_wconf 83' lang='lat' dir='ltr'>generi</span> <span class='ocrx_word' id='word_1_193' title='bbox 1083 2806 1271 2869; x_wconf 87' lang='lat' dir='ltr'>hereditate</span> <span class='ocrx_word' id='word_1_194' title='bbox 1297 2778 1450 2895; x_wconf 49' lang='lat' dir='ltr'>miii„</span> 
     </span>
     <span class='ocr_line' id='line_1_25' title="bbox 160 2897 1434 3011; baseline 0.002 -41"><span class='ocrx_word' id='word_1_195' title='bbox 160 2906 370 2971; x_wconf 85' lang='lat' dir='ltr'>transmittat</span> <span class='ocrx_word' id='word_1_196' title='bbox 386 2907 536 2987; x_wconf 89' lang='lat' dir='ltr'>auspicia</span> <span class='ocrx_word' id='word_1_197' title='bbox 546 2909 746 2972; x_wconf 88' lang='lat' dir='ltr'>concordiae</span> <span class='ocrx_word' id='word_1_198' title='bbox 757 2929 835 2973; x_wconf 88' lang='lat' dir='ltr'>cum</span> <span class='ocrx_word' id='word_1_199' title='bbox 850 2929 911 2991; x_wconf 90' lang='lat' dir='ltr'>spe</span> <span class='ocrx_word' id='word_1_200' title='bbox 924 2910 1152 2973; x_wconf 90' lang='lat' dir='ltr'>maximorum</span> <span class='ocrx_word' id='word_1_201' title='bbox 1166 2909 1270 2973; x_wconf 89' lang='lat' dir='ltr'>bono·</span> <span class='ocrx_word' id='word_1_202' title='bbox 1298 2897 1434 3011; x_wconf 45' lang='lat' dir='ltr'>&amp;mm</span> 
     </span>
     <span class='ocr_line' id='line_1_26' title="bbox 160 2969 1453 3093; baseline -0.001 -19"><span class='ocrx_word' id='word_1_203' title='bbox 160 3030 247 3089; x_wconf 90' lang='lat' dir='ltr'>rum,</span> <span class='ocrx_word' id='word_1_204' title='bbox 261 3030 347 3093; x_wconf 90' lang='lat' dir='ltr'>quae</span> <span class='ocrx_word' id='word_1_205' title='bbox 365 3012 494 3074; x_wconf 90' lang='lat' dir='ltr'>unitate</span> <span class='ocrx_word' id='word_1_206' title='bbox 510 3009 588 3074; x_wconf 88' lang='lat' dir='ltr'>fidei</span> <span class='ocrx_word' id='word_1_207' title='bbox 606 3012 809 3076; x_wconf 86' lang='lat' dir='ltr'>christianae</span> <span class='ocrx_word' id='word_1_208' title='bbox 826 3014 1065 3077; x_wconf 82' lang='lat' dir='ltr'>continentur?</span> <span class='ocrx_word' id='word_1_209' title='bbox 1295 2969 1453 3092; x_wconf 52' lang='lat' dir='ltr'>{faisansad</span> 
     </span>
    </p>

    <p class='ocr_par' dir='ltr' id='par_1_6' title="bbox 153 3091 1451 3535">
     <span class='ocr_line' id='line_1_27' title="bbox 205 3091 1434 3207; baseline 0.003 -31"><span class='ocrx_word' id='word_1_210' title='bbox 205 3113 309 3176; x_wconf 80' lang='lat' dir='ltr'>Adsit</span> <span class='ocrx_word' id='word_1_211' title='bbox 325 3114 451 3193; x_wconf 88' lang='lat' dir='ltr'>optatis</span> <span class='ocrx_word' id='word_1_212' title='bbox 467 3114 622 3195; x_wconf 88' lang='lat' dir='ltr'>votisque</span> <span class='ocrx_word' id='word_1_213' title='bbox 638 3115 772 3179; x_wconf 90' lang='lat' dir='ltr'>Nostris</span> <span class='ocrx_word' id='word_1_214' title='bbox 785 3116 877 3179; x_wconf 84' lang='lat' dir='ltr'>dives</span> <span class='ocrx_word' id='word_1_215' title='bbox 889 3117 924 3178; x_wconf 91' lang='lat' dir='ltr'>in</span> <span class='ocrx_word' id='word_1_216' title='bbox 937 3116 1161 3179; x_wconf 81' lang='lat' dir='ltr'>misericordia</span> <span class='ocrx_word' id='word_1_217' title='bbox 1173 3117 1273 3198; x_wconf 80' lang='lat' dir='ltr'>Deus,</span> <span class='ocrx_word' id='word_1_218' title='bbox 1290 3091 1434 3207; x_wconf 46' lang='lat' dir='ltr'>{5522ss</span> 
     </span>
     <span class='ocr_line' id='line_1_28' title="bbox 159 3216 1420 3301; baseline 0.003 -22"><span class='ocrx_word' id='word_1_219' title='bbox 159 3216 254 3279; x_wconf 87' lang='lat' dir='ltr'>cuius</span> <span class='ocrx_word' id='word_1_220' title='bbox 268 3216 303 3278; x_wconf 85' lang='lat' dir='ltr'>in</span> <span class='ocrx_word' id='word_1_221' title='bbox 311 3224 471 3298; x_wconf 80' lang='lat' dir='ltr'>potestate</span> <span class='ocrx_word' id='word_1_222' title='bbox 485 3225 630 3299; x_wconf 80' lang='lat' dir='ltr'>tempora</span> <span class='ocrx_word' id='word_1_223' title='bbox 644 3228 723 3281; x_wconf 85' lang='lat' dir='ltr'>sunt</span> <span class='ocrx_word' id='word_1_224' title='bbox 737 3228 769 3282; x_wconf 84' lang='lat' dir='ltr'>et</span> <span class='ocrx_word' id='word_1_225' title='bbox 784 3228 955 3295; x_wconf 83' lang='lat' dir='ltr'>momenta,</span> <span class='ocrx_word' id='word_1_226' title='bbox 965 3219 1273 3301; x_wconf 85' lang='lat' dir='ltr'>benignissimeque</span> <span class='ocrx_word' id='word_1_227' title='bbox 1299 3232 1338 3272; x_wconf 77' lang='lat' dir='ltr'>ras</span> <span class='ocrx_word' id='word_1_228' title='bbox 1351 3224 1420 3299; x_wconf 57' lang='lat' dir='ltr'>inte(</span> 
     </span>
     <span class='ocr_line' id='line_1_29' title="bbox 160 3288 1451 3417; baseline 0.005 -36"><span class='ocrx_word' id='word_1_229' title='bbox 160 3318 301 3401; x_wconf 90' lang='lat' dir='ltr'>implere</span> <span class='ocrx_word' id='word_1_230' title='bbox 327 3328 472 3383; x_wconf 90' lang='lat' dir='ltr'>maturet</span> <span class='ocrx_word' id='word_1_231' title='bbox 497 3320 649 3383; x_wconf 91' lang='lat' dir='ltr'>divinum</span> <span class='ocrx_word' id='word_1_232' title='bbox 677 3320 760 3385; x_wconf 92' lang='lat' dir='ltr'>illud</span> <span class='ocrx_word' id='word_1_233' title='bbox 780 3322 867 3387; x_wconf 76' lang='lat' dir='ltr'>lEsU</span> <span class='ocrx_word' id='word_1_234' title='bbox 886 3322 1044 3387; x_wconf 78' lang='lat' dir='ltr'>CHRISTI</span> <span class='ocrx_word' id='word_1_235' title='bbox 1061 3323 1273 3405; x_wconf 89' lang='lat' dir='ltr'>promissum,</span> <span class='ocrx_word' id='word_1_236' title='bbox 1299 3288 1451 3417; x_wconf 34' lang='lat' dir='ltr'>2233,ssss-</span> 
     </span>
     <span class='ocr_line' id='line_1_30' title="bbox 153 3422 1398 3535; baseline 0.002 -51"><span class='ocrx_word' id='word_1_237' title='bbox 153 3422 218 3505; x_wconf 79' lang='lat' dir='ltr'>fiet</span> <span class='ocrx_word' id='word_1_238' title='bbox 231 3442 336 3485; x_wconf 87' lang='lat' dir='ltr'>unum</span> <span class='ocrx_word' id='word_1_239' title='bbox 351 3422 436 3484; x_wconf 83' lang='lat' dir='ltr'>ovile</span> <span class='ocrx_word' id='word_1_240' title='bbox 449 3431 480 3485; x_wconf 86' lang='lat' dir='ltr'>et</span> <span class='ocrx_word' id='word_1_241' title='bbox 495 3444 582 3486; x_wconf 88' lang='lat' dir='ltr'>unus</span> <span class='ocrx_word' id='word_1_242' title='bbox 589 3434 709 3505; x_wconf 83' lang='lat' dir='ltr'>pastor</span> <span class='ocrx_word' id='word_1_243' title='bbox 721 3424 773 3507; x_wconf 65' lang='grc' dir='ltr'>(Ι).</span> <span class='ocrx_word' id='word_1_244' title='bbox 1300 3422 1398 3535; x_wconf 58' lang='grc' dir='ltr'>ῖὸῖαηῑθ</span> 
     </span>
    </p>

    <p class='ocr_par' dir='ltr' id='par_1_7' title="bbox 208 3501 1361 3609">
     <span class='ocr_line' id='line_1_31' title="bbox 208 3501 1361 3609; baseline 0.011 -22"><span class='ocrx_word' id='word_1_245' title='bbox 208 3524 336 3588; x_wconf 90' lang='lat' dir='ltr'>Datum</span> <span class='ocrx_word' id='word_1_246' title='bbox 354 3526 485 3589; x_wconf 89' lang='lat' dir='ltr'>Romae</span> <span class='ocrx_word' id='word_1_247' title='bbox 501 3528 591 3609; x_wconf 87' lang='lat' dir='ltr'>apud</span> <span class='ocrx_word' id='word_1_248' title='bbox 610 3528 643 3592; x_wconf 91' lang='lat' dir='ltr'>S.</span> <span class='ocrx_word' id='word_1_249' title='bbox 662 3529 799 3592; x_wconf 90' lang='lat' dir='ltr'>Petrum</span> <span class='ocrx_word' id='word_1_250' title='bbox 816 3530 871 3593; x_wconf 90' lang='lat' dir='ltr'>die</span> <span class='ocrx_word' id='word_1_251' title='bbox 885 3544 937 3592; x_wconf 88' lang='lat' dir='ltr'>xx</span> <span class='ocrx_word' id='word_1_252' title='bbox 953 3530 1039 3592; x_wconf 90' lang='lat' dir='ltr'>lunii</span> <span class='ocrx_word' id='word_1_253' title='bbox 1052 3544 1275 3599; x_wconf 73' lang='lat' dir='ltr'>MDcccxclln</span> <span class='ocrx_word' id='word_1_254' title='bbox 1328 3501 1361 3536; x_wconf 56' lang='grc' dir='ltr'>ω’</span> 
     </span>
    </p>
   </div>
   <div class='ocr_carea' id='block_1_3' title="bbox 166 3626 947 3715">
    <p class='ocr_par' dir='ltr' id='par_1_8' title="bbox 166 3626 947 3715">
     <span class='ocr_line' id='line_1_32' title="bbox 166 3626 947 3715; baseline 0.009 -26"><span class='ocrx_word' id='word_1_255' title='bbox 166 3626 386 3691; x_wconf 87' lang='lat' dir='ltr'>Pontificatus</span> <span class='ocrx_word' id='word_1_256' title='bbox 404 3628 520 3692; x_wconf 89' lang='lat' dir='ltr'>Nostri</span> <span class='ocrx_word' id='word_1_257' title='bbox 537 3650 628 3694; x_wconf 90' lang='lat' dir='ltr'>anno</span> <span class='ocrx_word' id='word_1_258' title='bbox 643 3631 776 3695; x_wconf 86' lang='lat' dir='ltr'>decimo</span> <span class='ocrx_word' id='word_1_259' title='bbox 793 3633 947 3715; x_wconf 88' lang='lat' dir='ltr'>septimo.</span> 
     </span>
    </p>
   </div>
   <div class='ocr_carea' id='block_1_4' title="bbox 832 3788 1215 3855">
    <p class='ocr_par' dir='ltr' id='par_1_9' title="bbox 832 3788 1215 3855">
     <span class='ocr_line' id='line_1_33' title="bbox 832 3788 1215 3855; baseline 0.008 -4"><span class='ocrx_word' id='word_1_260' title='bbox 832 3788 928 3853; x_wconf 90' lang='lat' dir='ltr'>LEO</span> <span class='ocrx_word' id='word_1_261' title='bbox 954 3791 1016 3855; x_wconf 88' lang='lat' dir='ltr'>PP.</span> <span class='ocrx_word' id='word_1_262' title='bbox 1041 3790 1164 3855; x_wconf 53' lang='lat' dir='ltr'>XIII(</span> <span class='ocrx_word' id='word_1_263' title='bbox 1205 3790 1215 3811; x_wconf 88' lang='lat'><em>&#39;</em></span> 
     </span>
    </p>
   </div>
   <div class='ocr_carea' id='block_1_5' title="bbox 199 3960 413 4011">
    <p class='ocr_par' dir='ltr' id='par_1_10' title="bbox 199 3960 413 4011">
     <span class='ocr_line' id='line_1_34' title="bbox 199 3960 413 4011; baseline 0.005 -8"><span class='ocrx_word' id='word_1_264' title='bbox 199 3971 217 4003; x_wconf 88' lang='lat'>1.</span> <span class='ocrx_word' id='word_1_265' title='bbox 235 3960 314 4011; x_wconf 69' lang='lat' dir='ltr'>loun„</span> <span class='ocrx_word' id='word_1_266' title='bbox 331 3968 358 4011; x_wconf 84' lang='lat' dir='ltr'>x,</span> <span class='ocrx_word' id='word_1_267' title='bbox 378 3960 413 4004; x_wconf 85' lang='lat'>16.</span> 
     </span>
    </p>
   </div>
   <div class='ocr_carea' id='block_1_6' title="bbox 0 0 1564 4859">
    <p class='ocr_par' dir='ltr' id='par_1_11' title="bbox 0 0 1564 4859">
     <span class='ocr_line' id='line_1_35' title="bbox 0 0 1564 4859; baseline 0 0"><span class='ocrx_word' id='word_1_268' title='bbox 0 0 1564 4859; x_wconf 95' lang='lat' dir='ltr'> </span> 
     </span>
    </p>
   </div>
  </div>
 </body>
</html>
