3117 4859
389 377 465 446 3²0
746 368 867 420 rapax
895 367 1145 419 nutriamus,

388 522 559 595 obsequium
580 538 681 577 omues
702 528 848 591 praestare
861 518 967 573 dehent
990 530 1031 587 45.
1045 546 1080 556 -
1103 516 1255 586 Sapienter
1275 534 1344 587 ergo
1364 517 1484 571 Ecclesia

386 613 466 679 fecit,
485 612 553 666 dum
573 611 603 664 in
624 608 762 664 societate
787 606 909 679 perstitit
933 623 997 660 cnm
1017 605 1104 661 variis
1123 616 1222 661 nostro
1246 607 1360 661 saeculo
1384 606 1485 661 Galliae
1556 614 1557 619 ’

389 698 565 772 principibus
577 718 585 763 ;
599 713 691 769 neque
704 695 786 750 aliter
805 711 836 750 se
848 704 948 765 gerant
969 693 1072 748 Gallici
1091 693 1167 749 cives
1186 693 1323 749 adversus
1341 692 1485 747 hodiernos

385 788 561 859 reipublicae
572 786 769 841 moderatores
781 796 825 851 45.
839 812 873 823 -
884 783 945 836 Nec
965 780 1034 836 illud
1052 781 1255 853 opponendum
1267 783 1343 852 quod
1356 781 1449 851 inique
1460 796 1485 834 se

387 885 489 947 gerant
502 874 696 930 moderatores
718 870 856 927 adversus
879 868 1063 933 Ecclesiam
1086 870 1163 939 leges
1182 868 1259 923 euim
1281 884 1299 925 a
1319 868 1486 939 principibus

388 964 464 1019 latae
483 962 602 1016 omnino
625 959 758 1014 differunt
780 974 847 1013 cum
869 958 995 1027 ipsorum
1018 958 1147 1027 imperio,
1159 967 1335 1029 possuntque
1356 956 1409 1011 sub
1426 970 1486 1027 quo·

388 1050 458 1104 libet
481 1046 609 1117 imperio,
625 1046 720 1115 justae
732 1043 867 1099 constitui
881 1044 967 1112 leges,
984 1060 1095 1098 necnon
1115 1053 1142 1098 et
1164 1044 1294 1113 injustae,
1313 1043 1391 1113 quod
1409 1042 1486 1097 histo·

388 1138 430 1191 ria
446 1144 568 1191 testatur
584 1152 591 1187 :
608 1150 659 1203 pro
678 1132 850 1201 legislatoris
862 1146 967 1199 nempe
979 1129 1085 1199 animo,
1099 1146 1156 1185 non
1177 1146 1244 1185 vero
1275 1146 1326 1200 pro
1349 1129 1411 1198 ipsa
1429 1129 1486 1183 ciri·

385 1225 455 1278 tatis
466 1220 568 1289 foma,
579 1230 661 1275 erunt
674 1220 753 1288 leges
767 1218 810 1273 vel
825 1219 920 1272 bonae
930 1218 974 1271 vel
983 1217 1076 1271 malae
1088 1230 1105 1283 4
1109 1216 1180 1286 5=46.
1196 1246 1230 1256 -
1240 1218 1405 1273 Nonnullae
1415 1219 1484 1289 leges

383 1310 482 1365 alieno
508 1306 676 1377 areligione
691 1306 789 1361 animo
809 1306 888 1362 hisce
906 1305 1082 1375 temporibus
1102 1304 1130 1359 in
1151 1305 1254 1373 Gallia,
1267 1306 1345 1361 haud
1368 1306 1487 1361 salvare

386 1398 472 1465 civili,
485 1398 613 1451 sancitae
633 1396 754 1463 fuerunt,
767 1395 805 1449 de
824 1392 928 1465 quibos
948 1403 1008 1448 tum
1031 1394 1094 1463 ipse
1116 1393 1246 1449 Pontifex
1264 1404 1325 1449 turn
1345 1394 1487 1451 Antistites

385 1486 501 1543 Galliae
526 1482 674 1554 conquesti
700 1493 766 1537 sunt
791 1500 797 1545 3
817 1491 844 1536 et
870 1490 1009 1553 quotquot
1032 1480 1127 1536 Gallia
1152 1482 1273 1536 honesto
1297 1481 1396 1537 animo
1420 1482 1487 1537 cives

386 1574 482 1641 habet,
495 1572 526 1626 hi
547 1588 648 1627 omnes
667 1570 723 1625 illis
742 1570 861 1638 legibus,
876 1585 912 1623 ne
932 1568 1131 1639 pessumdetur
1153 1570 1254 1639 patria,
1272 1570 1413 1625 obsistere
1430 1586 1486 1623 con·

384 1660 491 1731 junctis
501 1658 609 1713 viribus
617 1656 731 1711 dehent
747 1657 815 1711 Non
825 1656 903 1710 enirn
917 1656 1015 1711 debito
1025 1655 1201 1727 principibus
1214 1656 1354 1728 obsequio
1368 1656 1407 1712 illi
1419 1656 1487 1712 cives

360 1790 366 1801 ,
387 1748 490 1803 desum
509 1745 558 1818 qni
578 1731 680 1816 parere
699 1744 813 1815 injustis
835 1744 945 1813 legibus
967 1754 1100 1800 recusant
1115 1763 1121 1798 :
1135 1744 1208 1800 tales
1220 1760 1324 1815 nempe
1337 1745 1416 1815 leges
1437 1760 1486 1797 non

386 1834 592 1901 observandae,
605 1832 657 1887 sed
671 1832 869 1902 reprobandae
881 1842 947 1887 sunt
961 1834 1052 1899 46·47·
1069 1862 1101 1871 -
1115 1832 1272 1887 Praeclaris
1293 1834 1331 1887 D.
1345 1831 1486 1913 Augustini

385 1924 480 1980 verbis
498 1924 571 1978 baec
583 1921 714 1977 doctrina
730 1922 888 1977 illustratur
900 1935 943 1987 47.
962 1922 1133 1977 -Generis
1153 1920 1271 1976 hnmani
1291 1920 1486 1977 conscientiam

386 2011 545 2067 edicentem
565 2009 636 2080 qnid
658 2010 731 2076 Deo,
749 2008 820 2078 quid
838 2006 959 2078 principi
979 2008 1126 2077 debeatur,
1148 2024 1295 2078 nunquam
1317 2004 1487 2063 detestabilis

386 2097 535 2151 atheorum
557 2094 689 2150 doctrina
710 2103 837 2149 evertere
857 2094 979 2159 valebit3
1005 2095 1156 2165 nullusque
1180 2110 1272 2165 aequa
1293 2104 1390 2149 mente
1410 2092 1487 2147 homo

387 2183 498 2238 Galliae
509 2182 672 2237 catholicos
683 2180 894 2250 improbaturus
905 2192 956 2248 est,
966 2180 1035 2235 dum
1047 2181 1148 2236 Fidem
1161 2180 1276 2250 tuendo,
1289 2182 1402 2252 patriae
1414 2178 1486 2235 simul

385 2273 537 2327 consulunt
555 2269 639 2324 saluti
652 2280 680 2324 et
693 2268 802 2339 gloriae
812 2270 895 2334 48.-
908 2268 1053 2324 Nonnulla
1062 2279 1168 2325 tractat
1178 2270 1310 2324 Pontifex
1318 2270 1355 2324 de
1372 2272 1484 2325 Concor·

388 2360 456 2413 dato
467 2358 541 2414 etde
554 2358 735 2428 separatione
747 2356 921 2427 reipublicae
934 2358 971 2411 ab
985 2358 1116 2413 Ecclesia
1136 2359 1226 2425 qli-49.
1244 2386 1279 2397 —
1302 2357 1445 2427 Judicium
1457 2358 1486 2411 de

386 2446 567 2501 Concordato
593 2445 733 2500 Catholici
754 2444 782 2499 S.
798 2445 866 2500 Sedi
886 2444 1065 2514 relinquant;
1085 2446 1294 2515 separationem
1318 2462 1388 2501 vero
1406 2448 1486 2516 reipu·

385 2532 477 2587 blicae
495 2534 533 2587 ab
553 2532 685 2587 Ecclesia
707 2549 743 2586 ne
758 2543 958 2601 propugnent:
978 2532 1101 2587 absurda
1117 2531 1193 2587 enim
1213 2543 1256 2588 est
1274 2534 1346 2589 haec
1356 2534 1484 2599 doctrina

384 2636 537 2691 quaecum
545 2620 719 2689 reipublicae
729 2620 766 2674 sit
779 2620 885 2674 civium
893 2621 956 2689 jura
970 2621 1087 2683 tueriea
1099 2619 1163 2689 ipsa
1170 2620 1234 2690 jura
1241 2637 1277 2675 eo
1285 2620 1407 2677 destruit
1420 2619 1485 2691 qnod

384 2710 462 2775 leges
474 2708 595 2777 divinas,
612 2708 718 2778 jurium
737 2709 866 2763 omnium
885 2710 988 2777 fontes,
1002 2708 1152 2778 pronihilo
1171 2708 1331 2765 incivitate
1349 2710 1486 2765 duoeudas

385 2811 449 2849 esse
462 2796 545 2852 docet
558 2811 600 2863 49.
623 2798 812 2866 —Quamvis
835 2797 911 2851 illam
932 2798 1090 2853 doctrinam
1104 2797 1257 2853 defendere
1279 2797 1348 2853 nulli
1372 2812 1485 2869 unquam

383 2883 476 2953 liceat,
489 2895 583 2954 potest
600 2896 697 2939 tamen
711 2886 740 2939 in
754 2886 839 2947 certis
862 2887 1027 2955 regionibus
1047 2886 1189 2957 separatio
1203 2886 1380 2958 reipublicae
1391 2889 1427 2942 ab
1440 2886 1485 2940 Ec·

384 2974 472 3028 clesia
483 2974 596 3028 tolerari
606 2990 652 3041 493
661 3004 697 3014 -
706 2992 763 3028 non
776 2992 843 3029 vero
853 2974 880 3029 in
891 2974 993 3042 Gallia,
1006 2976 1110 3045 quippe
1121 2992 1195 3045 quae
1206 2976 1348 3031 catholica
1359 2994 1430 3046 gens
1442 2982 1485 3029 est.

384 3062 429 3116 Eo
442 3063 486 3117 vel
499 3062 594 3116 minus
607 3062 672 3116 talis
686 3061 877 3132 separationis
890 3062 1079 3131 patrocinium
1094 3062 1235 3117 Catholici
1249 3064 1278 3117 in
1299 3062 1395 3117 Gallia
1408 3058 1484 3115 susci·

384 3164 452 3220 pere
472 3160 602 3219 possunt,
611 3150 688 3218 quod
705 3166 805 3203 eorum
822 3148 870 3219 qui
893 3148 984 3218 ipsam
1004 3159 1157 3217 sectantur,
1170 3149 1397 3204 infensissimum
1419 3144 1484 3201 Reli·

383 3237 460 3308 gioui
474 3237 602 3291 animum
613 3237 720 3306 optime
739 3247 878 3291 noverunt
892 3252 983 3306 ‹tp-50.
997 3266 1031 3277 -·
1046 3236 1101 3291 His
1111 3236 1212 3291 litteris
1227 3247 1348 3291 tractata
1362 3234 1483 3291 Pontifex

384 3324 501 3393 colligit,
511 3335 540 3378 et
562 3334 658 3394 sperat
673 3323 721 3379 illa
733 3324 854 3378 multum
871 3324 1019 3394 profutura
1032 3323 1069 3377 ad
1083 3324 1171 3379 falsas
1185 3324 1335 3393 opiniones
1357 3324 1484 3395 repellen-

383 3410 444 3476 das,
458 3420 486 3465 et
500 3410 713 3465 Catholicorum
730 3409 843 3465 animos
864 3410 938 3465 inter
956 3428 987 3465 se
1006 3409 1203 3466 conciliandos
1225 3422 1266 3479 50.
1279 3440 1315 3451 —-
1333 3410 1483 3481 Episcopus

383 3497 552 3552 adhortatur
563 3507 594 3551 ut
611 3514 712 3567 pacem
724 3497 803 3553 omni
813 3514 901 3567 opera
914 3508 1066 3567 procurent
1075 3518 1082 3563 ;
1090 3498 1264 3568 reipublicae
1274 3514 1342 3554 vero
1352 3496 1484 3569 principes

382 3585 499 3641 confidit
511 3603 529 3639 a
542 3602 573 3641 se
593 3586 669 3642 dicta
685 3604 884 3658 perpessuros,
898 3603 972 3658 qnae
986 3587 1102 3657 quidem
1116 3586 1154 3641 ad
1171 3587 1292 3642 salutem
1305 3586 1417 3641 Galliae
1429 3596 1482 3651 spe·

384 3683 462 3729 etant
475 3686 565 3743 50·51.

418 3794 892 3848 10.ALLOCU110adS.R.E.
904 3797 1147 3849 Cardlnales.—
1157 3799 1171 3847 1
1183 3796 1441 3859 Martlaaapag·
1455 3798 1481 3853 5²

323 3949 325 3952 -
419 3910 551 3965 Pontifex
572 3911 680 3978 jamdiu
700 3913 769 3967 fovit
789 3914 940 3969 consilium
966 3915 1125 3969 Innocentii
1151 3914 1196 3969 ΙΙΙ
1218 3912 1386 3969 memoriam
1403 3910 1482 3962 hono·

382 3998 464 4052 randi
478 4017 486 4063 ;
500 3998 554 4053 hoc
569 4008 675 4067 antem,
694 4010 824 4071 ternpore
845 4002 1016 4073 episcopalis
1029 4002 1072 4057 sni
1092 4001 1250 4070 ministerii,
1264 4000 1418 4069 adimplere
1435 3988 1482 4047 sibi

382 4102 440 4138 uon
461 4086 560 4140 datum
573 4099 626 4154 est,
639 4088 691 4142 sed
708 4106 784 4145 nunc
797 4101 877 4144 tanto
891 4090 1005 4161 dignius
1019 4090 1056 4145 ad
1075 4090 1209 4145 effectum
1227 4090 1380 4160 perducere
1392 4080 1481 4155 potuit,

382 4183 489 4242 quanto
501 4174 634 4228 Ecclesia
648 4176 828 4231 Cathedralis
839 4178 970 4234 Romana
984 4179 1139 4233 Perusinae
1149 4186 1275 4247 praestat
1288 4190 1328 4245 52.
1343 4204 1376 4214 -
1390 4172 1481 4227 Monu-

381 4272 508 4315 mentum
528 4261 556 4315 in
574 4262 693 4318 basilica
714 4265 901 4320 Lateranensi
921 4277 1094 4322 exstructum
1118 4265 1156 4321 ad
1178 4276 1301 4321 mentem
1317 4260 1422 4317 reducit
1440 4256 1481 4310 illa

382 4348 440 4404 duo
452 4351 572 4405 consilia
590 4354 687 4422 magni
710 4353 792 4409 istius
807 4356 972 4412 Pontificis:
992 4356 1220 4427 redemptionem
1238 4356 1346 4409 Terrae
1367 4352 1479 4405 Sanctae
