3117 4859
367 371 439 459 298
492 389 675 441 sersrocn
696 388 909 442 euctemon
929 378 949 407 ‘⁶
969 390 1144 444 rucuuna
1162 392 1322 444 saurae.
1339 368 1357 397 '’

222 561 340 607 commta
364 541 535 625 religionis
554 541 728 617 violatum,
755 540 789 602 in
806 541 913 623 eaque
935 551 1036 624 gente
1062 541 1235 621 violatum,
1261 560 1465 625 oppressum,

159 630 230 673 “⁵“
365 664 452 727 quae
464 646 507 709 de
517 645 683 731 catholico
695 645 833 709 nomine
845 646 878 707 in
890 644 1006 728 primis
1017 647 1204 730 meritoque
1215 644 1468 729 gloriatur.Tum

155 764 168 777 ·
241 771 339 822 Sallust
364 750 444 831 vigil
459 749 706 832 Episcoporum
720 749 923 827 sollicitudo,
932 750 1072 832 perinde
1084 769 1124 815 ac
1139 751 1326 834 oportebat,
1335 749 1470 814 exarsit:

185 838 340 967 {23⁰ssssss
366 855 421 936 qui
452 855 743 938 expostulationes
773 858 993 938 aequissimas
1023 858 1066 921 ad
1097 878 1155 922 eos
1186 857 1380 922 detulerunt
1402 855 1469 939 qui-

199 979 339 1047 pqmmsa-
365 958 428 1022 bus
437 970 592 1023 sanctum
604 978 677 1024 esse
688 958 790 1023 debet
800 960 928 1042 patriae
940 961 1110 1043 religionis
1125 962 1209 1026 tueri
1223 962 1431 1045 dignitatem,
1440 968 1471 1023 et

186 1037 341 1166 ‘3⁸2‘ss
365 1083 483 1147 greges
494 1084 573 1127 suos
585 1083 652 1128 non
666 1063 769 1127 modo
778 1063 822 1127 de
833 1065 998 1146 gravitate
1008 1065 1146 1147 periculi
1157 1064 1467 1139 admonuerunt,sed

223 1167 340 1216 mnium
364 1168 467 1233 etiam
480 1168 604 1232 hortati
614 1179 692 1230 sunt
704 1177 742 1232 ut
754 1166 918 1231 netarium
935 1168 1082 1233 dedecus
1094 1168 1235 1234 Auctori
1245 1170 1470 1233 amantissimo

364 1273 482 1337 salutis
500 1282 634 1337 nostrae
649 1272 875 1355 singularibus
892 1272 1062 1355 religionis
1077 1272 1195 1337 officiis
1210 1279 1468 1357 compensarent

365 1377 475 1442 Nobis
491 1386 581 1442 certe
596 1376 736 1441 omnino
756 1375 900 1458 probata
927 1386 979 1441 est
995 1376 1159 1440 bonorum
1183 1373 1348 1452 alacritas,
1364 1370 1469 1437 multis

366 1483 476 1546 modis
492 1483 626 1565 egregie
640 1481 821 1558 declarata,
837 1480 1010 1563 valuitque
1026 1478 1068 1545 ad
1087 1477 1278 1543 leniendam
1294 1475 1469 1559 aegritudi-

254 1634 343 1684 Horu
367 1606 444 1650 nem
468 1607 509 1650 ea
524 1587 567 1651 de
584 1605 619 1649 re
639 1586 758 1649 intime
773 1596 958 1666 acceptam.
975 1585 1038 1648 Per
1070 1584 1157 1648 hanc
1180 1603 1263 1647 vero
1282 1580 1469 1666 alloquendi

226 1701 341 1765 ipsum-
366 1691 664 1773 opportunitatem,
680 1689 829 1772 supremi
846 1688 961 1753 Nostri
978 1684 1125 1753 muneris
1141 1708 1258 1753 vocem
1272 1689 1338 1752 iam
1362 1684 1472 1769 nequi·

211 1773 344 1896 ,affl-ff
368 1815 443 1859 mus
458 1816 610 1878 premere
622 1817 630 1871 ;
642 1804 744 1877 atque
759 1794 895 1858 cumeis
912 1794 994 1876 ipsis
1013 1793 1260 1876 Episcoporum
1278 1802 1313 1857 et
1329 1790 1470 1855 fidelium

217 1897 341 1948 ctrr'sria-
367 1898 698 1983 expostulationibus
729 1898 872 1962 Nostras
888 1898 1124 1979 coniungimus
1145 1917 1248 1981 quarn
1273 1896 1471 1979 gravissime.

190 1963 344 2093 ⁸527}ssss
369 2005 568 2088 Eodemque
579 2002 753 2087 apostolici
764 2002 909 2086 pectoris
920 2002 1035 2066 studio
1050 2019 1118 2083 quo
1133 2000 1332 2083 sacrilegum
1352 1998 1470 2063 lacinus

201 2096 342 2210 “fn'iffvig'
368 2110 602 2193 conquerimur
618 2119 651 2171 et
675 2124 900 2184 exsecramur,
927 2105 1196 2169 cohortationem
1212 2102 1255 2168 ad
1279 2104 1471 2167 christianas

191 2177 242 2303 {zera
260 2179 342 2275 'cristol
368 2221 496 2295 gentes,
526 2211 726 2276 nominatim
754 2208 798 2271 ad
825 2208 941 2285 Italos,
963 2208 1179 2272 vehementer
1209 2208 1423 2283 intendimus,
1438 2216 1471 2269 ut

191 2292 318 2342 urendam.
369 2315 564 2396 religionem
580 2315 717 2389 avitam,
732 2332 820 2395 quae
835 2311 1099 2394 locupletissima
1111 2310 1281 2376 hereditas
1296 2322 1357 2390 est,
1372 2312 1471 2375 invio-

369 2421 437 2483 late
457 2422 658 2494 custodiant,
675 2429 810 2483 strenue
826 2416 1007 2493 vindicent,
1024 2416 1166 2483 honeste
1181 2418 1303 2503 pieque
1323 2418 1419 2483 sactis
1434 2436 1471 2480 ne

269 2542 348 2607 Optat
370 2523 595 2587 intermittant
606 2539 737 2603 augere.
748 2521 925 2602 -Itaque,
936 2520 998 2584 hac
1009 2523 1111 2587 etiam
1123 2523 1166 2586 de
1177 2542 1305 2601 caussa,
1317 2523 1471 2587 contiuua

198 2608 346 2723 onssffl
371 2625 511 2690 Octobri
529 2646 642 2689 mense
664 2635 769 2690 certet
784 2635 942 2705 optamus
973 2625 1180 2707 singulorum
1208 2636 1242 2690 et
1261 2627 1470 2692 sodalitatum

215 2741 264 2789 mic
275 2755 345 2790 vene·
371 2731 535 2796 industria
550 2730 584 2792 in
609 2730 737 2793 honore
755 2729 913 2793 habendo
930 2748 1073 2810 magnae¹
1101 2730 1165 2794 Del
1183 2730 1295 2809 Matri,
1311 2727 1471 2797 Adiutrici

210 2811 348 2921 ‚arms
371 2836 501 2917 potenti
514 2834 712 2897 christianae
728 2832 783 2908 rei,
801 2831 952 2914 Reginae
964 2832 1100 2897 caelesti
1116 2832 1389 2916 gloriosissimae.
1407 2833 1471 2897 Nos

195 2936 268 2997 robii,
371 2960 450 3002 vero
460 2958 599 3001 munera
611 2936 843 3019 indulgentiae
859 2956 982 3012 sacrae,
993 2936 1027 3000 in
1040 2937 1104 3002 hoc
1115 2940 1188 3019 ipso
1199 2948 1300 3001 antea
1313 2954 1473 3010 concessa.

372 3044 523 3109 maxima
536 3041 709 3105 voluntate
724 3039 973 3105 confirmamus.

226 3160 251 3204 et
262 3152 346 3204 Deum
416 3146 510 3209 Deus
526 3154 649 3222 autem,
665 3142 885 3207 Venerabiles
910 3145 1052 3221 Fratres,
1076 3146 1132 3228 qui
1162 3144 1257 3208 nobis
1282 3144 1382 3209 talem
1406 3142 1472 3208 Mr-

195 3227 339 3285 apprecatus
370 3250 541 3315 diatricem
551 3248 785 3331 benignissima
797 3245 1007 3336 miseratione
1010 3246 1162 3329 providit
1170 3247 1222 3331 (1),
1232 3247 1355 3331 quique
1380 3258 1474 3311 totum

372 3375 429 3420 nos
443 3354 557 3419 habere
572 3352 678 3417 volarit
679 3364 743 3434 per
750 3350 905 3415 Mariam
916 3350 968 3434 (²),
981 3352 1131 3416 eiusdem
1144 3350 1304 3435 suffragio
1316 3364 1349 3415 et
1365 3350 1473 3435 gratia,

371 3461 482 3523 faveat
507 3458 745 3523 communibus
769 3456 867 3531 votis,
891 3457 1040 3519 cumulet
1060 3476 1143 3539 ,spes
1158 3478 1166 3535 ;
1182 3459 1364 3522 accedente
1380 3456 1472 3521 bene·

217 3585 344 3637 burdine.
371 3564 527 3627 dictionis
543 3560 764 3644 Apostolicae
787 3559 946 3641 auspicio,
970 3579 1072 3642 quam
1089 3561 1185 3624 vobis
1207 3560 1289 3643 ipsis
1320 3572 1353 3625 et
1371 3566 1471 3621 vestro
1494 3542 1497 3547 ¹

314 3713 320 3738 2
372 3668 533 3750 cuiusque
549 3666 648 3732 Clero
673 3662 867 3748 populoque
891 3674 1103 3746 peramanter
1129 3664 1162 3727 in
1182 3664 1333 3727 Domino
1358 3664 1471 3743 imper·

372 3771 484 3836 timus.

416 3874 545 3936 Datum
577 3872 708 3935 Romae
737 3872 829 3954 apud
861 3870 895 3936 S.
928 3872 1061 3936 Petrum
1093 3872 1148 3934 die
1178 3884 1248 3934 vm
1273 3866 1472 3954 Septembris

373 3975 829 4055 Mncccxc1V,Pontilicatus
845 3975 961 4041 Nostri
974 3996 1064 4040 anuo
1080 3976 1214 4039 decimo
1229 3976 1384 4057 septimo.

1005 4097 1100 4163 LEO
1124 4098 1186 4161 ΡΡ.
1203 4097 1307 4163 ΧΙΙΙ.

403 4250 423 4285 1.
436 4238 461 4283 S.
480 4236 624 4288 Bernardus,
637 4236 720 4280 Dexu
728 4234 893 4294 praerogatio.
908 4234 936 4280 B.
951 4234 987 4278 M.
999 4234 1035 4286 V..
1047 4248 1070 4279 n.
1085 4247 1107 4280 a.

402 4319 423 4353 a.
437 4305 474 4351 ld.
486 4318 555 4351 rem
569 4303 694 4349 inNotiv.
708 4303 735 4348 B.
750 4303 788 4349 Μ.
807 4303 844 4355 V..
857 4316 880 4348 n.
899 4316 922 4361 7.

915 4387 948 4425 ol·
