3117 4859
675 640 733 699 Ad
757 642 963 715 Eplscopos
987 642 1127 701 Italiae.

620 813 686 873 DE
713 814 867 875 SECTA
896 812 1183 875 MASSONUM.

375 1099 530 1415 i}
533 1096 671 1147 N1M1cn
697 1083 757 1162 vis,
785 1082 946 1148 instinctu
916 993 1254 1167 impulsuque
1210 1085 1290 1149 mali
1321 1086 1453 1151 daemo-

495 1099 602 1324 Pnis
640 1206 716 1251 cum
753 1186 936 1250 christiano
968 1188 1104 1251 nomine
1135 1198 1230 1252 sueta
1268 1188 1458 1271 confligere,

375 1162 527 1415 ..Β
551 1303 659 1357 certos
674 1292 827 1357 homines
854 1291 917 1357 sibi
946 1312 1078 1374 semper
1095 1292 1287 1368 adiunxits
1279 1314 1311 1358 ru
1329 1295 1362 1360 id
1379 1315 1456 1359 con·

494 1396 698 1476 associatos
725 1406 760 1459 ut
788 1396 930 1459 traditas
957 1396 1118 1460 divinitus
1148 1396 1318 1461 doctrinas
1342 1398 1458 1463 dedita

209 1468 226 1501 a
235 1454 318 1503 variis

209 1518 319 1567 turibus
343 1506 446 1589 opera
476 1512 671 1586 pervertere,
694 1500 871 1582 ipsamque
894 1500 1112 1565 christianam
1131 1502 1375 1583 rempublicam
1406 1502 1456 1565 di

167 1584 321 1698 cl‘k'ss‘ffji
344 1610 492 1675 strahere
520 1606 660 1671 funestis
685 1603 833 1669 dissidiis
865 1613 1075 1670 conarentur.
1110 1606 1226 1688 Atque
1251 1608 1335 1669 istae
1367 1605 1458 1671 velut

193 1715 318 1764 :narrum
344 1713 550 1796 compositae
566 1710 608 1811 ad
625 1710 915 1792 oppugnationem
932 1707 1096 1787 cohortes,
1109 1728 1209 1774 nemo
1226 1710 1332 1775 nescit
1352 1730 1456 1795 quan·

167 1786 319 1894 {elstram
344 1828 416 1883 tam
433 1816 603 1883 Ecclesiae
619 1814 749 1877 cladem
766 1814 859 1877 omni
875 1825 1027 1895 tempore
1043 1812 1285 1878 attulerint—
1302 1815 1462 1881 Iamvero

167 1916 319 2026 mffl'fjs‘f
345 1932 519 1996 sectarum,
535 1927 702 2004 quotquot
712 1926 811 1981 antea
825 1916 935 1981 luere
926 1918 1089 1983 rustitutis
1105 1918 1278 1982 catholicis
1294 1919 1459 1997 infensae,

167 2057 258 2091 sonna.
344 2030 378 2094 in
403 2048 443 2092 ea
466 2026 618 2090 revixere
642 2023 788 2105 spiritus,
814 2042 899 2105 quae
925 2032 1010 2087 secta
1034 2022 1226 2087 Massom'ca
1255 2024 1459 2103 nominatur,

345 2149 497 2212 quaeque
522 2128 641 2191 virium
668 2136 703 2192 et
728 2145 832 2211 opum
860 2126 980 2203 valida,
1007 2128 1203 2191 acerrimam
1229 2126 1318 2191 bello
1346 2127 1458 2191 secem

200 2259 302 2307 Hanca
344 2232 542 2314 praeferens,
566 2231 729 2313 quidquid
764 2249 907 2314 usquam
935 2232 1017 2295 sacri
1043 2241 1103 2307 est,
1129 2232 1331 2313 aggreditur.
1369 2232 1457 2299 Eam

190 2324 317 2438 ‘iffa
342 2338 488 2420 quidem,
514 2335 605 2418 quod
638 2334 741 2416 probe
774 2335 888 2412 nostis,
921 2335 1044 2401 saeculi
1084 2336 1182 2399 unius
1212 2335 1459 2420 dimidiatique

218 2455 316 2516 saepius
342 2442 462 2523 spatio,
477 2457 691 2503 romanorum
709 2436 910 2503 Pontificum
932 2440 1145 2504 decessorum
1165 2438 1366 2504 Nostrorum
1391 2458 1459 2505 non

162 2520 316 2649 mmm·
341 2542 445 2607 semel
461 2542 520 2606 sed
539 2540 672 2623 saepius
688 2542 855 2607 sententia
878 2542 1092 2624 proscripsit.
1113 2543 1268 2607 eamdem
1294 2542 1459 2609 Nosmet·

165 2650 318 2775 salamae?
342 2645 415 2727 ipsi,
432 2656 468 2707 ut
483 2643 669 2725 oportebat,
684 2645 932 2722 damnavimus,
956 2644 1092 2709 monitis
1116 2644 1333 2711 vehementer
1348 2666 1461 2729 popu-

192 2782 317 2843 mm„
308 2750 382 2813 ’lis
398 2750 594 2828 christianis,
609 2760 646 2815 ut
661 2752 732 2815 eius
749 2751 887 2816 iusidias
904 2770 1037 2817 summa
1052 2752 1264 2835 providentia
1286 2764 1456 2829 caverent,

161 2847 316 2975 ptam·
342 2863 549 2938 conatusque
580 2854 725 2919 nefarios
752 2854 891 2933 fortiter,
921 2866 958 2920 ut
989 2856 1134 2919 asseclas
1175 2856 1262 2921 IESU
1291 2855 1455 2925 CHRISTI

199 2976 316 3027 ribusdc-
343 2961 448 3037 decet,
464 2958 654 3023 refutarent.
668 2958 759 3043 Quin
775 2960 941 3037 etiamne
953 2960 1154 3042 obreperet
1145 2960 1279 3043 ignavia
1295 2970 1329 3025 et
1341 2980 1455 3043 sopor,

167 3050 315 3156 ffli'm'
342 3059 496 3125 consulto
510 3062 700 3125 studuimus
716 3069 827 3125 sectae
844 3062 1145 3143 perniciosissimae
1170 3063 1299 3145 aperire
1325 3072 1456 3144 myste-

342 3166 400 3242 ria,
414 3175 448 3229 et
462 3165 583 3249 quibus
599 3165 726 3228 artibus
742 3165 775 3227 in
800 3164 969 3227 excidium
995 3164 1181 3229 catholicae
1209 3164 1255 3228 rei
1281 3165 1457 3243 niteretur,

225 3324 317 3373 cresn
342 3271 433 3334 velut
459 3269 589 3333 intento
616 3270 723 3351 digito
749 3270 1062 3333 demonstravimus.
1090 3306 1133 3317 -
1160 3268 1401 3345 Nihilominus,
1427 3271 1456 3334 si

224 3390 316 3441 annin
342 3373 436 3438 lateri
452 3374 605 3437 volumus
621 3374 655 3436 id
679 3374 771 3457 quod
797 3394 848 3436 res
876 3384 935 3451 est,
960 3374 1123 3453 plurimos
1146 3374 1304 3437 italorum
1330 3392 1455 3455 parum

168 3455 315 3581 Ἢζὲζ
341 3485 457 3539 cautos
472 3495 656 3558 parumque
673 3476 830 3557 providos
842 3475 1089 3541 inconsiderata
1102 3478 1268 3559 quaedam
1287 3476 1458 3542 securitas

165 3586 308 3635 catholicam
340 3578 438 3645 iacit:
432 3582 530 3645 ·ideo
548 3582 816 3664 magnitudinem
834 3582 971 3664 periculi
999 3593 1058 3647 aut
1084 3584 1224 3648 omnino
1241 3602 1308 3647 uon
1325 3584 1459 3663 vident,

166 3651 255 3700 mm
341 3692 490 3750 autnon
518 3705 562 3748 ex
590 3688 728 3749 veritate
757 3686 947 3750 metiuntur.
976 3686 1083 3769 Atqui
1111 3686 1193 3750 fides
1221 3688 1320 3765 avita,
1348 3700 1450 3768 parta

341 3792 533 3855 hominibus
549 3813 608 3873 per
625 3793 743 3857 IESUM
760 3792 962 3859 CHRISTUM
975 3796 1073 3869 salus,
1083 3802 1117 3857 et
1129 3795 1220 3877 quod
1237 3814 1456 3877 consequens

340 3904 401 3973 est,
426 3894 500 3977 ipsa
525 3895 725 3958 christianae
752 3896 972 3960 humanitatis
1000 3894 1178 3960 benefacta
1203 3896 1236 3960 in
1253 3896 1455 3961 discrimine

340 4006 521 4066 vertuntur.
549 3997 722 4080 Siquidem
751 3998 832 4062 nihil
852 4001 984 4077 timens,
1011 4000 1136 4063 nemini
1162 4001 1296 4079 cedens,
1323 4000 1455 4064 maiora.

339 4102 490 4188 quotidie
505 4104 606 4166 audet
622 4111 714 4164 secta
730 4102 928 4165 Massonum
949 4126 956 4166 :
980 4113 1069 4166 totas
1093 4104 1244 4167 civitates
1261 4103 1354 4168 velut
1369 4123 1452 4167 con-

338 4208 432 4289 tagio
448 4206 578 4282 invasit,
594 4204 817 4288 omnibusque
834 4204 1035 4288 reipublicae
1051 4206 1213 4269 institutis
1227 4226 1263 4269 se
1275 4206 1452 4290 implicare

338 4310 438 4376 altius
454 4310 487 4373 in
503 4309 575 4373 dies
591 4308 715 4385 nititur,
731 4309 912 4387 coniurata,
929 4309 1019 4392 quod
1047 4310 1171 4392 passim
1195 4308 1290 4388 solet,
1307 4308 1451 4375 catholi-
