3117 4859
290 372 341 421 Dtt
368 371 520 423 S‘l'UDllS
548 368 785 423 SCRIPTURAE
812 370 966 421 SACRAE.
1111 371 1178 419 211

82 544 152 588 nam
169 550 176 588 ι
191 544 260 607 quo
271 523 377 587 veluti
389 522 573 606 specimine
585 521 696 586 allecti
712 521 869 604 discipuli
886 533 919 584 et
936 524 1056 595 edocti,
1073 534 1184 587 cetera
1252 526 1321 626 niv

83 630 140 709 ipsi
156 620 331 710 perlegant
347 626 577 709 adamentque
604 628 636 689 in
654 626 746 689 omni
762 626 843 691 vita.
860 626 894 689 Is
910 648 1020 708 porro,
1036 628 1183 692 retinens
1249 615 1325 701 1893]

82 733 230 795 instituta
247 732 422 807 maiorum,
438 729 615 812 exemplar
631 730 662 791 in
681 728 745 792 hoc
773 741 883 792 sumet
907 733 1095 795 versionem
1112 732 1183 795 vul·
1210 701 1369 832 eligantia.

81 854 188 919 garam
206 855 327 917 ,quam
341 834 530 899 Concilium
544 832 781 896 'tridentinum
796 832 832 894 in
834 832 978 914 publicis
988 834 1185 911 lectionibus,
1206 834 1342 911 peragere

81 939 359 1023 disputationibus,
382 937 685 1021 praedicationibus
714 946 746 997 et
766 937 1017 1017 expositionibus
1038 952 1103 1021 pro
1125 961 1184 1003 au·
1211 899 1362 1031 wlff}

81 1046 216 1108 theutica
240 1043 432 1107 habendam
449 1044 597 1106 decrevit
622 1041 674 1124 (1),
705 1049 808 1121 atque
833 1042 934 1105 etiam
966 1046 1185 1118 commendat
1212 1035 1341 1145 xm

81 1150 271 1231 quotidiana
301 1147 474 1209 Ecclesiae
498 1145 717 1210 consuetudo
744 1143 867 1224 Neque
894 1155 1008 1211 tamen
1037 1167 1106 1210 non
1123 1169 1183 1211 sua
1212 1160 1327 1239 reliqna·

1211 1240 1335 1277 viridom-

82 1256 232 1319 habenda
255 1256 317 1316 erit
346 1252 433 1316 ratio
461 1252 665 1333 reliquarum
683 1248 885 1327 versionum,
901 1272 985 1334 quas
1002 1251 1185 1317 christiana
1212 1290 1257 1339 ,m
1268 1292 1365 1340 modi,

81 1354 224 1421 laudavit
251 1356 493 1437 usurpavitque
518 1356 714 1437 antiquitas,
731 1357 883 1419 maxime
897 1358 1054 1420 codicum
1071 1358 1184 1438 primi·
1211 1357 1342 1435 transpai-

80 1462 258 1543 geniorum.
273 1458 436 1543 Quamvis
452 1458 553 1532 enim,
569 1459 610 1519 ad
629 1476 797 1520 summam
810 1457 856 1518 rei
874 1460 965 1549 quod
981 1468 1123 1539 spectat,
1139 1480 1184 1521 ex
1212 1438 1345 1537 xiim.

80 1566 278 1629 dictionibus
296 1563 465 1646 Vulgatae
489 1560 635 1625 hebraea
652 1571 686 1625 et
710 1582 833 1643 graeca
858 1564 945 1627 bene
962 1565 1094 1628 eluceat
1109 1585 1184 1627 sen·
1204 1569 1338 1682 23}sssz

81 1672 188 1745 tentia,
205 1679 356 1731 attamen
383 1667 410 1729 si
437 1667 516 1748 quid
543 1666 711 1749 ambigue,
737 1666 875 1749 siquid
904 1669 1014 1730 minus
1031 1679 1185 1731 accurate
1211 1685 1349 1747 expenden-

81 1772 156 1836 inibi
173 1774 300 1835 elatum
317 1771 370 1846 sit,
387 1784 405 1839 <t
423 1768 588 1849 inspectio
605 1770 839 1849 praecedentis
856 1770 1032 1853 linguae),
1047 1792 1184 1835 suasore
1207 1749 1348 1876 ἕζζιζῗῖ·

84 1873 280 1954 Augustino,
296 1870 447 1953 proficiet
462 1871 513 1953 (2).
532 1873 689 1936 Iamvero
713 1893 772 1955 per
795 1865 963 1956 se‘liquet,
979 1895 1082 1957 quam
1099 1875 1182 1938 mul·
1211 1880 1311 1930 ranem.

83 1991 149 2039 tum
166 1977 324 2040 navitatis
341 1977 384 2039 ad
401 1975 485 2038 haec
502 1977 654 2039 adhiberi
680 1987 847 2059 oporteat,
864 2000 968 2062 quum
986 1982 1124 2043 demum
1141 1978 1185 2042 sit

86 2081 391 2147 «commentatoris
415 2079 572 2158 officium,
596 2102 663 2144 non
690 2083 771 2164 quid
800 2084 872 2165 ipse
897 2083 987 2159 velit,
1012 2086 1076 2147 sed·
1103 2083 1184 2165 quid

88 2188 202 2249 sentiat
233 2186 288 2248 ille
312 2204 414 2267 quem
444 2186 691 2267 interpretetur,
717 2206 891 2269 exponere
917 2186 1004 2268 (³).t
1030 2225 1074 2235 -
1105 2188 1185 2249 Post
1270 2231 1365 2280 sinsus

86 2314 274 2375 expensam,
299 2293 357 2357 ubi
384 2312 471 2375 opus
499 2292 552 2374 sit,
577 2294 669 2355 omni
697 2291 864 2353 industria
896 2291 1088 2368 lectionem,
1111 2302 1183 2354 tum
1204 2296 1353 2372 juxtapo-

86 2396 169 2459 locus
185 2398 246 2459 erit
265 2396 467 2458 scrutandae
490 2403 524 2457 et
551 2396 792 2476 proponendae
808 2396 1006 2458 sententiae.
1033 2395 1183 2457 Primum
1205 2361 1362 2490 ss‘ssmff'

85 2509 190 2565 autem
207 2498 386 2564 consilium
403 2509 465 2576 est,
482 2507 519 2561 ut
536 2500 678 2581 probata
694 2500 920 2563 communiter
936 2500 1182 2582 interpretandi
1208 2500 1338 2556 praccepta

85 2604 280 2684 praescripta
306 2611 403 2667 tanto
430 2603 679 2685 experrectiore
704 2603 925 2667 observentur
950 2625 1039 2683 cura,
1054 2614 1184 2688 quanto
1208 2565 1324 2674 ibiibi?

85 2708 240 2771 morosior
267 2706 311 2771 ab
335 2706 536 2769 adversariis
563 2716 662 2789 urget
686 2708 868 2771 contentio
897 2708 1080 2790 Propterea
1106 2728 1182 2771 cum

85 2811 190 2875 studio
201 2810 432 2893 perpendendi
444 2810 524 2893 quid
538 2811 611 2892 ipsa
624 2810 727 2873 verba
737 2811 883 2889 valeant,
895 2814 976 2893 quid
990 2814 1184 2877 consecutio

84 2932 185 2978 rerum
202 2916 293 2991 velit,
308 2913 390 2997 quid
416 2913 565 2977 locorum
592 2913 778 2978 similitudo
803 2924 862 2977 aut
888 2916 971 2979 talia
987 2925 1108 2994 cetera,
1123 2936 1183 2979 ex·
1260 2973 1361 3023 Erudi-

86 3026 171 3083 terna
200 3038 337 3102 quoque
373 3018 550 3100 appositae
586 3020 785 3082 eruditionis
810 3019 992 3084 illustratio
1018 3023 1185 3086 societur:
1212 3039 1338 3087 rioninon

85 3133 176 3187 cauto
197 3133 381 3200 tamenne
411 3122 604 3186 istiusmodi
632 3126 886 3204 quaestionibus
912 3126 990 3207 plus
1020 3128 1184 3207 temporis
1210 3105 1341 3217 {mm

85 3225 240 3290 tribuatur
256 3235 291 3290 et
305 3244 428 3307 operae
444 3245 546 3308 quam
564 3228 805 3309 pernoscendis
820 3229 944 3291 divinis
962 3227 1083 3306 Libris,
1100 3248 1184 3292 neve
1210 3235 1280 3285 dum.

84 3340 250 3412 corrogata
268 3328 447 3411 multiplex
464 3350 575 3393 rerum
586 3333 736 3414 cognitio
753 3331 922 3396 mentibus
936 3333 1094 3396 iuvenum
1109 3333 1184 3416 plus

86 3431 282 3497 incommodi
299 3430 417 3495 afferat
432 3451 535 3514 quam
552 3434 749 3500 adiumenti.
769 3473 814 3483 -
838 3434 896 3498 Ex
912 3436 986 3511 hoc,
1004 3447 1098 3499 tutus
1121 3439 1184 3501 erit

86 3538 198 3615 gradus
225 3538 268 3601 ad
295 3554 393 3599 usum
421 3535 557 3599 divinae
574 3538 767 3619 Scripturas
784 3541 817 3603 in
835 3560 869 3602 re
887 3539 1089 3620 theologica.
1105 3540 1185 3625 Quo
1212 3501 1363 3630 &afflig

86 3637 116 3702 in
130 3661 247 3723 genere
275 3639 556 3704 animadvertisse
582 3653 724 3724 oportet,
752 3644 796 3706 ad
822 3651 951 3705 ceteras
977 3642 1185 3709 difficultatis
1212 3632 1352 3747 iimo-¹

86 3764 219 3823 caussas,
235 3766 322 3829 quae
346 3746 379 3807 in
398 3744 569 3827 quibusvis
593 3747 809 3829 antiquorum
838 3747 931 3809 libris
957 3749 1186 3833 intelligendis
1208 3715 1351 3828 pbiturus,

86 3849 147 3913 iere
160 3862 346 3926 occurrunt,
362 3850 515 3932 proprias
537 3851 666 3934 aliquas
690 3854 721 3915 ln
749 3852 860 3915 Libris
886 3854 989 3915 sacris
1014 3858 1185 3920 accedere.
1213 3837 1284 3957 affl
1297 3830 1364 3877 ‘⁰⁰⁷¹'

87 3956 204 4023 Eorum
230 3958 320 4023 'enim
346 3958 467 4035 verbis,
493 3967 629 4021 auctore
656 3957 784 4039 Spiritu
813 3955 949 4034 Sancto,
978 3978 1029 4019 res
1059 3960 1186 4024 multae
1213 3958 1327 4036 illam?

87 4062 298 4128 subiiciuntur
324 4081 412 4145 quae
438 4061 608 4125 humanae
625 4062 693 4123 vim
710 4063 886 4144 aciemque
902 4064 1044 4125 rationis
1062 4063 1186 4148 longis·
1213 4032 1341 4155 {bim-

86 4163 165 4229 sime
180 4168 326 4242 vincunt,
353 4164 470 4228 divina
498 4163 625 4226 scilicet
654 4165 816 4245 mysteria
842 4174 876 4227 et
902 4184 989 4246 quae
1015 4186 1092 4229 cum
1121 4168 1185 4230 illis
1213 4158 1365 4205 rinaetva-

91 4277 1188 4362 m

87 4382 107 4426 3
121 4368 146 4414 S.
160 4370 221 4417 Hier.
236 4372 268 4417 ad
279 4369 418 4416 Pammach.
