3117 4859
324 328 373 397 94
570 326 867 381 mortuorunm
893 326 941 375 s‘r
970 324 1190 377 rnrvmuorn

858 496 900 561 V.

336 632 667 805 lunumssumu
700 635 882 717 sexaginta
919 634 1049 698 dierum
1084 632 1252 697 lucrentur
1290 632 1444 709 sodales,

401 739 534 821 quoties
557 737 594 801 hi
608 762 615 802 :
631 750 666 801 1⁰
679 738 713 802 in
732 738 884 803 Ecclesia
901 735 1096 813 Parochiali,
1107 736 1139 800 in
1157 756 1225 821 qua
1240 739 1355 801 sedem
1372 737 1443 800 ha·

323 840 381 904 bet
416 838 643 921 consociatio,
668 852 886 907 sacrosancto
924 840 1050 905 Missae
1087 840 1261 918 sacrificio,
1290 842 1444 925 aliisque

321 943 444 1009 divinis
459 943 578 1010 officiis
593 949 716 1033 devote
736 946 948 1010 adstiterint:
964 958 998 1008 20
1013 944 1064 1007 vel
1081 944 1257 1028 quinquies
1274 946 1442 1009 recitave-

322 1049 389 1114 rint
401 1049 599 1116 Orationem
616 1051 821 1116 dominicam
834 1060 868 1115 et
883 1050 1121 1117 salutationem
1140 1052 1340 1135 Angelicam
1368 1074 1442 1135 pro

320 1155 495 1219 sodalibus
519 1154 706 1220 defunctis:
724 1167 761 1236 30
775 1154 827 1219 vel
844 1152 1046 1219 familiarum
1070 1154 1210 1219 dissidia
1231 1176 1440 1238 composue-

320 1257 387 1322 rint
402 1258 455 1324 vel
480 1259 719 1343 componenda
738 1260 925 1324 curaverint
940 1281 948 1322 :
962 1269 999 1337 40
1010 1256 1061 1321 vel
1084 1255 1229 1321 familias
1245 1278 1265 1321 a
1282 1258 1438 1323 iustitiae

319 1363 456 1427 tramite
470 1363 596 1441 devias,
611 1364 645 1427 in
662 1363 751 1427 viam
774 1362 891 1427 salutis
908 1363 1065 1425 reducere
1091 1361 1305 1426 studuerint:
1326 1374 1360 1443 5⁰
1376 1366 1436 1427 vel

318 1484 442 1547 pueros
472 1466 542 1530 sive
571 1466 701 1550 puellas
728 1466 918 1531 christianis
942 1465 1128 1549 praeceptis
1161 1466 1312 1531 imbuere
1341 1478 1436 1533 sate·

317 1569 448 1653 gerint:
467 1571 505 1634 6⁰
528 1570 579 1636 vel
605 1571 696 1635 aliud
719 1574 958 1655 quodcumque
988 1571 1081 1653 pium
1111 1588 1198 1653 opus
1229 1574 1436 1656 peregerint,

317 1672 409 1757 quod
425 1672 459 1737 in
475 1673 604 1739 bonum
622 1674 891 1741 Cousociationis
907 1675 1014 1739 cedat

362 1776 555 1858 Sodalibus,
570 1779 599 1843 si
624 1779 813 1857 maluerint,
828 1779 985 1844 omnibus
1002 1786 1035 1841 et
1052 1778 1191 1861 singulis
1208 1780 1433 1865 indulgentiis

313 1899 415 1964 supra
431 1883 531 1947 dictis
547 1884 618 1949 sive
634 1882 803 1967 plenariis,
814 1884 884 1947 sive
900 1883 1108 1967 partialibus,
1123 1884 1216 1949 labes
1233 1906 1432 1970 poenasque

314 1986 551 2053 defunctorum
567 1990 709 2073 expiare
724 1988 837 2084 liceat,

724 2276 1017 2343 PRIVILEGIA

641 2432 711 2497 Pro
728 2432 905 2497 Sodalibus
928 2432 1099 2497 universis.

360 2600 496 2681 Missae,
511 2623 599 2687 quae
614 2624 676 2687 pro
688 2604 860 2669 sodalibus
872 2604 1039 2670 defunctis
1053 2624 1266 2687 quocumque
1281 2606 1314 2669 in
1327 2604 1426 2667 altari

314 2689 583 2770 celebrabuntur,
593 2692 713 2756 iisdem
729 2691 955 2775 suffragentur
964 2712 1004 2755 ac
1016 2693 1042 2755 si
1056 2691 1088 2755 in
1100 2694 1196 2757 altari
1214 2692 1425 2775 privilegiato

313 2778 570 2845 celebrarentur.

743 2867 813 2931 Pro
827 2866 994 2931 Paroclrr's.

358 3039 389 3103 Ιο
406 3039 622 3125 Privilegium
642 3042 758 3108 altaris
783 3043 968 3125 personalis
994 3042 1101 3107 tribus
1122 3042 1155 3106 in
1178 3042 1327 3125 qualibet
1341 3041 1422 3105 heb·

312 3142 460 3209 domada
488 3146 607 3210 diebus
620 3145 827 3227 ,dummodo
850 3146 950 3211 simili
966 3145 1142 3230 privilegio
1158 3146 1224 3210 alia
1247 3147 1290 3211 de
1304 3165 1422 3210 caussa

311 3266 378 3312 non
395 3248 619 3330 perfruantur.

356 3390 410 3455 110
426 3391 585 3458 Facultas
609 3391 833 3459 benedicendi
844 3400 942 3455 extra
953 3390 1082 3457 Urbem
1097 3389 1257 3469 Coronas,
1271 3390 1421 3467 Rosaria,

311 3492 445 3573 Cruces,
467 3494 667 3574 Crucifixos,
692 3514 814 3580 parvas
844 3505 975 3560 statuas
1005 3512 1044 3557 ac
1075 3493 1289 3571 numismata,
1305 3494 1421 3577 eisque

308 3600 504 3681 applicandi
527 3618 645 3664 omnes
676 3609 711 3666 et
737 3600 888 3683 singulas
916 3598 1151 3680 indulgentias,
1174 3619 1258 3681 quas
1286 3597 1418 3664 Summi

308 3704 489 3769 Pontifices
512 3705 703 3771 adtribuere
720 3704 839 3769 iisdem
856 3702 974 3781 solent,
992 3714 1028 3765 ut
1044 3702 1244 3767 describitur
1261 3704 1292 3765 in
1314 3720 1419 3785 appo·

307 3808 374 3871 sito
389 3807 531 3872 elencho
545 3830 553 3888 ;
568 3808 628 3873 sed
642 3809 881 3873 tantummodo
894 3806 1085 3871 exercenda
1107 3827 1168 3889 pro
1185 3807 1357 3871 sodalibus
1384 3807 1416 3869 in

308 3910 605 3977 Cousociationem
622 3913 770 3991 adscitis,
786 3913 842 3977 die
866 3933 934 3995 quo
954 3922 987 3975 1⁰
1002 3910 1175 3975 christiani
1201 3912 1290 3994 piam
1309 3910 1417 3993 ingre·

306 4016 447 4079 diuntur
471 4013 766 4081 Cousociationem
783 4035 790 4075 ε
809 4026 843 4081 et
870 4024 903 4079 2⁰
927 4014 1134 4079 sollemniter
1162 4025 1340 4079 renovetur
1360 4035 1417 4097 pa·

306 4126 399 4181 ctum
416 4115 694 4184 Cousociationis.
