3117 4859
1266 5 1536 176 ”1¹⁷

386 344 433 415 68
515 363 632 414 ausc.
654 363 785 416 nrosr.
807 353 829 380 ⁴⁴
850 363 1034 416 uurrarrs
1052 363 1326 416 cnnrsrrnuars.
1349 344 1366 366 ''

231 527 358 572 saneim
385 511 444 572 viri
469 509 693 574 sanctimonia
720 519 753 574 et
780 509 947 590 sapientia
974 509 1134 590 insignes.
1159 508 1193 572 in
1221 509 1274 570 his
1299 507 1486 590 Dionysius,

203 588 358 704 „gi-fif..
386 615 504 677 Petrus
515 612 882 695 martyr,Athanasius,
892 611 1130 696 Cyrillus;qui‚
1139 633 1185 676 ex
1196 614 1378 695 praeconio
1387 612 1484 676 sancti

207 718 294 766 “⁸⁸⁶¹
384 717 567 783 Caelestini
592 718 617 796 1,
640 737 774 800 semper
789 717 982 782 defensores
1003 717 1159 781 catholici
1184 718 1355 800 dogmatis
1371 718 1483 780 extite-

383 833 460 886 runt
471 821 523 904 (¹),
534 834 567 884 et
580 842 722 906 quorum
735 842 869 886 summa
885 841 962 886 cum
981 819 1143 886 Pontifice
1158 841 1300 885 romano
1314 820 1483 884 consensio

383 926 659 1010 auctoritatisque
682 927 753 990 eius
778 946 840 1010 par
866 926 1081 992 observantia
1106 925 1221 990 multis
1250 926 1348 988 sactis
1376 924 1484 988 elucet

265 1059 355 1092 necnon
383 1031 461 1095 Fuit
478 1031 580 1094 ctiam
597 1031 688 1112 apud
704 1031 899 1094 cathedram
918 1029 1025 1094 Marci
1041 1030 1157 1094 schola
1172 1029 1300 1094 electae
1316 1028 1483 1092 doctrinae

199 1107 282 1212 ’Ἥ
300 1105 357 1210 {g}
382 1134 449 1199 late
465 1135 691 1212 nobilissima;
717 1135 749 1197 in
775 1155 844 1216 qua
867 1136 934 1198 iarn
959 1144 1032 1199 tum
1057 1134 1167 1217 patuit
1188 1135 1270 1218 quid
1293 1134 1483 1216 disciplinae

232 1225 280 1271 “¹⁴
292 1237 356 1336 ’,ζζζ
381 1239 549 1303 humanae
566 1239 692 1302 utiliter
708 1240 838 1320 possint
861 1241 904 1302 ad
930 1239 1106 1302 veritatem
1131 1239 1281 1302 divinam
1308 1239 1381 1302 sive
1402 1236 1483 1300 illus·

226 1377 354 1424 Mum:
381 1345 536 1407 trandam
564 1344 635 1406 sive
655 1345 828 1420 tuendam,
854 1343 1011 1424 prudenti
1042 1343 1166 1406 iudicio
1196 1344 1395 1406 advocatae.
1422 1340 1481 1405 Sed

203 1438 355 1542 {222ssss
381 1447 499 1511 clarior
512 1457 684 1530 praeterea
700 1446 772 1510 laus
788 1447 949 1511 ecclesiae
964 1456 1106 1525 vestrae,
1121 1447 1307 1530 specimina
1323 1447 1483 1512 excelleu-

203 1561 340 1602 mserum
380 1553 424 1615 tis
445 1551 577 1616 virtutis
593 1549 772 1632 protulisse
786 1571 794 1628 ;
810 1551 843 1614 in
862 1570 1068 1634 omnemque
1087 1551 1320 1634 posteritatem
1339 1551 1483 1616 manabit

380 1675 495 1720 eorum
513 1656 675 1719 memoria
692 1658 748 1738 qui
765 1657 915 1719 desertas
932 1655 1083 1738 Aegypti
1099 1655 1299 1720 solitudines
1323 1657 1357 1718 in
1385 1656 1482 1719 domi·

379 1761 456 1824 cilia
471 1759 685 1842 evangelicae
698 1760 922 1842 perfectionis,
932 1763 1046 1843 magni
1057 1759 1202 1825 Antonii
1215 1761 1374 1824 instituto
1386 1760 1482 1824 admi-

218 1872 355 1978 mm
381 1863 486 1940 rabili,
496 1875 756 1930 commutarunt.
767 1902 812 1914 —
823 1864 951 1928 Infesta
962 1865 1149 1929 catholicae
1166 1865 1287 1928 unitati
1303 1883 1483 1928 successere

215 1996 295 2048 parua
305 1992 353 2037 uss-
381 1980 545 2052 tempora,
561 1989 667 2052 eaque
682 1970 740 2032 diu
754 1969 1012 2034 Alexandrinae
1027 1989 1163 2052 quoque
1177 1970 1340 2033 ecclesiae
1354 1968 1482 2033 calami-

203 2056 308 2109 “p‘m'
381 2083 454 2138 tosa
471 2097 478 2138 :
494 2093 560 2136 non
582 2071 719 2137 deluere
745 2085 858 2138 tamen
880 2093 926 2136 ex
950 2074 1024 2156 ipsa
1048 2073 1106 2157 qui
1129 2083 1330 2156 argumenta
1353 2075 1483 2137 ederent

381 2195 447 2240 non
461 2177 605 2240 obscura
622 2178 783 2259 pristinae
799 2179 1002 2259 repetendae
1018 2197 1179 2241 romanae
1196 2175 1272 2239 fidei
1289 2187 1323 2241 et
1339 2195 1482 2240 commu·

380 2282 500 2346 nionis.
529 2281 616 2345 Illud
643 2284 779 2364 quidem
806 2281 1103 2346 commemorabile
1127 2281 1192 2344 sub
1214 2283 1347 2345 exitum
1376 2280 1482 2362 magni

202 2412 354 2472 aucupato
381 2383 522 2452 Concilii
551 2386 747 2466 Florentini,
774 2406 878 2469 quum
906 2387 1080 2470 Eugenius
1102 2385 1154 2451 IV
1173 2387 1329 2449 decessor
1357 2387 1482 2460 Noster,

203 2472 353 2582 ζξζαξᾝ
380 2489 557 2572 splendida
574 2490 759 2573 Coptorum
786 2502 889 2574 atque
905 2490 1114 2572 Aethiopum
1142 2490 1311 2574 legatione
1333 2492 1483 2562 admissa,

203 2604 354 2708 fimf
378 2595 650 2658 Alexandrinam
668 2597 784 2659 sedem
800 2597 1021 2679 addictasque
1036 2607 1156 2678 gentes
1173 2595 1254 2660 Sedi
1268 2595 1481 2678 Apostolicae

233 2711 303 2754 nihil
316 2714 351 2754 ta·
379 2699 615 2778 reconciliavit,
625 2703 749 2783 magnii
760 2699 932 2764 Ecclesiae
941 2699 1078 2765 laetitia.
1089 2700 1204 2783 Atque
1214 2700 1344 2764 utinam
1357 2700 1480 2781 integra

202 2774 354 2874 adlmi-
380 2805 469 2886 apud
492 2823 549 2868 eas
571 2823 689 2868 omnes
706 2806 945 2886 permansisset
961 2806 1142 2868 concordia
1158 2817 1268 2887 pacta,
1283 2823 1396 2888 neque
1410 2803 1479 2867 alie·

203 2889 353 3003 Μῗιζζζ-ζ,
380 2908 526 2970 nationis
542 2929 680 2972 caussae
703 2929 815 2972 rursus
840 2909 980 2972 acerbae
1004 2909 1209 2974 incidissent.
1233 2909 1352 2971 Nihilo
1374 2919 1480 2972 tamen

209 3005 355 3123 fiffi‘g'effjf
381 3012 491 3074 minus
507 3013 625 3076 eodem
645 3013 877 3094 providentiae
893 3014 1109 3097 caritatisque
1124 3015 1238 3078 studio
1252 3015 1384 3077 romani
1403 3013 1480 3076 Pon·

202 3125 315 3171 volentia·
380 3113 486 3178 tifices
514 3117 547 3179 in
571 3116 741 3182 discordes
769 3115 854 3180 filios
877 3118 1103 3182 constiterunt
1125 3115 1237 3181 affecti
1251 3141 1259 3181 r
1273 3137 1403 3200 vosque
1425 3112 1480 3198 ipsi

380 3221 517 3283 nomina
542 3221 753 3303 potissimum
782 3221 830 3284 Pii
849 3221 910 3299 IV,
926 3219 1081 3304 Gregorii
1098 3221 1201 3300 x111,
1230 3223 1420 3287 Innocentii
1436 3217 1479 3282 XI

380 3333 414 3386 et
430 3323 514 3402 XII,
531 3324 715 3389 Clementis
728 3325 780 3389 XI
795 3327 943 3409 itemque
954 3317 1037 3405 XII,
1050 3325 1224 3391 Benedicti
1235 3326 1334 3403 XIV,
1348 3327 1397 3390 Pii
1409 3323 1481 3396 vu.
1547 3366 1552 3375 -

380 3427 413 3491 in
430 3428 549 3492 litteris
565 3430 684 3492 vestris
701 3431 887 3492 recoluistis
902 3441 1001 3512 grato
1016 3432 1131 3495 animo
1147 3440 1180 3495 et
1197 3433 1347 3494 memori.

216 3553 351 3620 Expertes
423 3533 480 3596 Ad
500 3531 571 3595 Nos
598 3534 688 3614 quod
716 3534 848 3610 attinet,
875 3536 1058 3599 iucundum
1086 3536 1259 3601 enimvero
1277 3546 1339 3612 est,
1356 3534 1479 3618 penitus

224 3615 353 3730 373ssssss
378 3636 474 3700 vobis
486 3636 619 3700 haerere
636 3638 670 3700 in
687 3637 818 3714 animis,
828 3647 865 3702 ut
877 3638 1033 3720 religiose
1042 3640 1248 3717 declarastis,
1257 3659 1315 3703 eas
1330 3644 1375 3704 de
1390 3639 1479 3702 rebus

222 3735 351 3848 {3355ss
378 3739 496 3802 vestris
518 3759 614 3803 curas
629 3759 714 3822 quas
738 3739 783 3804 ab
809 3741 906 3804 initio
929 3741 1144 3823 pontificatus
1167 3745 1387 3826 suscepimus,
1403 3740 1478 3805 mul·

200 3863 259 3896 ras:
377 3852 480 3926 toque
492 3854 541 3907 est
553 3844 729 3908 iucundius
743 3865 843 3908 nosse
854 3865 955 3927 quarn
970 3844 1059 3910 fideli
1072 3849 1200 3912 eisdem
1214 3851 1301 3912 curis
1313 3849 1478 3911 voluntate

377 3957 411 4012 ct
426 3967 528 4029 opera
545 3949 748 4031 respondere
759 3949 925 4014 nitamini.
939 3949 978 4013 Id
998 3951 1089 4015 enim
1106 3953 1140 4015 in
1157 3953 1273 4036 primis
1284 3963 1367 4016 esta
1378 3950 1476 4015 Nobis

376 4050 577 4127 consultum,
608 4063 645 4116 ut
675 4063 794 4134 aptum
820 4051 989 4118 haberetis
1020 4056 1225 4137 praesIdium
1256 4057 1301 4121 ab
1328 4053 1476 4121 Alumnis

222 4161 351 4265 §mg
377 4155 555 4221 Societatis
574 4156 670 4219 Iesu:
686 4155 743 4238 qui
768 4156 864 4219 vobis
888 4159 1012 4223 adsunt
1038 4180 1142 4243 quum
1159 4182 1329 4225 sacrarum
1346 4157 1475 4244 expedi-

195 4278 253 4334 μιν
377 4259 505 4323 tionum
523 4261 726 4336 muneribus,
739 4271 811 4322 turn
824 4262 958 4342 puerilis
968 4266 1088 4327 aetatis
1100 4265 1365 4342 institutionem
1376 4281 1474 4346 eoque
