3117 4859
202 1348 277 1449 Aa
342 1360 673 1433 &unumunurm
689 1354 795 1419 civilis
814 1358 996 1421 auctoritas
1011 1358 1044 1423 in
1062 1358 1202 1425 Brasilia
1217 1384 1329 1448 nuper
1345 1367 1448 1451 legem

202 1460 276 1523 1⁸94·
345 1438 370 1663 Ξ
550 1459 700 1535 ediderit,
722 1479 791 1542 qua
808 1460 981 1525 iuridicam
1005 1484 1182 1545 personam
1203 1488 1245 1531 ac
1269 1472 1451 1552 peculiaria

503 1588 529 1663 p
552 1564 623 1627 iura
646 1564 950 1628 consociationibus
977 1566 1011 1629 id
1029 1568 1280 1647 postulantibus
1297 1596 1336 1637 se
1359 1575 1447 1641 attri-

199 1648 317 1740 'biberitis'
343 1664 528 1739 &otwin
550 1669 706 1732 buturam
738 1667 912 1748 spondeat,
939 1668 1130 1753 Religiosae
1155 1683 1270 1739 tamen
1297 1678 1450 1753 familiae,

182 1755 316 1859 ’ᾝῇῗζ
342 1775 508 1858 Capitula,
524 1772 738 1850 Sodalttates,
754 1770 878 1854 aliique
898 1774 1135 1857 cuiuscumque
1146 1782 1281 1859 generis
1298 1784 1446 1847 ecclesia·
1549 1759 1550 1800 i

172 1874 315 1919 “sl‘tfffll·
341 1880 414 1944 stici
436 1890 551 1943 coetus
567 1875 726 1941 facultate
748 1897 808 1959 per
826 1896 900 1941 eam
916 1876 1025 1959 legem
1046 1900 1205 1945 concessa
1227 1886 1371 1950 arbitrio
1391 1907 1448 1950 suo
1549 1889 1550 1962 ξ

165 1933 201 1975 cir
210 1932 315 1981 lacuna·

160 1991 318 2098 rqffiqqqf
341 1984 399 2061 uti,
420 1994 518 2065 prout
534 1990 585 2046 est
606 1984 638 2045 in
666 1992 793 2063 aperto,
808 2001 853 2044 ex
877 2001 1038 2064 germana
1059 2005 1174 2049 eorum
1191 1999 1317 2053 natura
1341 1990 1447 2073 prohi-
1549 1973 1550 2002 ³

162 2114 316 2159 ,anamma
341 2090 469 2153 bentur.
491 2086 577 2153 Cum
594 2086 682 2149 enim
699 2086 863 2149 eiusmodi
879 2087 1033 2152 instituta
1047 2090 1098 2153 sui
1114 2090 1194 2155 iuris
1209 2112 1280 2156 non
1297 2093 1375 2172 sint,
1390 2093 1442 2157 sed
1549 2117 1550 2120 ¹

160 2172 300 2227 “mm'’
340 2193 384 2257 ab
400 2191 552 2257 Ecclesia
568 2190 671 2254 vitam
688 2209 910 2273 normamque
925 2200 1071 2270 teneant,
1086 2193 1127 2257 iis
1149 2194 1278 2260 debent
1294 2198 1444 2262 absolute

340 2298 486 2372 subesse,
512 2294 568 2378 qui
590 2294 698 2357 eidem
728 2295 895 2391 regendae
915 2316 961 2359 ex
988 2296 1101 2361 divina
1117 2299 1334 2365 institutione
1356 2322 1442 2385 prae·
1549 2293 1551 2374 ἐ

339 2402 439 2485 positi
467 2409 554 2476 sunt,
570 2399 613 2462 ab
638 2418 821 2482 eorumque
844 2400 1043 2465 auctoritate
1066 2402 1099 2465 in
1124 2424 1159 2465 re
1174 2407 1260 2469 tanti
1287 2406 1442 2470 momenti

339 2508 493 2589 pendere.
510 2504 665 2585 Cumque
675 2504 810 2583 insuper
827 2515 1014 2569 memorata
1028 2506 1134 2570 civilis
1153 2508 1211 2572 lex
1226 2509 1327 2591 plura
1342 2509 1440 2575 indul-

338 2620 426 2693 geat,
450 2628 536 2693 quae
561 2608 727 2689 cooptatis
755 2609 788 2669 in
806 2609 1049 2675 ecclesiasticos
1068 2621 1184 2676 coetus
1210 2613 1312 2679 iuxta
1336 2634 1442 2679 sacros

283 2702 288 2711 ’
337 2734 483 2778 canones
509 2733 574 2776 non
600 2713 747 2787 licerent,
770 2732 886 2776 eorum
913 2713 1052 2778 arbitrio
1076 2717 1225 2797 permitti
1253 2718 1439 2783 nullatenus

337 2828 488 2901 possunt,
502 2836 589 2901 quae
605 2818 639 2879 in
655 2818 853 2881 eorumdem
863 2827 1021 2881 coetuum
1033 2820 1213 2900 perniciem
1225 2842 1265 2885 ac
1276 2822 1440 2905 religionis

336 2924 575 2988 detrimentum
592 2930 875 2985 converterentur.

171 3052 307 3158 spientis,
380 3026 493 3111 Quare
519 3026 638 3092 Ssmus
665 3026 833 3089 Dominus
856 3024 980 3089 Noster
1005 3028 1076 3091 Leo
1101 3028 1164 3095 PP.
1188 3029 1292 3107 XIII,
1318 3052 1380 3115 pro
1405 3050 1440 3091 ea

179 3127 311 3219 magu}
336 3152 438 3215 quam
465 3131 550 3215 gerit
576 3130 727 3194 omnium
751 3130 967 3195 ecclesiarum
992 3132 1227 3212 sollicitudine,
1251 3138 1295 3200 ad
1324 3136 1439 3200 abusus
1548 3197 1550 3202 ,

168 3238 310 3285 praecam-
336 3236 503 3319 qnoslibet
530 3243 563 3299 et
581 3234 728 3316 pericula
752 3223 985 3316 praecavenda
1007 3256 1066 3319 per
1089 3236 1228 3303 Sacram
1253 3240 1438 3324 Congrega-
1548 3275 1550 3290 .

158 3290 312 3337 dormitu!-

180 3352 228 3455 ἐπ’
227 3357 273 3410 per
282 3354 308 3400 s.
337 3343 463 3406 tionem
489 3338 631 3405 Concilii
654 3358 694 3403 ea
717 3358 804 3422 quae
828 3350 1013 3423 sequuntur
1036 3341 1199 3407 declarari
1224 3362 1264 3407 ac
1291 3342 1435 3408 mandari

220 3424 311 3517 iffi.
336 3445 494 3510 decrevit.

192 3531 311 3576 amandari

197 3631 222 3667 ιο
234 3624 309 3692 ucn.
382 3601 405 3666 Ι.
423 3600 516 3665 Nulli
543 3618 587 3664 ex
604 3598 754 3683 superius
770 3600 966 3664 memoratis
993 3600 1134 3686 aliisque
1148 3604 1312 3682 coetibus,
1326 3605 1382 3688 qui
1395 3604 1437 3665 ab

165 3685 309 3790 15:225(ss
335 3704 560 3769 ecclesiastica
599 3705 799 3768 auctoritate
836 3715 1019 3789 utcumque
1055 3707 1261 3789 dependent,
1296 3708 1346 3772 las
1376 3708 1432 3770 erit

172 3802 311 3920 ww
334 3809 461 3892 absque
488 3810 623 3891 praevia
649 3818 682 3871 et
709 3828 870 3890 expressa
894 3808 1065 3873 Ordinarii
1095 3810 1231 3877 licentia
1255 3814 1431 3896 quidquam

166 3920 309 3994 ‘lampern-
334 3933 432 3995 agere
454 3915 495 3977 ad
519 3914 783 3996 recognitionem
806 3921 841 3976 et
863 3932 1041 3995 personam
1067 3916 1242 3981 iuridicam
1264 3934 1432 3998 assequen-

155 3994 308 4091 idaim
334 4018 412 4081 dam
427 4040 435 4081 :
451 4018 478 4080 si
502 4016 576 4100 quis
592 4028 708 4080 contra
729 4016 923 4081 huiusmodi
945 4030 1161 4103 praeceptum
1187 4021 1311 4098 fecerit,
1325 4018 1430 4083 statim
1547 4061 1549 4076 .

334 4120 532 4186 Ordinarius
556 4121 719 4185 eiusmodi
743 4130 838 4183 actus
853 4122 994 4187 iniustos
1017 4144 1099 4203 esse,
1119 4125 1231 4189 irritos
1253 4125 1428 4205 nulliusque

334 4224 454 4287 valoris
470 4224 661 4288 auctoritati
678 4224 765 4288 civili
782 4228 1003 4306 protestando
1019 4228 1208 4295 denunciet.

239 4383 266 4417 2⁰
280 4375 309 4420 de
379 4368 423 4429 11.
440 4368 507 4449 Qui
520 4388 597 4431 vero
613 4369 698 4433 clarn
712 4378 746 4433 et
762 4370 851 4433 mala
867 4369 933 4436 fide
948 4374 1057 4439 bacin
1074 4396 1108 4441 re
1123 4376 1250 4461 aliquid
1265 4373 1427 4459 gesserint.
