3117 4859
355 360 406 410 DE
434 358 593 411 SCHOLIS
622 362 662 411 IN
689 362 872 413 AMERICA.
1100 362 1171 434 159

71 534 164 598 quum
191 516 224 579 in
252 514 372 596 vulgus
395 515 586 597 importune
602 515 713 579 editae
728 522 850 591 essent,
865 514 1026 578 continuo
1039 514 1168 579 inflam-
1231 538 1311 626 ἡ

72 622 163 683 matis
177 620 300 683 animis
327 638 434 683 novae
458 618 592 683 excitae
610 628 689 683 sunt
714 620 970 697 controversiae,
985 640 1072 701 quae
1095 630 1167 684 tum
1233 638 1308 701 1893·

72 724 154 787 ialsis
169 723 509 807 interpretationibus,
525 732 598 787 tum
614 722 921 787 insimulationibus
938 723 1094 805 malignis
1110 744 1170 805 per
1191 752 1325 813 [κη-ηοω.

72 828 294 911 ephemerides
319 824 459 902 diffusis,
488 826 589 891 latius
613 825 816 909 graviusque
840 837 1047 894 exarserunt
1072 828 1168 891 Tunc
1195 817 1349 933 fflj'ff'·

71 935 197 1015 quidam
227 953 399 997 sacrorum
431 932 613 996 Antistites
642 932 788 1014 regionis
814 942 951 1009 vestrae,
977 934 1046 997 sive
1076 932 1168 1016 quod
1195 948 1349 1013 avegundi·

71 1037 371 1119 interpretationem
388 1055 488 1119 aegre
502 1034 627 1100 ferrent
642 1035 764 1119 quibus
780 1034 962 1099 nonnullae
978 1055 1022 1097 ex
1039 1034 1078 1098 iis
1094 1056 1169 1117 pro·
1195 1016 1243 1143 {¹22
1262 1030 1348 1129 :¹²2st

71 1140 282 1219 positionibus
293 1139 561 1221 explicabantur,
570 1140 641 1203 sive
652 1139 744 1222 quod
757 1138 962 1201 consectaria
973 1146 1171 1216 metuerent,
1195 1145 1348 1195 exortiscon-

72 1263 149 1325 quae
171 1243 249 1308 iride
276 1264 320 1307 ex
347 1244 495 1325 ipsorum
524 1242 691 1306 sententia
714 1243 757 1306 ad
784 1242 970 1306 animarum
987 1241 1167 1326 perniciem
1195 1218 1334 1339 ssffl'f*

71 1348 179 1411 deduci
189 1345 546 1430 possent,confidenter
554 1367 706 1411 caussam
721 1347 829 1411 Nobis
840 1356 1041 1427 aperuerunt
1054 1346 1169 1411 anxie·
1196 1344 1323 1455 suffl-

71 1452 241 1516 tatissuae
259 1453 332 1515 Nos
347 1459 460 1516 autem
487 1472 652 1516 memores
679 1453 867 1516 animarum
887 1452 1029 1515 salutem
1056 1471 1168 1533 supre·
1208 1424 1310 1521 ⁰110?ssss
1323 1489 1352 1522 re

72 1577 153 1621 marn
175 1578 247 1621 esse
274 1557 395 1641 legem,
422 1575 524 1638 quam
551 1556 623 1619 Nos
654 1556 820 1637 imprimis
845 1563 997 1637 spectare
1028 1563 1171 1636 oportet,
1187 1537 1321 1667 sffijjsffl

70 1658 225 1742 simulque
248 1670 407 1742 optantes
437 1679 563 1723 novum
590 1658 688 1724 vobis
713 1658 834 1723 offerre
858 1660 979 1741 pignus
1007 1658 1170 1723 sollicitae
1196 1670 1331 1734 quaesivit.

71 1764 207 1828 caritatis
233 1764 387 1843 Nostrae,
403 1749 679 1845 unumquemque
702 1764 872 1827 voluimus
899 1770 1060 1837 vestrum,
1082 1762 1171 1825 datis

71 1868 198 1952 privatis
221 1869 350 1947 litteris,
370 1889 468 1933 suum
492 1887 531 1932 ea
557 1869 660 1932 dere
686 1868 846 1931 iudicium
871 1866 1038 1930 liberrime
1063 1865 1171 1929 Nobis

72 1972 250 2051 patefacere
268 1998 275 2037 :
291 1973 382 2056 quod
398 1971 596 2055 singillatim
624 1994 644 2036 a
667 1972 763 2036 vobis
779 1980 892 2036 actum
916 1979 967 2034 est
984 1971 1170 2052 diligenter.

111 2073 210 2138 Hisce
232 2076 305 2139 Nos
320 2075 480 2159 expensis
496 2075 625 2154 litteris,
642 2072 738 2138 facile
753 2075 989 2157 comperimus,
1005 2073 1169 2156 quosdam
1265 2086 1351 2164 Variis
1442 2138 1443 2141 ,

73 2198 110 2241 ex
124 2180 215 2244 vobis
231 2180 314 2243 nihil
330 2179 471 2244 omnino
485 2180 519 2243 in
536 2180 584 2243 eis
594 2180 674 2262 ipsis
687 2179 972 2263 propositionibus
984 2176 1170 2259 deprehen·
1197 2158 1322 2281 zm?

72 2281 151 2347 disse
165 2286 254 2366 quod
271 2286 401 2349 timoris
417 2302 569 2346 caussam
583 2281 716 2347 afferret
731 2305 739 2362 ;
755 2284 958 2367 quibusdam
974 2302 1053 2346 vero
1064 2282 1170 2345 videri
1196 2283 1349 2397 {Iglffll'

73 2406 125 2465 per
137 2408 192 2451 eas
207 2390 453 2470 propositiones
469 2412 514 2456 ex
532 2402 626 2474 parte
642 2393 840 2475 abrogatam
858 2392 940 2475 legis
956 2390 1169 2473 disciplinam
1196 2416 1348 2477 pretatione

73 2491 390 2576 scholasticae,quam
408 2496 537 2580 Synodi
550 2497 811 2562 Baltimorenses
823 2496 1171 2577 sanxerunt,adeoque
1194 2480 1351 2611 {223le

73 2594 220 2661 iniectum
237 2599 302 2663 sibi
317 2619 392 2665 esse
416 2610 543 2665 metum
571 2622 612 2665 ne
633 2602 763 2667 diversa
789 2599 920 2664 illarum
938 2599 1172 2680 interpretatio
1199 2611 1302 2661 sitiones
1321 2612 1351 2659 in

73 2700 171 2765 tristia
186 2700 271 2767 soret
287 2703 436 2785 paritura
452 2702 600 2783 dissidia,
615 2706 705 2769 unde
721 2705 856 2769 scholae
872 2704 1059 2769 catholicae
1074 2724 1173 2787 cape·
1199 2692 1310 2791 {2222}
1324 2758 1350 2790 a·

73 2813 140 2869 rent
153 2806 364 2873 detrimenta.
1201 2808 1326 2884 liqnqcnqa

112 2908 193 2973 Rem
220 2912 328 2975 Nobis
353 2912 500 2994 graviter
519 2912 794 2996 ponderantibus,
809 2912 961 2997 profecto
977 2930 1172 2993 persuasum
1200 2874 1344 2987 fflg'ff,

73 3020 118 3074 est
130 3012 320 3079 huiusmodi
336 3012 628 3096 interpretationes
641 3013 767 3077 alienas
783 3032 918 3095 prorsus
935 3030 1008 3075 esse
1024 3032 1043 3075 a
1060 3020 1174 3075 mente
1201 3004 1325 3117 srmo-

73 3110 218 3197 Delegati
236 3115 362 3193 Nostri,
374 3124 412 3178 ut
429 3113 585 3177 nimirum
598 3134 618 3177 a
630 3114 798 3177 sententia
809 3116 925 3199 procul
943 3116 1067 3179 absunt
1075 3114 1174 3177 huius
1202 3135 1279 3193 remi,
1292 3134 1354 3181 arte*

73 3213 284 3297 Apostolicae
309 3218 416 3284 Sedis.
434 3216 524 3282 Sane
549 3218 749 3299 praecipuae
764 3219 809 3281 ab
824 3239 865 3282 eo
881 3217 1006 3281 allatae
1022 3217 1174 3300 proposi·
1202 3214 1341 3313 zm?

73 3318 172 3384 tiones
194 3341 212 3385 e
237 3323 382 3386 decretis
409 3322 548 3384 haustae
575 3328 654 3383 sunt
670 3318 812 3385 Concilii
830 3320 1084 3385 Baltimorensis
1110 3321 1175 3397 Ill,
1202 3336 1283 3378 meme
1302 3330 1353 3379 De-

73 3430 282 3508 statuuntque
298 3424 462 3507 imprimis
478 3423 709 3506 provehendas
724 3445 798 3489 esse
813 3425 1057 3490 studiosissime
1079 3424 1175 3487 scho·
1202 3395 1353 3510 ξξζΐὲζῗξῗ

73 3524 116 3588 las
129 3528 319 3606 catholicas,
335 3526 524 3609 iudicioque
548 3537 583 3590 et
607 3526 831 3593 conscientiae
852 3528 1176 3610 Ordinariipermit·
1202 3526 1356 3656 mm

73 3632 213 3710 tendum,
228 3632 285 3716 qui
312 3653 374 3715 pro
398 3652 433 3696 re
458 3641 537 3696 nata
562 3631 721 3695 decernat
736 3633 874 3715 qnando
902 3633 952 3696 ias
973 3632 1109 3696 neiasve
1132 3635 1175 3697 sit
1203 3658 1275 3706 Sedis
1284 3664 1343 3717 ;ar-

73 3731 197 3798 scholas
222 3735 374 3817 publicas
398 3734 500 3799 adire.
527 3735 682 3798 Iamvero
705 3736 732 3798 si
757 3737 877 3819 quovis
902 3737 935 3801 in
949 3756 1103 3801 sermone
1127 3737 1174 3799 sic
1202 3721 1354 3853 {ww

74 3839 259 3920 accipienda
273 3848 353 3904 sunt
379 3859 419 3902 ea
445 3858 532 3922 quae
547 3838 670 3902 suerint
686 3840 861 3905 enuntiata
876 3840 1051 3924 posterius,
1076 3849 1112 3904 ut
1135 3841 1176 3904 iis
1203 3855 1355 3917 larumpro-

74 3953 261 4024 congruant,
277 3963 344 4007 non
371 3945 597 4021 adversentur,
623 3963 709 4026 quae
734 3954 834 4008 antea
861 3945 929 4010 sint
952 3945 1052 4021 dicta,
1075 3945 1175 4027 plane
1200 3926 1357 4033 {mm

74 4044 208 4111 dedecet
218 4068 279 4113 nec
294 4068 441 4131 aequum
457 4058 508 4113 est
523 4049 571 4114 ita
581 4050 728 4113 secunda
743 4050 906 4131 explicari
922 4058 959 4113 ut
975 4069 995 4112 a
1011 4048 1176 4130 prioribus
1204 4050 1356 4099 riamomnr.

75 4146 264 4233 discrepent.
282 4152 390 4234 quue
405 4172 446 4215 eo
461 4152 515 4216 vel
531 4153 639 4235 magis
653 4153 764 4217 valere
776 4154 878 4218 debet
894 4153 984 4236 quod
1001 4152 1177 4217 scribentis
1203 4116 1354 4229 amm.

77 4267 162 4315 mens
177 4252 269 4319 nullo
285 4255 388 4319 modo
403 4255 524 4320 lateret
537 4256 687 4321 obscura.
713 4256 888 4341 Siquidem
906 4278 1009 4343 quum
1026 4258 1176 4342 proposi·
1204 4246 1363 4375 2231&

79 4350 247 4421 tiones-ille
261 4358 423 4441 proferret
437 4380 515 4424 suas
527 4360 561 4425 in
573 4361 747 4443 spectabili
759 4374 857 4428 coetu
871 4362 1178 4443 Neo-Eboracensi
1258 4370 1260 4373 ’
1347 4349 1361 4368 ''
