3117 4859
298 326 368 396 282
458 347 641 401 artsrocn
666 349 898 403 nrosrocrcn
928 339 949 366 “
969 348 1201 403 panaceam.
1218 330 1237 355 ''

192 508 273 585 cmm
297 502 481 565 travimus:
508 520 617 583 neque
640 502 780 566 victoria
803 502 930 565 incerta
946 522 987 565 eo
1003 500 1185 567 fidentibus
1199 502 1295 579 duce,
1309 501 1406 566 cuius

136 573 271 703 „2232ssss
298 614 425 688 perstat
440 606 554 669 divina
570 626 659 670 vox:
681 604 755 689 Ego
769 606 837 669 vici
850 605 1011 669 mundum
1026 606 1039 689 (
1057 608 1078 689 ).

119 705 167 753 1¹⁴¹·
341 710 497 792 Utroque
511 710 655 792 depulso
670 711 829 792 periculo,
845 710 1074 793 restitutisque
1089 710 1133 777 ad
1150 710 1228 775 fidei
1239 710 1405 774 unitatem

128 804 155 855 Π
173 803 272 927 ἓῖῑῑὲ
298 816 446 897 imperiis
472 826 506 879 ct
530 816 732 893 civitatibus,
757 816 878 880 mirum
895 836 998 899 quam
1015 814 1135 881 efficax
1152 815 1318 881 medicina
1335 835 1408 879 ma-

118 944 167 1005 nis,
180 960 212 993 ex
230 944 271 993 Fi·
299 920 405 985 lorum
430 929 464 983 et
491 930 619 1003 quanta
644 920 809 984 bonorum
833 922 930 1004 copia
947 932 1107 987 manaret.
1125 920 1308 1003 Praecipua
1324 919 1408 982 libet

118 1009 160 1086 dei
174 1009 271 1085 ”¹3⁵³oe
298 1024 472 1106 attingere.

119 1084 230 1125 Ollium·

189 1166 272 1215 Ecca-
343 1130 493 1193 Pertinet
519 1131 664 1212 primum
690 1131 734 1193 ad
761 1129 964 1211 dignitatem
990 1150 1030 1195 ac
1058 1150 1197 1194 munera
1213 1128 1408 1195 Ecclesiae:

119 1232 273 1347 ’1ιὲἴὲξέ
292 1254 387 1316 quae
401 1234 537 1316 quidem
549 1244 723 1315 receptura
733 1244 822 1297 esset
832 1233 968 1297 honoris
978 1234 1121 1315 gradum
1132 1233 1409 1313 debitum,atque

119 1363 223 1412 deretur
232 1362 272 1411 lo·
299 1349 361 1403 tter
376 1358 474 1401 suum
492 1348 525 1403 et
541 1338 668 1402 invidia
682 1356 827 1401 vacuum
843 1349 877 1401 et
895 1338 1051 1403 libertate
1064 1340 1231 1403 munitum
1244 1346 1410 1420 pergeret,

121 1429 274 1545 ”ming
299 1442 498 1508 administra
513 1442 729 1525 evangelicae
745 1444 897 1505 veritatis
914 1452 947 1507 et
963 1444 1092 1525 gratiae
1105 1465 1113 1522 ;
1128 1443 1230 1525 idque
1245 1442 1411 1524 singulari

160 1510 271 1619 ltrer‘rqas,
299 1566 375 1609 cum
401 1546 509 1609 salute
536 1546 719 1611 civitatum.
748 1546 800 1609 Ea
825 1546 915 1610 enim
943 1564 1021 1610 cum
1048 1547 1208 1629 magistra
1223 1546 1267 1609 sit
1284 1557 1319 1610 et
1333 1546 1410 1609 dux

121 1626 276 1754 ,5222ssss
300 1649 476 1712 hominum
500 1648 614 1731 generi
630 1669 650 1712 a
667 1650 743 1713 Deo
757 1650 850 1725 data,
866 1649 1016 1713 conserte
1031 1670 1169 1733 operam
1186 1659 1298 1733 potest
1314 1668 1411 1730 prae-

121 1756 276 1835 adsumus,
302 1752 400 1835 cipue
423 1754 715 1818 accommodatam
744 1754 903 1817 maximis
929 1764 1119 1837 temporum
1136 1754 1413 1819 conversionibus

122 1821 276 1937 ffiissssf,f²'
301 1860 334 1923 in
351 1878 530 1923 commune
546 1860 671 1923 bonum
688 1861 926 1941 temperandis,
941 1863 1067 1925 caussis
1079 1861 1131 1925 vel
1144 1858 1413 1943 impeditissimis

301 1973 491 2043 opportune
510 1964 716 2041 dirimendis,
731 1974 823 2029 recto
839 1966 1004 2046 iustoque,
1021 1985 1106 2047 quae
1124 1962 1314 2028 firmissima
1329 1975 1413 2027 sunt
1439 2018 1442 2028 .

302 2073 523 2138 fundamenta
539 2075 751 2158 reipublicae,
768 2078 994 2158 provehendo

211 2200 274 2251 om
346 2178 517 2241 Praeclara
548 2180 669 2242 deinde
699 2180 945 2245 coniunctionis
972 2180 1059 2269 inter
1086 2182 1240 2243 nationes
1262 2179 1413 2243 accessio

124 2266 277 2397 mssjf
302 2281 403 2360 fieret,
420 2285 643 2348 desideranda
659 2286 810 2348 maxime
821 2286 884 2348 hoc
896 2295 1058 2367 tempore,
1068 2286 1110 2349 ad
1125 2293 1232 2349 taetra
1241 2283 1407 2348 bellorum

124 2404 209 2447 nostro
216 2370 275 2447 remi
302 2378 496 2442 discrimina
512 2381 753 2461 praecavenda.
769 2418 813 2428 -
829 2379 921 2444 Ante
937 2379 1053 2444 oculos
1070 2380 1234 2443 habemus
1253 2378 1409 2459 Europae

121 2465 275 2579 pm&
303 2491 463 2564 tempora.
492 2483 620 2546 Multos
646 2483 714 2546 iam
741 2504 848 2548 annos
874 2485 949 2567 plus
974 2485 1087 2567 specie
1112 2486 1144 2547 in
1172 2502 1255 2566 pace
1278 2482 1413 2557 vivitur,

125 2594 278 2653 raucam,
304 2611 405 2675 quam
431 2614 474 2656 re.
500 2592 728 2655 insidentibus
754 2593 1001 2675 suspicionibus
1025 2594 1159 2670 mutuis,
1175 2591 1327 2674 singulae
1342 2590 1413 2653 iere

143 2665 278 2788 mim
304 2705 424 2779 gentes
447 2707 591 2779 pergunt
615 2696 768 2761 certatim
797 2698 960 2761 instruere
985 2716 1059 2760 sese
1085 2708 1250 2779 apparatu
1281 2692 1413 2757 bellico.

22 2824 25 2829 ·
127 2789 209 2840 ⁶²W⁶⁰
226 2806 278 2840 ’Μ-
307 2798 502 2880 improvida
528 2799 792 2863 adolescentium
819 2810 912 2863 aetas
937 2800 1054 2883 procul
1078 2809 1255 2881 parentum
1271 2797 1415 2863 consilio

127 2858 278 2971 „iiim
307 2902 567 2985 magisterioque
591 2904 625 2967 in
654 2902 801 2986 pericula
824 2905 970 2969 truditur
985 2904 1073 2969 vitae
1091 2904 1264 2967 militaris:
1279 2900 1415 2965 validis·

305 3008 392 3071 sima
407 3007 512 3090 pubes
528 3007 571 3070 ab
588 3026 743 3090 agrorum
762 3008 902 3085 cultura,
918 3028 937 3071 a
953 3009 1073 3073 studiis
1088 3008 1237 3090 optimis,
1252 3026 1272 3070 a
1289 3024 1415 3070 merca·

305 3113 398 3192 turis,
434 3114 478 3176 ab
508 3111 667 3189 artificiis,
694 3113 736 3175 ad
770 3133 863 3177 arma
894 3113 1091 3179 traducitur.
1122 3114 1216 3177 Hinc
1246 3112 1415 3176 exhausta

307 3200 439 3300 magnis
466 3216 657 3298 sumptibus
684 3216 820 3293 aeraria,
837 3218 972 3281 attritae
988 3219 1164 3283 civitatum
1180 3238 1272 3300 opes,
1287 3213 1415 3279 afflicta

221 3340 227 3351 ¹
308 3321 442 3385 fortuna
473 3322 705 3402 privatorum:
736 3323 872 3405 iamque
902 3342 951 3397 ea,
982 3342 1069 3406 quae
1101 3342 1188 3385 nunc
1221 3332 1280 3397 est,
1311 3318 1416 3384 veluti

309 3426 481 3508 procincta
505 3445 574 3508 pax
599 3425 725 3489 diutius
753 3425 828 3489 ierri
854 3447 921 3490 non
948 3436 1068 3509 potest.
1096 3425 1212 3490 Civilis
1240 3426 1417 3489 hominum

309 3527 553 3591 coniunctionis
584 3528 732 3593 talemne
763 3548 836 3591 esse
867 3534 987 3594 natura
1014 3534 1166 3594 statum?
1200 3530 1306 3612 Atqui
1338 3528 1417 3590 binc

132 3602 282 3717 imffle'f
309 3632 459 3709 evadere,
474 3640 507 3694 et
524 3652 641 3713 pacem
658 3634 726 3695 veri
742 3634 889 3696 nominis
905 3633 1055 3716 adipisci,
1072 3634 1134 3695 nisi
1152 3632 1240 3698 lesu
1258 3632 1418 3697 CHRIST1

133 3749 190 3783 ram
199 3740 285 3796 genes
310 3731 482 3808 beneficio,
506 3752 572 3795 non
590 3754 777 3815 possumus.
796 3736 931 3801 Etenim
949 3734 993 3799 ad
1010 3737 1241 3814 ambitionem,
1257 3738 1299 3799 ad
1316 3755 1417 3817 appe-

132 3810 284 3928 ,umssi
311 3838 451 3899 tentiam
477 3835 587 3914 alieni,
613 3837 656 3900 ad
681 3840 943 3905 aemulationem
969 3840 1202 3917 cohibendam,
1229 3848 1422 3922 quaesunt

134 3933 287 4058 pssimi
314 3942 485 4004 maximae
514 3940 676 4005 bellorum
702 3942 802 4021 iaces,
828 3945 1011 4009 christiana
1038 3945 1161 4009 virtute
1189 3942 1422 4025 imprimisque

136 4062 284 4127 tibeneficn.
314 4045 450 4123 iustitia,
475 4044 557 4107 nihil
582 4054 633 4109 est
657 4048 789 4130 aptius:
812 4050 906 4112 cuius
923 4050 1028 4131 ipsius
1044 4050 1175 4114 virtutis
1194 4067 1332 4112 munere
1348 4057 1424 4109 tum

316 4150 388 4213 iura
410 4150 562 4232 gentium
587 4159 621 4214 et
648 4150 825 4234 religiones
842 4153 1014 4219 foederum
1032 4154 1163 4237 integra
1179 4172 1253 4217 esse
1269 4162 1429 4235 possunt,

348 4364 367 4395 1.
388 4349 468 4401 locu,
483 4358 538 4402 xvr,
557 4362 593 4407 33.
