3117 4859
360 352 432 438 346
714 364 836 414 rnnux
864 364 1116 415 nnanurtcus.

357 537 466 590 bonurn
477 536 603 606 postulat
621 536 768 604 utriusque
780 534 933 605 potestatis
946 532 1133 589 concordiam
1146 534 1272 589 280281.
1284 564 1320 573 -
1331 536 1458 603 Magnum
1554 524 1555 529 '

358 622 459 677 unitati
472 622 626 679 discrimen
639 622 787 695 impendet
800 638 818 677 a
835 634 915 675 secta
927 622 1100 690 massonica,
1113 638 1186 691 quae
1196 623 1333 677 audacter
1341 623 1397 693 jam
1414 638 1460 692 per
1553 684 1555 701 ι

358 720 450 765 totnm
467 714 567 767 orbem
586 722 741 781 grassatur,
753 727 860 766 nomen
875 710 1069 765 Christianum
1088 712 1270 766 omnimodo
1289 712 1459 782 impugnans,
1553 706 1555 733 ³

357 799 500 856 hnmanae
508 799 593 853 simul
604 810 634 855 et
646 800 762 855 divinae
771 799 928 853 adversans
938 798 1083 869 potestati,
1096 798 1242 869 soliusque
1254 812 1372 855 naturae
1381 799 1460 855 cultui
1554 832 1555 889 1

356 887 473 943 addicta
481 888 748 944 alla-Cavendum
755 886 874 942 omnino
884 888 921 941 ab
931 886 1018 957 impia
1029 898 1116 941 secta.
1124 888 1243 943 Nefaria
1252 888 1342 958 ipsius
1351 888 1462 944 consilia
1554 946 1555 951 χ

358 977 439 1029 Deus
452 975 611 1044 prohibeat,
617 976 776 1045 jugumque
786 974 1019 1043 indignissimum
1030 974 1154 1029 excutiat
1164 975 1336 1031 christianus
1349 978 1461 1047 populus
1554 984 1555 1045 1

357 1063 484 1117 281282.
506 1092 541 1101 -
565 1064 593 1117 Il
619 1064 710 1119 Pars:
733 1064 780 1118 De
796 1062 890 1131 bonis,
912 1079 945 1117 ex
960 1062 1042 1116 Fidei
1061 1063 1170 1118 unitate
1185 1064 1306 1119 orituris
1322 1065 1462 1120 Ecclesiae
1554 1070 1555 1125 ζ

356 1162 425 1205 tunc
444 1152 559 1207 debitus
580 1151 747 1207 redderetur
768 1152 871 1219 honor,
894 1150 1104 1221 ministeriique
1123 1150 1248 1220 libertas,
1271 1168 1328 1224 qua
1347 1154 1460 1207 multum
1554 1160 1555 1203 ῑ

357 1250 455 1310 posset
477 1240 515 1295 ad
536 1239 659 1294 salutem
681 1238 811 1295 conferre
825 1239 975 1293 civitatum
989 1238 1048 1295 282.
1063 1267 1099 1277 -
1112 1240 1247 1294 Gentium
1261 1240 1340 1295 fieret
1353 1242 1463 1311 conjun-

357 1327 424 1395 ctio,
434 1339 533 1382 nostro
545 1337 675 1397 tempore
684 1326 809 1381 maxime
822 1325 1022 1394 desideranda,
1037 1342 1103 1381 curn
1117 1337 1159 1382 tot
1172 1343 1207 1381 ex
1217 1338 1358 1397 apparatu
1367 1328 1462 1383 bellico

358 1416 436 1469 mala
455 1415 624 1484 proveniant
637 1416 697 1468 282.
710 1442 744 1453 -
762 1413 870 1467 Pacem
889 1414 964 1467 inter
983 1430 1015 1469 se
1034 1430 1132 1468 veram
1150 1424 1251 1483 gentes
1270 1430 1329 1469 non
1349 1428 1460 1484 possunt

357 1500 478 1571 adipisci
488 1501 620 1571 nisiJeso
630 1500 734 1555 Christi
744 1500 884 1556 beneficio
898 1499 1024 1569 282-283.
1038 1529 1074 1540 -
1085 1502 1152 1555 Non
1162 1510 1273 1556 tanturn
1285 1501 1364 1569 foris,
1378 1503 1426 1558 sed
1437 1512 1462 1556 et

357 1588 435 1642 dorni
449 1605 550 1658 pacem
563 1588 689 1643 firmaret
701 1589 797 1643 unitas
817 1588 908 1655 Fidei,
921 1589 1027 1659 quippe
1039 1604 1114 1658 quae
1127 1604 1231 1643 causae
1242 1590 1344 1643 sociali
1353 1605 1460 1645 necnon

353 1675 488 1743 politicae
500 1674 679 1730 dirimendae
690 1674 937 1746 opportunissima
949 1684 994 1731 est
1005 1675 1104 1743 283.-
1113 1676 1159 1731 De
1167 1676 1364 1731 sorialr‘causa
1372 1689 1460 1733 actum

357 1768 401 1810 est
415 1757 443 1811 in
457 1758 507 1813 litt.
522 1759 631 1827 encycl.
645 1760 681 1812 de
692 1758 857 1813 conditione
870 1758 1050 1829 opificum—
1065 1758 1098 1811 In
1109 1774 1139 1812 re
1148 1758 1265 1826 politica
1273 1759 1358 1814 docet
1370 1762 1461 1815 Eccle-

357 1842 400 1898 sia
413 1844 556 1917 principes
570 1858 646 1901 recte
659 1862 757 1915 gerere
770 1856 943 1916 potestatem
957 1844 1025 1915 ipsis
1039 1863 1056 1899 a
1073 1848 1137 1900 Deo
1156 1846 1340 1901 commissam
1355 1848 1463 1904 :subdi
1553 1838 1555 1863 *

358 1932 395 1986 tis
403 1950 470 1987 vero
480 1934 604 1989 inculcat
612 1933 742 1988 debitum
752 1933 923 2005 obsequium
929 1932 1121 2003 principi,Dei
1131 1950 1285 2004 personam
1297 1936 1397 2004 agenti
1407 1936 1460 2003 283.

357 2022 537 2077 -Ecclesia
549 2022 659 2093 optima
676 2022 854 2077 conciliatrix
875 2033 918 2077 est
937 2022 1111 2077 concordiae
1128 2021 1290 2093 principum
1302 2041 1338 2080 ac
1351 2026 1463 2096 populo·

357 2125 420 2161 rum
433 2110 493 2176 283.
507 2138 542 2149 -
562 2109 650 2165 Laete
662 2109 825 2165 considerat
845 2108 975 2164 Pontifex
988 2121 1057 2179 quot
1070 2126 1105 2164 ex
1118 2110 1250 2166 restituta
1264 2110 1345 2165 Fidei
1359 2112 1462 2166 unitate

357 2209 530 2265 proventura
542 2208 640 2252 essent
654 2198 731 2252 bona
749 2198 795 2251 vel
808 2197 879 2268 ipsis
893 2198 1006 2253 incultis
1019 2197 1153 2267 gentibus
1167 2216 1174 2251 1
1187 2198 1315 2253 veritatis
1328 2199 1464 2271 siquidem

357 2284 600 2353 humanitatisque
612 2284 719 2351 lumen,
731 2284 884 2354 quominus
906 2284 943 2339 ad
963 2294 1089 2339 remotos
1111 2284 1317 2341 diffunderetur
1338 2286 1463 2356 populos,

359 2369 505 2441 impedivit
518 2389 575 2425 non
589 2370 709 2427 minima
721 2388 755 2427 ex
770 2381 850 2441 parte
869 2371 1013 2427 discordia
1031 2372 1148 2427 saeculo
1169 2372 1240 2427 XVl
1259 2384 1322 2429 orta
1344 2373 1464 2443 283·284

358 2488 394 2497 -
408 2459 615 2514 Restituendae
631 2459 811 2526 concordiae,
825 2476 859 2514 ac
872 2458 983 2514 veritati
997 2460 1054 2515 late
1068 2460 1280 2530 propagandae,
1290 2460 1465 2532 opportunis·

360 2544 434 2599 sima
445 2546 587 2601 advenere
604 2556 735 2617 tempora
748 2546 875 2615 284·285.
888 2576 923 2585 —
936 2548 1025 2617 Spem
1038 2563 1153 2601 ornnem
1164 2546 1254 2602 felicis
1267 2546 1306 2601 rei
1320 2550 1421 2617 exitus,
1439 2549 1464 2601 in

358 2633 427 2701 Jesu
441 2634 552 2702 reponit
566 2634 705 2703 Pontifex,
723 2634 929 2704 Principesque
941 2644 1023 2704 rogat
1037 2644 1067 2689 ut
1080 2635 1153 2690 haec
1166 2635 1346 2707 perpendant
1362 2636 1465 2691 monita

360 2720 394 2774 28
399 2734 420 2789 5.
429 2750 464 2761 -
474 2722 636 2777 Memorata
649 2722 803 2793 superioris
813 2722 920 2777 saeculi
928 2722 1152 2793 perturbatione,
1161 2734 1277 2794 exoptat
1292 2736 1321 2781 ut
1334 2740 1465 2796 praesens

360 2810 397 2864 ad
411 2810 643 2867 hnemdeveniat
657 2822 738 2867 aetas
752 2811 825 2866 inter
837 2810 1010 2867 concordiae
1020 2810 1109 2881 initia,
1123 2812 1282 2883 opitulante
1297 2816 1362 2869 Deo
1376 2814 1434 2883 285.

395 2920 447 2970 53.
463 2921 671 2971 EPISTOLA
686 2923 729 2972 ad
748 2921 1019 2983 Archleplsoopos
1039 2926 1068 2971 et
1082 2922 1261 2984 Eplsoopos
1280 2922 1383 2971 Brasi-

359 3006 423 3057 llae
437 3008 475 3056 de
488 3007 642 3069 augenda
656 3020 690 3059 re
702 3008 887 3057 christiana
901 3008 935 3056 ln
951 3007 1102 3057 Brasllla.
1120 3030 1155 3041 -
1165 3008 1185 3056 2
1194 3008 1279 3059 ι111111
1288 3008 1381 3059 1894.

1319 3108 1384 3161 pag.
1421 3088 1468 3143 286

396 3194 578 3263 Amplificata
591 3211 608 3249 a
622 3193 759 3249 Pontifice
773 3192 933 3248 hierarchia
947 3192 976 3247 in
996 3192 1128 3262 Brasilia,
1138 3194 1198 3264 jam
1220 3192 1287 3249 licet
1305 3192 1465 3248 Pastoribus

360 3280 523 3350 vigilantius
533 3284 613 3353 gregi
626 3294 655 3338 et
667 3284 745 3339 clero
757 3282 923 3354 prospicere
937 3284 997 3337 286.
1009 3312 1042 3323 -
1050 3284 1144 3338 Aucto
1155 3284 1364 3355 Episcoporum
1375 3299 1467 3338 nume

360 3385 401 3436 ro,
414 3371 605 3425 adhibeantur
625 3387 641 3425 a
659 3370 777 3439 singulis
798 3370 926 3435 remedia
939 3370 1022 3424 malis
1035 3369 1170 3425 tollendis
1184 3380 1345 3440 opportuna
1357 3370 1418 3425 286.
1438 3396 1469 3407 -

360 3456 408 3511 Ad
420 3457 569 3513 scientiam
583 3458 771 3513 informentur
784 3458 916 3511 homines
930 3456 1004 3512 sacri
1018 3457 1137 3523 ordinis,
1150 3456 1264 3529 sintque
1276 3473 1388 3511 morum
1407 3472 1466 3511 san·

361 3544 459 3599 ctitate
479 3546 636 3615 conspicui,
659 3556 688 3600 ut
707 3547 797 3601 verbo
816 3544 951 3600 traditam
970 3544 1131 3601 doctrinam
1150 3546 1281 3615 exemplo
1302 3546 1466 3601 confirment

362 3630 487 3698 286-287.
499 3664 535 3672 -
549 3635 605 3704 Qui
626 3632 767 3702 paroeciis
786 3644 931 3703 praesunt,
946 3650 1027 3687 suurn
1050 3632 1175 3688 officium
1188 3632 1408 3701 diligentissime
1419 3633 1467 3687 int·

362 3719 467 3788 pleant,
483 3721 665 3789 Superiorum
677 3722 765 3775 ductu
777 3721 838 3786 287.
852 3750 887 3760 -
902 3721 1031 3774 Maxima
1043 3720 1080 3774 sit
1094 3737 1162 3775 cura
1173 3720 1327 3791 Episcopis
1336 3720 1373 3775 de
1382 3719 1467 3775 Semi-

362 3806 458 3874 nariis,
472 3806 500 3860 in
509 3808 613 3877 quibus
621 3808 749 3878 magistri
759 3808 944 3864 scientiarum
958 3818 1046 3878 atque
1056 3808 1172 3879 pietatis
1181 3822 1363 3864 assumantur
1372 3802 1467 3880 optimi

362 3893 489 3958 287-288.
503 3924 535 3934 —
552 3897 586 3949 In
599 3895 838 3951 dioecesibusubi
851 3898 930 3952 nulla
943 3896 1038 3951 adhuc
1058 3894 1220 3951 Seminaria
1233 3896 1365 3963 existunt,
1375 3904 1468 3951 curent

362 3982 514 4037 Antistites
527 3992 557 4036 ut
570 4000 605 4037 ea
617 3984 827 4055 quamprimum
838 3983 1049 4039 constituantur
1066 3984 1126 4040 288.
1140 4012 1175 4023 -
1189 3984 1312 4039 Romam
1326 3983 1469 4039 mittantur

362 4069 495 4139 egregiae
508 4070 569 4140 spei
579 4071 778 4127 adolescentes
792 4072 820 4127 in
829 4071 951 4142 collegio
961 4072 1130 4126 clericorum
1140 4070 1291 4126 Americae
1305 4070 1468 4127 meridiona-

363 4156 398 4212 lis
412 4158 578 4212 instituendi
592 4158 652 4213 288.
661 4187 696 4198 -
712 4160 921 4215 lnstaurandae
934 4160 1136 4214 observantiae
1153 4158 1248 4214 studio
1260 4157 1386 4215 decrevit
1400 4159 1468 4212 Pon·

363 4245 432 4300 tifex
444 4256 474 4301 nt
494 4244 702 4315 Religiosorum
724 4246 924 4316 indigenorum
944 4246 1047 4301 domus
1060 4246 1223 4301 auctoritati
1239 4248 1390 4302 subessent
1405 4240 1468 4309 Epi·

364 4350 529 4404 scoporum:
537 4343 654 4390 strenue
663 4334 725 4404 jam
736 4334 766 4387 hi
777 4350 881 4389 munus
891 4334 1012 4389 suumin
1023 4350 1054 4389 re
1066 4344 1126 4389 tant
1135 4334 1338 4404 utiliimpleant
1348 4331 1467 4397 288189
