3117 4859
320 366 369 415 DE
397 366 549 417 STUDllS
577 364 816 417 SCRIPTURAE
843 366 996 417 SACRAE.
1138 366 1207 438 205

312 475 592 483 ⁴—-—-.—.------——
922 475 1206 482 ..a--n——ffl

101 522 208 585 solum
220 530 367 585 mentem
379 519 520 585 aflerant
533 522 675 584 docilem
688 533 791 603 atque
803 533 980 598 attentam,
990 526 1047 586 sed
1060 525 1211 606 integrae
1301 529 1333 573 18

102 644 233 708 quoque
258 625 400 707 piaeque
426 623 578 687 habitum
605 624 799 688 voluntatis.
826 623 945 707 Neque
971 625 1060 687 enim
1093 645 1210 687 eorum
1271 588 1351 703 iiii.

103 729 185 792 ratio
201 727 361 791 librorum
377 726 495 791 similis
511 735 612 809 atque
628 728 858 791 communium
880 730 1032 809 putanda
1051 740 1102 792 est
1117 750 1125 805 ;
1141 729 1212 804 sed,
1237 754 1385 805 salutemex

104 832 260 913 quoniam
278 842 356 895 sunt
372 831 416 894 ab
432 832 506 913 ipso
523 830 650 912 Spiritu
668 830 795 895 Sancto
811 832 940 910 dictati,
956 852 1074 913 resque
1086 833 1211 913 gravis·
1238 822 1376 934 i‘filss‘i'ss

104 936 203 999 simas
219 937 395 999 continent
411 936 590 1017 multisque
615 935 765 1017 partibus
792 938 981 1000 reconditas
997 945 1029 998 et
1046 935 1211 999 difficilio·
1238 902 1378 1015 ‘qhiaiieiie

105 1061 161 1117 res,
176 1040 220 1103 ad
236 1040 311 1103 illas
328 1050 505 1123 propterea
521 1038 759 1121 intelligendas
770 1040 1061 1122 exponendasque
1077 1060 1212 1121 semper
1238 1016 1366 1132 mlx),

104 1144 251 1208 eiusdem
269 1143 414 1226 Spiritus
435 1157 452 1212 t
468 1143 658 1225 indigemus
675 1144 823 1207 adventu
836 1143 881 1224 (¹)
895 1143 998 1219 ›,hoc
1015 1152 1065 1205 est
1086 1142 1212 1206 lumine
1233 1148 1297 1212 psus
1308 1154 1349 1197 est·

106 1259 136 1313 et
151 1250 259 1332 gratia
276 1251 346 1313 eius
361 1276 369 1315 ε
385 1269 471 1332 quae
484 1269 573 1327 sane,
586 1258 622 1312 ut
635 1249 738 1311 divini
756 1250 891 1312 Psaltae
903 1248 1092 1330 frequenter
1108 1249 1211 1312 instat
1241 1314 1245 1322 ,

106 1356 293 1431 auctoritas,
308 1355 426 1418 humili
445 1364 523 1418 sunt
539 1355 731 1436 precatione
748 1352 970 1436 imploranda,
986 1352 1211 1416 sanctimonia

108 1457 192 1520 vitae
208 1456 439 1520 custodienda.

148 1562 318 1625 Praeclare
343 1560 443 1643 igitur
468 1582 512 1624 ex
544 1560 595 1623 his
620 1560 833 1643 providentia
865 1559 1002 1623 excellit
1031 1558 1213 1639 Ecclesiae,
1272 1566 1392 1615 Prurilit

107 1684 198 1747 quae,
221 1686 260 1727 ne
282 1664 426 1728 caelestis
450 1664 504 1727 ille
526 1686 693 1728 sacrorum
720 1663 897 1727 Librorum
922 1663 1104 1739 thesaurus,
1119 1683 1212 1744 quern
1238 1638 1396 1746 {ZZYW

109 1768 253 1851 Spiritus
287 1768 430 1833 Sanetus
458 1790 588 1833 summa
618 1768 816 1831 liberalitate
845 1767 1032 1830 leorninibus
1062 1767 1213 1843 tradidit,
1240 1762 1346 1875 infiligf

110 1874 263 1955 neglectus
280 1875 395 1937 iaceret
409 1873 466 1956 (2),
478 1874 616 1955 optimis
632 1892 764 1953 semper
789 1883 824 1935 et
847 1872 1009 1935 institutis
1025 1884 1058 1934 et
1083 1871 1213 1952 legibus
1238 1843 1372 1941 mnia

110 1978 201 2041 cavit.
218 1979 298 2059 Ipsa
314 1978 403 2039 enim
419 1977 603 2053 constituit,
619 1996 685 2039 non
703 1974 811 2038 solum
830 1994 988 2055 magnam
1006 1994 1120 2037 eorum
1139 1994 1211 2055 par·
1239 1958 1366 2087 ffffl'

111 2092 176 2141 tem
192 2082 235 2143 ab
247 2080 405 2143 omnibus
421 2082 489 2142 suis
503 2082 661 2144 ministris
675 2080 707 2142 in
722 2068 920 2162 quotidiano
936 2098 1051 2140 sacrae
1067 2077 1213 2158 psalmo·
1240 2059 1380 2153 tiramn-

108 2182 180 2244 diae
194 2182 306 2246 officio
322 2183 500 2265 legendam
517 2204 589 2247 esse
606 2194 639 2245 et
656 2194 768 2246 mente
785 2183 841 2263 pia
857 2180 1144 2264 considerandam,
1154 2182 1212 2244 sed
1239 2161 1283 2203 '²⁸'

114 2289 302 2351 eorumdem
330 2288 578 2370 expositionem
605 2298 638 2350 et
664 2287 976 2369 interpretationem
1005 2286 1037 2347 in
1066 2285 1215 2348 ecclesiis

113 2393 364 2471 cathedralibus,
380 2394 413 2457 in
431 2394 650 2470 monasteriis,
667 2393 699 2455 in
716 2392 937 2456 conventibus
960 2391 1100 2454 aliorum
1119 2411 1214 2472 regu·

115 2495 237 2574 larium,
252 2498 286 2560 in
303 2498 423 2580 quibus
448 2498 560 2561 studia
583 2498 761 2559 commode
777 2497 890 2579 vigere
906 2496 1046 2584 possint,
1061 2516 1121 2576 per
1144 2496 1215 2558 ido·

117 2620 190 2663 neos
206 2604 292 2665 viros
308 2621 381 2665 esse
397 2602 596 2665 tradendam
611 2624 618 2679 ;
635 2600 752 2664 diebus
769 2611 882 2664 autem
900 2599 1019 2663 saltem
1036 2600 1216 2662 dominicis

118 2712 148 2768 et
173 2704 261 2770 iestis
286 2708 489 2770 solemnibus
521 2705 636 2769 fideles
667 2706 869 2769 salutaribus
901 2705 1079 2786 Evangelii
1105 2706 1216 2767 verbis

118 2811 210 2889 pasci,
224 2810 373 2874 restricte
399 2812 494 2875 iussit
510 2810 561 2893 (³).
581 2811 665 2873 Item
693 2810 892 2892 prudentiae
916 2810 1058 2872 debetur
1073 2808 1215 2889 diligen-

118 2912 241 2995 tiaeque
258 2914 429 2978 Ecclesiae
445 2914 553 2978 cultus
575 2914 630 2977 ille
647 2914 840 2999 Scripturae
861 2933 975 2977 sacrae
992 2934 1050 2994 per
1066 2920 1213 2974 aetatem

118 3036 243 3083 ornnem
269 3020 398 3083 vividus
425 3031 458 3082 et
485 3020 648 3101 plurimae
675 3018 771 3081 lerax
799 3018 962 3081 utilitatis.
990 3054 1032 3064 —
1066 3016 1104 3078 ln
1139 3034 1215 3096 quo,
1285 3055 1398 3104 lateat

119 3122 211 3187 etiam
241 3124 284 3188 ad
316 3124 480 3187 firmanda
511 3126 712 3187 documenta
751 3123 1025 3201 hortationesque
1064 3120 1216 3193 Nostras,
1242 3120 1377 3197 initf'oEc·

119 3222 201 3291 iuvat
215 3247 478 3291 commemorare
493 3227 780 3311 quemadmodum
794 3247 814 3288 a
830 3224 998 3305 religionis
1014 3222 1214 3285 christianae
1241 3186 1357 3301 {mh

120 3326 391 3414 initiis,quotquot
401 3332 580 3394 sanctitate
591 3333 677 3393 vitae
690 3348 867 3411 rerumque
878 3327 1065 3389 divinarum
1077 3322 1216 3386 scientia
1241 3317 1382 3432 {smitam

120 3430 299 3514 floruerunt,
315 3436 336 3498 ii
353 3437 453 3499 sacr-is
470 3437 502 3498 in
521 3434 658 3499 Litteris
675 3434 771 3499 multi
790 3453 922 3513 semper
937 3430 1129 3511 assiduique
1146 3428 1214 3491 sue·
1241 3454 1323 3496 runt:

119 3536 184 3601 rint.
202 3541 378 3604 Proximos
394 3540 637 3623 Apostolorum
660 3538 853 3619 discipulos,
874 3538 906 3599 in
924 3535 1044 3617 quibus
1061 3533 1215 3598 Clemen·
1242 3515 1395 3627 ξζξξῑξζζζι

120 3648 180 3703 tem
209 3643 410 3721 Romanum,
427 3642 597 3725 ignatium
616 3642 878 3717 Antiochenum,
896 3639 1127 3720 Polycarpum,
1143 3645 1214 3700 tum
1239 3644 1318 3707 Μὴ

121 3744 331 3831 Apologetas,
357 3750 557 3811 nominatim
590 3748 758 3811 lustinum
787 3758 819 3809 et
849 3746 1036 3818 Irenaeum,
1063 3743 1216 3805 videmus
1241 3710 1358 3831 fflg*

120 3850 259 3931 epistolis
276 3863 309 3916 et
322 3852 413 3915 libris
428 3852 505 3928 suis,
520 3853 590 3915 sive
615 3851 657 3913 ad
680 3848 821 3913 tutelam
847 3849 916 3911 sive
939 3847 982 3908 ad
1000 3846 1214 3908 commenda·

121 3950 1216 4040 tionempertinerentcatholicorumdogmatum,edivinismaxime

76 4078 79 4083 ·
122 4056 248 4125 Litteris
275 4060 386 4139 fidem,
413 4061 522 4138 robur,
546 4060 688 4142 gratiam
716 4078 851 4123 omnem
879 4054 1014 4138 pietatis
1041 4073 1216 4117 arcessere.

125 4159 246 4228 Scholis
263 4176 375 4230 autem
391 4165 612 4229 catecheticis·
630 4182 668 4225 ac
685 4161 883 4245 theologicis
900 4160 932 4222 in
952 4157 1065 4221 multis
1081 4157 1217 4219 sedibus
1243 4182 1336 4232 scholae
1347 4199 1389 4231 (a.

152 4337 169 4368 ι.
186 4324 208 4371 S.
227 4325 303 4376 Hier..
324 4323 352 4369 in
363 4324 439 4369 Miri.
453 4336 565 4375 1,1o.-
580 4338 601 4369 2.
621 4323 697 4368 Cone.
708 4321 787 4373 Trid.,
796 4335 846 4366 sess.
863 4328 891 4373 V,
905 4318 988 4363 decret.
1003 4316 1030 4359 de
1040 4297 1136 4373 resumi.
1150 4326 1171 4359 1.
1190 4336 1219 4346 -

127 4402 145 4446 3,
160 4392 228 4445 uid..
243 4406 288 4438 ua.
