3117 4859
403 364 528 413 murex
554 362 807 415 auauuucus.
1090 364 1162 435 333

90 512 404 565 30.ar.1.ocuT10
429 513 472 562 ad
498 514 527 561 S.
550 513 589 560 R.
619 514 655 561 Ε.
671 507 860 563 cardinales
881 513 921 561 de
939 510 1074 574 juribus

57 599 435 650 S.Sedisvindlcandis.
456 598 547 648 -12
566 596 775 649 Junittaea.
1006 611 1074 664 pag.
1114 596 1163 650 162

90 701 144 754 Pro
154 716 234 755 more
246 701 443 755 Romanorum
458 698 639 766 Pontificum,
653 698 780 753 Pontifex
794 696 918 753 instante
931 698 1005 753 festo
1020 700 1071 753 SS.
1085 702 1162 770 Apo·

58 792 199 856 stolorum,
215 789 245 843 S.
259 788 344 844 Sedis
354 789 419 859 jura
430 788 566 857 vindicat,
585 787 836 858 providentissime
849 804 867 841 a
881 790 944 842 Deo
959 787 1115 843 constituta
1134 788 1162 842 in
1259 820 1263 829 .

57 879 159 932 bonum
181 873 330 933 Ecclesiae
342 885 371 931 et
384 878 512 945 gentium
528 876 652 944 roz-163.
665 905 700 914 -
715 876 797 946 Quae
809 876 1034 944 quotiescunque
1052 877 1164 930 fuerunt

57 965 165 1033 violata,
178 963 305 1019 maxima
316 966 403 1033 mala,
415 965 521 1020 nostris
534 963 702 1034 praesertim
713 964 899 1033 temporibus,
912 974 1011 1019 exorta
1024 974 1089 1019 sunt
1106 964 1163 1032 163.

56 1084 89 1093 -
112 1055 199 1108 Omni
216 1071 271 1122 ope
291 1053 417 1108 studebit
444 1053 576 1108 Pontifex
600 1054 738 1121 prodesse
766 1051 923 1120 Ecclesiae,
937 1052 1035 1107 divino
1058 1052 1164 1106 auxilio

57 1141 140 1195 fretus
156 1143 214 1209 163
227 1171 262 1179 —
275 1140 490 1196 Creanturnovi
506 1140 674 1194 cardinales
691 1138 814 1207 163-164.

90 1249 134 1298 31.
146 1249 356 1299 EPISTOLA
371 1248 615 1300 ENCYCLICA
625 1249 665 1297 de
678 1249 821 1311 collegiis
831 1250 1025 1298 clericorum
1041 1250 1074 1297 in

58 1337 158 1387 Indiis
173 1336 391 1386 orientalibus
403 1337 627 1386 instituendis.
643 1360 678 1369 -
696 1334 741 1383 24
759 1334 856 1384 iunii
876 1334 968 1385 1893.
1008 1347 1071 1399 pag.
1113 1330 1161 1399 165

91 1438 232 1491 Memorat
255 1435 386 1491 Pontifex
405 1454 423 1491 a
446 1438 477 1491 B.
501 1437 615 1490 Thoma
632 1436 772 1505 Apostoio
795 1436 945 1489 veritatem
967 1436 1164 1504 evangelicam

59 1526 128 1595 apud
141 1526 231 1579 indos
243 1525 463 1594 promulgatam,
476 1534 561 1593 atque
581 1541 599 1577 a
617 1525 645 1578 S.
660 1524 816 1577 Francisco
836 1522 960 1577 Xaverio
974 1524 1163 1577 instauratam

58 1612 147 1681 fuisse,
158 1614 310 1683 ipsamque
323 1612 400 1667 dolet
419 1613 620 1667 absconditam
643 1612 729 1667 hodie
742 1622 824 1666 vasto
838 1612 932 1666 adhuc
946 1611 1021 1667 iliius
1035 1611 1162 1681 regionis

59 1700 154 1768 spatio,
166 1712 282 1754 strenue
292 1700 358 1752 licet
368 1698 565 1753 laborantibus
578 1697 743 1767 apostolicis
756 1698 824 1753 viris
836 1696 895 1766 165.
909 1727 944 1737 -
958 1696 1165 1753 Sollicitudinis

58 1804 121 1842 suae
133 1804 201 1857 erga
215 1795 331 1855 gentem
345 1786 425 1840 illam
436 1795 606 1855 argumenta
626 1785 707 1839 affert
728 1794 788 1838 tum
810 1796 922 1840 amotas
936 1802 953 1839 a
966 1801 997 1839 se
1010 1786 1164 1841 dissensio·

59 1890 120 1927 num
132 1891 237 1929 causas
246 1890 298 1943 per
315 1884 400 1942 pacta
412 1883 563 1941 conventa,
577 1883 637 1927 tum
655 1872 818 1926 ordinatam
832 1872 1029 1927 Ecclesiarum
1043 1873 1165 1927 admini-

60 1963 220 2018 strationem
240 1979 291 2033 per
313 1962 513 2016 Hierarchiam
536 1961 762 2015 ecclesiasticam
788 1960 912 2029 165·166.
927 1990 960 2000 -
975 1962 1165 2031 Summopere

57 2048 111 2117 jam
123 2051 263 2107 interesse
275 2059 355 2104 notat
368 2059 398 2104 ut
408 2049 508 2104 Clerus
518 2058 680 2103 assumatur
692 2065 726 2101 ex
738 2046 892 2116 indigenis,
901 2064 1073 2118 sensumque
1082 2066 1164 2103 suum

61 2136 141 2207 ipsius
162 2140 190 2194 S.
207 2136 487 2191 FrancisciXaverii
507 2135 603 2190 verbis
623 2135 773 2189 contimiat
800 2134 858 2187 166.
878 2164 911 2173 -
925 2133 1029 2187 Varias
1060 2134 1166 2204 xpiicat

63 2240 155 2279 causas
167 2243 221 2281 cut
233 2224 416 2279 sacerdotum
429 2222 629 2292 indigenarum
640 2223 731 2276 multo
743 2221 915 2276 fructuosior
926 2220 1021 2276 futura
1030 2150 1065 2275 ες*
1078 2238 1167 2290 opera

63 2330 140 2383 quam
150 2316 369 2381 Europaeorum
382 2311 506 2377 rob-167.
520 2340 553 2347 -
568 2309 703 2364 Ostendit
717 2309 882 2364 sacerdotes
905 2324 1062 2378 europaeos
1077 2310 1168 2361 multo

64 2402 203 2469 pauciores
220 2418 384 2471 essequam
405 2411 433 2455 ut
456 2400 545 2455 labori
569 2399 719 2454 sufficiant.
747 2398 824 2451 Fieri
846 2396 934 2451 etiam
959 2406 1053 2466 potest
1072 2408 1102 2450 ut
1128 2397 1168 2451 iili

64 2488 202 2544 discedere
215 2498 355 2557 cogantur
366 2489 490 2555 167-168.
499 2518 535 2527 -
543 2489 699 2557 Antiquum
710 2484 843 2556 proponit
855 2484 1004 2539 Ecclesiae
1014 2501 1095 2539 usum
1106 2486 1166 2539 Cle·

65 2592 119 2630 rum
128 2577 271 2647 deligendi
283 2594 317 2630 ex
325 2576 467 2644 indigenis
481 2576 540 2629 168.
553 2604 587 2612 -
597 2575 744 2628 Nonnulla
753 2574 875 2641 collegia
882 2573 944 2643 jam
954 2572 1071 2626 condita
1081 2573 1168 2628 fuisse

65 2664 148 2733 refert,
160 2666 366 2736 decretumque
378 2682 442 2720 esse
461 2682 478 2718 a
492 2664 577 2717 variis
591 2662 709 2732 synodis
723 2673 752 2715 ut
763 2662 893 2729 singulae
908 2661 1064 2717 Dioeceses
1078 2663 1168 2716 Semi-

65 2752 166 2807 narium
179 2756 316 2808 habeant.
332 2755 418 2808 Dolet
431 2771 498 2808 vero
519 2752 681 2822 Episcopus
693 2750 788 2805 varias
802 2752 839 2803 ob
852 2765 955 2804 causas
968 2750 1041 2804 haec
1053 2750 1170 2805 decreta

65 2847 156 2914 exequi
169 2846 298 2900 nondum
312 2844 439 2914 potuisse
455 2845 512 2899 168.
528 2874 561 2882 -
575 2844 658 2897 Haec
680 2841 801 2909 collegia
821 2842 942 2895 muitum
956 2842 996 2894 rei
1010 2841 1170 2907 catholicae

65 2932 202 2995 profutura
215 2951 287 3000 esse,
300 2942 331 2987 et
343 2934 371 2986 S.
391 2932 474 2988 Sedis
494 2948 563 2999 erga
588 2929 686 2983 iudias
700 2928 925 2982 sollicitudinem
950 2928 1032 2997 quasi
1046 2930 1168 2998 compie-

66 3002 121 3073 tura
137 3038 201 3077 esse
213 3022 359 3077 concludit
377 3018 500 3087 168-169.
515 3050 549 3058 —
563 3019 630 3071 Non
645 3027 754 3071 tantum
769 3017 845 3087 apud
862 3016 959 3083 Indos,
973 3015 1025 3069 sed
1044 3026 1073 3069 et
1091 3016 1169 3086 apud

65 3103 234 3176 Europaeos,
259 3106 411 3177 pecuniam
429 3105 566 3173 colligant
592 3102 739 3173 Episcopi,
767 3102 795 3154 in
824 3100 946 3170 collegia
964 3101 1168 3155 conferendam

68 3189 120 3258 169.

96 3290 373 3344 amarantis:
384 3291 677 3343 APOSTOLICAE
687 3292 727 3340 de
736 3289 967 3339 constituendo
974 3287 1081 3337 Abba-

65 3382 251 3442 tePrimate
271 3382 405 3432 Ordinis
424 3381 453 3431 S.
476 3380 656 3429 Benedicti.
674 3377 759 3426 -12
778 3378 862 3427 Julii
886 3375 976 3427 1893.
1016 3388 1081 3439 pag.
1122 3384 1172 3435 170

97 3479 244 3537 Praeciaro
257 3480 360 3535 Ordini
380 3482 408 3534 S.
424 3478 573 3534 Benedicti
594 3476 814 3533 devotissimum
837 3492 901 3530 sese
922 3475 1050 3529 animum
1072 3491 1171 3542 gerere

66 3564 190 3622 Pontifex
202 3578 324 3624 testatur
340 3582 434 3631 170.-
449 3569 550 3635 Nuper
563 3566 591 3620 in
606 3567 726 3631 Urbem,
740 3581 806 3619 cum
815 3563 923 3632 primus
935 3560 1084 3630 ponendus
1095 3571 1172 3617 esset

65 3650 132 3721 lapis
152 3656 272 3726 Coilegii
293 3657 322 3710 S.
343 3654 481 3722 Anselmi,
504 3662 699 3708 convenerunt
720 3652 850 3705 Abbates
869 3648 975 3703 laudati
998 3647 1114 3702 Ordinis
1134 3650 1171 3705 ad

65 3738 213 3797 fraternam
225 3742 470 3798 consociationem
483 3742 714 3796 constituendam
725 3739 801 3793 inter
810 3753 910 3791 omnes
922 3737 950 3791 S.
961 3736 1078 3790 Ordinis
1091 3735 1172 3790 fami·

67 3826 115 3881 lias
137 3845 263 3899 17o·17r.
285 3830 473 3886 -Pontifex
494 3830 645 3884 confirmat
663 3828 735 3882 baec
752 3828 901 3881 Abbatum
923 3825 1065 3881 decreta:
1095 3826 1173 3882 Inter

69 3929 163 3971 omnes
176 3918 294 3973 Ordinis
313 3917 560 3988 congregationes
574 3916 685 3970 ineatur
702 3913 926 3981 confoederatio,
939 3912 983 3967 cui
998 3911 1098 3966 Abbas
1113 3912 1172 3966 Pri·

70 4018 127 4056 mas
138 4006 278 4061 creabitur
291 4005 498 4075 praeficiendus
514 4017 572 4071 171.
586 4033 622 4042 -
643 4003 711 4056 Solo
732 4001 834 4055 merito
856 4001 956 4054 Abbas
971 3999 1081 4053 Primas
1094 4016 1172 4053 assu·

70 4100 158 4144 matur
177 4107 235 4159 171.
247 4123 282 4133 —
293 4094 394 4148 Abbas
408 4092 520 4147 Primas
539 4092 592 4146 erit
606 4088 722 4144 insimul
735 4089 835 4143 Abbas
855 4087 975 4157 Collegii
990 4087 1018 4141 S.
1042 4085 1172 4140 Anseimi

71 4178 142 4243 quod
149 4180 186 4232 ad
194 4198 293 4236 omnes
304 4180 422 4236 Ordinis
432 4179 807 4250 congregationespertinet
816 4191 977 4242 171-172.-
987 4174 1109 4245 Quando
1119 4183 1147 4229 et
1155 4191 1174 4227 a

72 4264 168 4331 quibus
188 4268 296 4323 Primas
320 4270 442 4338 eligatur
465 4282 523 4334 172.
546 4298 580 4307 —
606 4265 684 4335 Quid
710 4264 864 4334 agendum,
886 4273 1006 4318 vacante
1039 4262 1172 4316 Primatis

74 4350 160 4407 officio
175 4367 231 4419 172.
243 4385 279 4396 —
292 4357 388 4412 Prima
400 4358 454 4411 hac
464 4356 527 4412 vice
538 4357 673 4411 Summus
689 4352 819 4408 Pontifex
833 4350 996 4421 designabit
1007 4348 1173 4431 Primatem,
