3117 4859
439 375 560 424 INDEX
588 374 840 425 ANALYTICUS.
1126 382 1197 451 343

96 524 257 579 inculcanda
272 536 339 580 sunt
351 527 458 596 populo
472 536 511 591 ut,
525 525 560 580 iis
573 526 704 593 servatis,
717 526 859 581 catholica
873 526 944 581 fides
958 527 1070 596 integra
1083 546 1196 598 perma-

95 622 157 667 neat
169 622 196 667 et
209 613 300 682 magis
312 616 411 669 floreat
425 629 440 667 2
444 626 457 682 5
461 629 505 683 3·2
510 627 549 683 54
567 644 603 653 -
613 614 753 668 Divinum
765 615 901 669 auxilium
923 614 1099 685 imploratur,
1113 618 1198 673 inter·

95 701 256 755 cedentibus
270 702 302 755 B.
317 702 420 770 Maria,
429 702 457 756 S.
470 702 607 771 josepho,
620 711 649 755 et
663 701 800 756 Poloniae
811 702 945 757 Patronis
957 714 1021 770 254.

128 818 178 868 47.
187 818 394 868 EPisnonh
404 818 445 868 ad
451 817 547 869 Card.
561 817 877 880 Richardhrohiep.
889 819 1111 869 Pentelensem

95 904 273 957 deecclesia
286 908 322 954 in
337 906 450 957 Monte
463 906 660 967 Martyrum,
676 905 762 956 —15
774 906 900 967 Aprilis
914 905 1004 957 1894.
1044 918 1109 971 pag.
1147 912 1199 971 255

128 1007 238 1062 Gaudet
252 1006 384 1063 Pontifex
396 1008 425 1061 in
438 1008 545 1078 templo
561 1007 613 1061 SS.
625 1006 728 1061 Cordis
740 1007 777 1061 ad
793 1008 922 1062 Montem
938 1008 1107 1077 Martyrum,
1121 1006 1200 1063 brevi

93 1094 146 1161 jam
162 1095 343 1163 perficiendo,
364 1096 523 1149 uberrimos
543 1094 589 1148 edi
610 1094 725 1164 pietatis
747 1094 865 1163 fructus,
885 1110 991 1163 magna
1011 1096 1127 1165 quidem
1148 1112 1200 1165 spe

94 1181 188 1236 salutis
201 1182 312 1237 Galliae
325 1197 341 1236 2
345 1196 359 1252 5
364 1196 426 1251 5.-
441 1183 528 1236 Mons
541 1182 587 1236 ille
601 1183 741 1251 sanguine
754 1184 914 1252 Martyrum
922 1184 1060 1253 perfusus,
1072 1181 1200 1237 christia-

95 1285 143 1322 nos
163 1270 279 1325 docebit
300 1271 383 1326 Fidei
401 1272 531 1341 pretium.
556 1272 622 1324 Huc
642 1270 774 1326 certatim
792 1270 868 1325 Galli
896 1273 1078 1340 conveniant,
1100 1286 1200 1341 preces

94 1356 176 1411 fusuri
185 1373 220 1411 ex
234 1358 320 1412 corde
332 1358 484 1413 virtutibus
496 1358 660 1413 christianis
673 1357 778 1426 insigni
794 1372 809 1412 2
814 1370 826 1426 5
831 1358 920 1428 5-256.
936 1388 970 1398 -
983 1360 1055 1413 Prae
1067 1376 1118 1415 sua
1130 1374 1200 1427 erga

96 1444 212 1499 Galliam
227 1445 427 1514 sollicitudine,
439 1462 497 1500 non
511 1456 606 1515 potest
620 1444 750 1500 Pontifex
763 1446 832 1515 quin
855 1456 882 1499 et
904 1446 980 1501 istud
993 1462 1067 1516 opus
1080 1455 1200 1515 paterna

94 1530 287 1587 benevolentia
300 1546 495 1605 prosequatur.
511 1534 676 1589 Subsidium
690 1546 789 1601 25,οοο
800 1534 935 1588 librarum
949 1533 1082 1604 aliudque
1090 1533 1199 1587 donum

93 1619 184 1674 tribuit
198 1622 259 1688 256.

124 1738 173 1788 ⁴8.
187 1739 428 1789 ALLOCUTIO
441 1740 482 1789 ad
498 1741 673 1803 Hispanos.
694 1766 730 1774 —
743 1740 780 1789 18
797 1741 920 1802 Aprilis
937 1739 1028 1789 189⁴.
1044 1752 1107 1804 pag.
1146 1747 1197 1803 257

124 1836 258 1893 Testatur
271 1838 403 1893 Pontifex
416 1838 564 1908 Hispanos
577 1856 645 1910 prae
658 1839 779 1894 caeteris
793 1839 926 1908 gentibus
939 1838 1059 1893 devotos
1074 1839 1198 1893 Sanctae

95 1922 158 1977 Sedi
171 1942 237 1979 sese
249 1926 392 1993 exhibere,
405 1927 474 1980 dum
488 1928 598 1980 Romae
611 1936 692 1981 tanta
704 1925 865 1995 frequentia
878 1935 943 1980 sunt
956 1925 1122 1993 congregati
1136 1938 1196 1995 257.

93 2040 124 2048 -
137 2013 260 2066 Gentem
271 2013 370 2066 laudat
384 2012 466 2066 Fidei
480 2013 651 2082 integritate,
665 2012 826 2067 sanctitatis
840 2011 991 2082 splendore
1000 2022 1085 2081 atque
1095 2011 1199 2065 doctri-

94 2115 152 2167 nae,
164 2100 320 2170 multisque
332 2101 470 2155 conciliis
482 2102 612 2156 inclitam
626 2116 640 2154 2
644 2101 752 2170 57258.
765 2131 801 2140 -
817 2101 898 2155 lllam
920 2100 998 2154 dolet
1016 2101 1105 2153 multa
1119 2114 1198 2169 prae-

94 2189 163 2242 senti
176 2189 294 2243 saeculo
312 2190 484 2245 detrimenta
496 2191 652 2259 accepisse,
665 2190 831 2260 perturbata
853 2189 962 2243 scilicet
984 2206 1016 2243 re
1035 2188 1153 2258 politica
1170 2197 1199 2242 et

94 2276 196 2345 sociali,
216 2276 389 2347 illorumque
414 2278 554 2332 malorum
580 2277 738 2333 remedium
756 2277 881 2332 ostendit
903 2275 1071 2346 religionem
1093 2274 1199 2330 Christi

94 2364 149 2429 258.
162 2394 197 2404 -—
209 2366 327 2420 Gaudet
342 2366 498 2435 Hispanos¹
511 2382 545 2421 ex
558 2365 635 2419 omni
646 2365 793 2421 societatis
806 2366 905 2419 ordine
916 2373 982 2421 ante
1000 2382 1031 2419 se
1044 2380 1199 2433 congrega-

93 2461 141 2519 tos,
153 2453 194 2507 sic
203 2453 325 2522 obsequi
339 2453 498 2523 praeceptis
513 2453 661 2508 charitatis
670 2470 743 2523 quae
757 2453 920 2523 nuperrime
929 2452 1063 2522 gentibus
1076 2452 1200 2505 inculca·

92 2538 128 2592 vit
139 2540 246 2609 258·59.
257 2568 290 2577 -
306 2541 451 2595 Memorat
464 2558 514 2609 pro
529 2540 669 2611 Hispanis
680 2542 860 2609 collegiuma
874 2556 904 2595 se
918 2539 946 2593 in
961 2540 1039 2593 Urbe
1052 2538 1201 2592 conditum

92 2635 147 2690 239.
159 2652 194 2663 -
205 2625 249 2679 Ut
261 2634 375 2692 optatos
388 2625 495 2679 fructus
508 2624 631 2694 proferat
646 2626 673 2679 S.
686 2624 771 2679 Sedis
779 2622 949 2691 sollicitudo,
961 2623 1083 2677 inculcat
1096 2622 1201 2676 Catho-

91 2705 148 2762 licis
160 2710 346 2765 concordiam
359 2711 432 2766 inter
444 2728 476 2766 se
489 2713 669 2780 servandam,
682 2723 710 2766 et
732 2711 927 2765 obedientiam
947 2709 1110 2765 auctoritati
1124 2706 1200 2763 civili

91 2795 279 2852 exhibendam
292 2811 353 2868 259.
366 2829 402 2838 -
422 2801 619 2869 Hispanorum
641 2799 757 2869 reginae
777 2798 923 2854 benedicit
945 2808 1031 2869 atque
1052 2797 1115 2867 ejus
1133 2795 1201 2865 filio,

92 2881 250 2955 Episcopis‚
263 2886 339 2940 clero
349 2897 377 2941 et
385 2888 492 2957 populo
505 2887 631 2956 ²59·²⁶0·

124 3010 176 3060 49.
209 3012 419 3063 EPISTOLA
439 3014 483 3063 ad
508 3012 687 3075 Episcopos
709 3014 925 3063 Pemvienses
946 3011 988 3062 de
1014 3012 1112 3063 rebus

90 3100 315 3151 aeclesiasticis
338 3102 373 3149 in
393 3102 547 3151 Peruvia.
567 3125 604 3135 -
624 3103 637 3149 l
656 3100 741 3151 Maii
760 3099 865 3149 1894.
1046 3110 1110 3163 pag.
1148 3093 1199 3147 261

124 3206 314 3263 Gratissimae
333 3208 413 3263 fuere
436 3208 565 3263 Pontifici
589 3207 799 3279 Episcoporum
817 3208 927 3263 litterae
944 3207 981 3261 de
1002 3213 1144 3260 conventu
1163 3206 1201 3259 ab

92 3292 158 3360 ipsis
170 3294 199 3349 in
214 3294 341 3349 Limensi
355 3295 425 3349 urbe
438 3306 555 3365 peracto
568 3297 665 3349 261.-
679 3296 805 3365 Exoptat
814 3305 845 3349 ut
858 3296 1019 3365 frequenter
1032 3292 1104 3346 tales
1113 3306 1200 3359 agan·

91 3390 133 3433 tnr
141 3392 241 3436 coetus
253 3382 292 3437 rei
306 3381 456 3451 religiosae
469 3382 605 3453 perutiles
625 3382 686 3437 261.
699 3412 734 3420 —
754 3381 910 3451 Sequentia
930 3390 1036 3447 monet,
1049 3378 1087 3432 ad
1109 3377 1201 3431 incre·

91 3479 217 3521 mentum
229 3468 364 3522 catholici
377 3469 511 3536 nominis,
523 3470 552 3524 in
566 3469 696 3524 coetibus
710 3468 886 3523 attendenda
900 3487 906 3522 :
929 3482 955 3522 io
968 3469 1063 3535 Agant
1083 3465 1111 3518 in
1131 3462 1201 3534 ipsis

93 3552 227 3627 Episcopi
247 3557 285 3611 de
302 3574 414 3611 momm
435 3558 588 3628 disciplina
606 3558 758 3627 servanda,
770 3575 883 3613 necnon
896 3556 1091 3613 deductrinae
1104 3552 1201 3608 studio

91 3643 219 3697 acuendo
231 3642 260 3697 in
280 3645 403 3700 alumnis
416 3646 525 3701 ordinis
547 3646 630 3701 sacri.
655 3647 815 3700 Doctorum
834 3644 911 3700 enim
925 3643 1074 3699 scientiam
1095 3640 1201 3695 consti-

92 3729 141 3781 tuit
163 3730 245 3785 Deus
266 3732 379 3786 firmum
397 3734 524 3788 veritatis
538 3732 712 3803 praesidium
725 3732 852 3787 ror-262.
868 3762 901 3771 -
915 3732 1023 3786 Nostra
1033 3730 1201 3800 praesertim

92 3828 182 3872 aetate
189 3836 262 3889 opus
275 3830 318 3873 est
331 3837 418 3890 quarn
429 3820 551 3875 maxime
565 3832 595 3875 ut
609 3818 791 3874 scientiarum
801 3820 888 3874 armis
897 3818 1025 3873 instructi
1037 3818 1094 3873 sint
1103 3816 1200 3871 defen-

92 3917 169 3959 sores
183 3905 264 3961 fidei
278 3908 338 3978 262.Ι
351 3936 386 3946 -
400 3909 534 3963 Servetur
547 3906 575 3961 in
589 3906 760 3962 seminariis
774 3906 932 3963 studiorum
946 3907 1019 3962 ratio
1032 3924 1049 3961 a
1062 3905 1201 3959 Pontifice

92 3989 157 4045 olim
178 3994 373 4065 praescripta:
395 3996 536 4049 maximus
550 4010 654 4064 nempe
674 3994 814 4049 habeatur
836 3996 929 4049 honor
948 3992 1149 4064 philosophiae
1163 3992 1200 4046 D.

94 4075 238 4147 Thomae3
259 4082 409 4136 tradantur
429 4082 567 4137 scientiae
587 4081 733 4151 physicae,
745 4098 833 4152 quum
854 4083 889 4136 iis
915 4082 1096 4152 potissimum
1121 4078 1202 4150 impii

95 4162 251 4221 abutantur.
266 4167 470 4223 custodiantur
492 4186 565 4240 quae
587 4168 624 4222 de
645 4168 758 4224 biblicis
777 4168 879 4223 studiis
893 4169 1024 4224 Pontifex
1037 4167 1124 4223 edixit
1138 4167 1201 4221 262-

96 4251 154 4317 263
164 4280 199 4291 -
211 4255 382 4325 2⁰Optimos
394 4256 522 4326 deligant
536 4255 675 4327 Episcopi
685 4256 817 4311 curiones
832 4256 971 4326 paroeciis
985 4253 1203 4327 praeficiendos,

97 4339 199 4411 quippe
210 4358 330 4412 quorum
342 4345 543 4413 gravissimum
557 4343 826 4417 sanctissimumque
839 4362 942 4399 munus
964 4354 1017 4412 esi,
1030 4343 1065 4398 iis
1086 4342 1203 4413 quidem
