3117 4859
398 356 718 409 consocrntlouts
745 357 774 407 S.
804 354 999 406 FAMILIAE.
1233 348 1280 420 93

632 559 824 627 ORATIO

261 712 448 779 QUOTIDIE
471 712 692 763 RECITANDA
707 710 814 763 ANTE
835 710 1033 763 IMAGINEM
1056 708 1198 761 SACRAE

641 833 834 885 FAMILIAE.

220 1010 238 1060 ‹
254 991 286 1059 O
302 992 535 1057 amantissime
553 991 640 1068 lesu,
655 993 712 1075 qui
734 990 959 1057 ineffabilibus
975 994 1043 1057 tuis
1054 992 1236 1057 virtutibus
1252 1000 1287 1057 et

178 1114 196 1165 t
212 1099 301 1161 vitae
310 1097 520 1161 domesticae
531 1096 701 1178 exemplis
715 1096 895 1162 Familiam
906 1107 971 1163 ate
986 1098 1129 1162 electam
1143 1098 1177 1160 in
1191 1097 1287 1161 terris

176 1218 194 1269 t
210 1202 424 1279 consecrasti,
435 1195 619 1264 clementer
629 1200 743 1282 aspice
759 1212 911 1266 nostram
927 1202 1016 1265 hanc
1032 1202 1183 1278 domum,
1199 1220 1287 1284 quae

177 1305 255 1372 tad
283 1314 359 1368 tuos
392 1305 495 1386 pedes
521 1301 701 1388 provoluta
717 1306 902 1387 propitium
918 1314 953 1369 te
984 1304 1047 1369 sibi
1078 1304 1287 1388 deprecatur.

179 1425 197 1475 ‹
214 1408 389 1472 Memento
405 1418 498 1472 tuam
514 1429 589 1471 esse
603 1409 690 1473 hanc
705 1410 847 1474 domurn
862 1410 1042 1494 ;quoniam
1059 1410 1121 1476 tibi
1134 1429 1171 1472 se
1186 1428 1288 1491 pecu-

178 1511 285 1579 (liari
301 1513 394 1577 cultu
410 1514 554 1577 sacravit
577 1534 617 1578 ac
642 1514 788 1581 devovit.
812 1515 925 1597 ipsam
954 1515 1121 1597 benignus
1148 1524 1288 1592 tuere,a

181 1618 369 1699 (periculis
385 1616 485 1700 eripe,
501 1618 565 1700 ipsi
581 1618 615 1681 in
633 1618 890 1683 necessitatibus
916 1640 1061 1697 occurre,
1078 1629 1110 1683 et
1127 1619 1286 1683 virtutem

179 1735 197 1785 t
215 1720 344 1801 largire,
360 1723 472 1804 quain
492 1722 682 1787 imitatione
699 1722 863 1787 Familiae
890 1732 969 1788 tuae
999 1734 1135 1787 sanctae
1166 1723 1288 1805 iugiter

181 1837 403 1905 (perseveret
417 1848 426 1904 ;
442 1836 478 1890 ut
495 1828 645 1891 mortalis
668 1848 749 1892 suae
764 1829 853 1892 vitae
880 1835 1033 1909 tempore
1057 1828 1090 1889 in
1114 1827 1164 1889 tui
1192 1825 1288 1890 obse·

178 1944 198 1995 t
215 1930 294 2011 quio
310 1942 344 1993 et
360 1951 475 1995 amore
490 1930 634 1997 fideliter
649 1933 837 2010 inhaerens,
852 1931 963 1995 valeat
979 1931 1116 1994 tandem
1135 1939 1288 1994 aeternas

183 2044 202 2095 t
220 2032 280 2096 tibi
296 2034 414 2098 laudes
429 2036 618 2118 persolvere
634 2037 668 2098 in
684 2035 794 2099 caelis,

113 2211 116 2221 ¹
228 2137 293 2204 (O
311 2140 429 2215 Maria,
446 2140 560 2203 Mater
574 2141 779 2216 dulcissima,
796 2150 891 2204 tuum
909 2138 1113 2222 praesidium
1131 2137 1289 2219 implora·

184 2256 202 2307 t
219 2261 302 2319 mus,
318 2244 399 2307 certi
416 2245 567 2308 diuinum
583 2255 679 2309 tuum
697 2244 922 2327 Unigenitum
939 2243 1093 2328 precibus
1111 2244 1177 2307 tuis
1193 2242 1289 2307 obse·

183 2356 383 2413 (cuturum.
764 2346 769 2351 ’

228 2460 246 2513 t
263 2449 385 2533 Tuque
402 2452 516 2530 etiam,
543 2452 784 2535 gloriosissime
803 2450 997 2517 Patriarcha
1017 2459 1135 2514 sancte
1157 2450 1292 2532 Ioseph,

183 2564 201 2618 t
220 2556 351 2634 potenti
368 2566 427 2618 tuo
442 2557 632 2638 patrocinio
645 2556 742 2620 nobis
759 2577 922 2633 succurre,
938 2566 972 2618 et
989 2540 1118 2618 Mariae
1135 2553 1291 2618 manibus

181 2666 201 2717 t
220 2667 298 2719 vota
314 2669 430 2722 nostra
446 2659 524 2724 lesu
542 2659 678 2725 Christo
693 2661 897 2742 porrigenda
910 2660 1080 2724 submitte.
1097 2673 1115 2727 i

230 2759 352 2825 livero
369 2764 513 2844 sodales,
529 2766 587 2848 qui
604 2766 657 2828 vel
682 2764 888 2844 infirmitate,
900 2766 952 2828 vel
971 2767 1037 2829 alia
1053 2786 1171 2830 caussa
1188 2764 1294 2846 impe-

182 2863 246 2926 diti
266 2865 355 2930 hauc
368 2867 567 2933 Orationem
600 2870 740 2932 recitare
768 2871 988 2953 nequiverint,
1004 2873 1159 2934 eamdem
1185 2868 1294 2932 indul-

183 2970 335 3049 gentiam
353 2971 472 3037 lucrari
489 2984 659 3056 poterunt,
676 2974 703 3034 si
728 2975 850 3038 devote
881 2975 1059 3058 quinquies
1081 2973 1295 3037 recitaverint

183 3072 383 3139 Orationem
415 3078 633 3156 dominicam,
656 3086 690 3142 et
721 3078 960 3143 salutationem
982 3078 1184 3160 Angelicam
1217 3095 1295 3139 cum

184 3178 303 3243 Gloria
311 3182 422 3247 Patri.
710 3272 764 3336 HI

197 3444 523 3616 DUOENTORUM
550 3449 679 3513 dierum
697 3448 943 3531 indulgentiam
968 3444 1099 3510 sodales
1116 3440 1297 3508 Consocia-

314 3551 416 3614 tionis
448 3562 697 3636 consequantur
728 3552 831 3615 semel
864 3553 897 3615 in
931 3550 994 3627 die,
1021 3547 1048 3610 si
1080 3544 1296 3610 iaculatorias

182 3674 300 3737 preces
316 3674 529 3740 quocumque
547 3657 709 3720 idiomate
725 3654 906 3720 effuderint
922 3665 959 3721 ut
974 3653 1060 3717 inira
1078 3676 1085 3717 :

231 3758 368 3839 (Gesit,
384 3761 504 3839 Maria,
528 3759 710 3845 Giuseppe,
735 3760 965 3836 illuminateci,
990 3754 1217 3831 soccorreteci,
1232 3752 1296 3816 sal·

183 3864 303 3927 vateci.
320 3863 399 3929 eost
416 3866 507 3947 sia.)
716 3952 767 4017 IV

190 4123 413 4296 CENTUM
429 4129 558 4192 dierum
581 4127 829 4211 indulgentiam
849 4122 1058 4213 lucrifaciant
1075 4120 1217 4200 sodales,
1240 4117 1299 4203 qui

307 4249 445 4311 operam
470 4231 635 4309 dederint,
651 4239 689 4295 ut
715 4230 919 4295 christianae
945 4226 1092 4293 familiae
1117 4222 1197 4287 huic
1223 4220 1300 4303 piae

187 4341 223 4394 et
239 4330 420 4397 universali
436 4332 689 4399 Consociationi
711 4352 783 4397 sese
800 4332 1002 4399 adscribant.
1032 4350 1035 4356 ·
