3117 4859
408 343 450 410 14
691 342 874 394 earsroca
903 331 923 360 ‘⁴
943 344 1181 410 nouumque.
1200 322 1216 350 ''

244 517 308 567 quae
321 502 378 550 ricae
403 487 532 570 daeque
548 487 702 571 religioni
718 489 880 552 condita?
898 487 998 554 Hauc
1013 489 1058 555 ob
1074 511 1154 568 rem,
1163 494 1255 574 quod
1273 513 1375 576 saepe
1385 513 1428 557 ex
1438 493 1493 556 hoc

225 574 376 682 Ψζῖᾖὲζζζ
403 590 619 674 pontificatus
649 592 786 674 fastigio
816 596 1016 676 persuadere
1046 596 1158 660 conati
1188 617 1314 674 sumus,
1352 598 1494 662 Ecclesia

223 699 375 762 sparserant-
402 697 548 780 quidem,
563 717 768 781 quamquam
796 718 855 780 per
878 719 914 762 se
938 709 973 764 et
1000 703 1118 764 natura
1133 701 1194 765 sud
1208 701 1352 766 salutem
1375 713 1495 785 spectat

225 770 376 879 aarum
402 803 598 882 animorum,
618 803 938 886 adipiscendamque
955 804 988 867 in
1004 803 1105 868 caelis
1120 805 1325 885 felicitatem,
1340 817 1452 871 tamen
1467 809 1494 868 in

239 895 377 1010 mx?
401 907 475 990 ipso
491 907 592 972 etiam
610 926 719 970 rerum
731 906 924 972 mortalium
937 928 1060 990 genere
1073 918 1125 973 tot
1140 928 1180 973 ac
1195 919 1308 974 tantas
1319 911 1409 977 ultro
1420 909 1495 993 parit

225 1027 375 1076 ruruu'ura-
402 1010 573 1088 utilitates,
589 1019 626 1074 ut
651 1009 761 1094 plures
790 1012 976 1074 maioresve
1003 1031 1070 1076 non
1098 1023 1221 1094 posset,
1238 1014 1265 1076 si
1282 1013 1315 1078 in
1332 1015 1449 1097 primis
1468 1023 1496 1075 et

224 1101 281 1141 ¹⁶¹⁸·
403 1114 552 1178 maxime
566 1124 654 1178 esset
671 1113 714 1178 ad
735 1115 896 1178 tuendam
913 1115 1011 1180 huius
1026 1116 1126 1193 vitae,
1141 1137 1228 1200 quae
1245 1118 1277 1180 in
1298 1118 1397 1182 terris
1411 1117 1494 1199 degi-

402 1228 464 1296 tur,
480 1220 737 1302 prosperitatem
754 1218 918 1284 instituta

271 1343 375 1420 recipe.
447 1324 717 1408 Progredientem
735 1343 803 1386 rem
821 1323 988 1404 publicam
1004 1334 1151 1391 vestram
1168 1336 1270 1410 atque
1283 1326 1316 1390 in
1334 1326 1495 1391 meliorem

253 1409 375 1524 mg
401 1438 526 1493 statum
545 1428 668 1492 volucri
686 1427 803 1490 itinere
819 1428 1018 1502 venientem,
1031 1449 1131 1495 nemo
1147 1450 1213 1494 non
1231 1431 1336 1496 vidit:
1357 1433 1456 1514 idque
1470 1430 1495 1490 in

225 1541 254 1588 in
271 1540 376 1588 siarum
402 1533 441 1596 iis
457 1535 557 1597 etiam
572 1533 670 1596 rebus
685 1551 770 1614 quae
787 1530 980 1613 religionem
993 1534 1175 1616 attingunt.
1189 1536 1276 1599 Narn
1289 1536 1497 1618 quemadmo

239 1604 376 1668 foederatis
402 1639 423 1702 d
501 1639 509 1654 .
621 1637 628 1651 ·
1060 1639 1068 1653 .
1309 1640 1317 1655 .
1457 1639 1464 1652 .

223 1671 375 1720 ,·„„„„„,„,
428 1659 483 1702 urn
500 1647 629 1721 ingenti
657 1636 911 1700 commodorum
939 1647 1177 1722 potentiaeque
1191 1659 1398 1715 accessione,
1411 1659 1496 1702 unius

238 1744 376 1867 Pam!
401 1743 618 1807 conversione
645 1739 778 1819 saeculi,
793 1761 923 1804 crevere
950 1742 1114 1820 civitates,
1130 1744 1176 1807 ita
1200 1742 1389 1808 Ecclesiam
1406 1742 1496 1806 cerni·

358 1840 365 1864 '
401 1867 529 1913 musex
543 1845 682 1910 minima
692 1845 955 1928 tenuissimaque
966 1866 1124 1930 magnam
1135 1849 1345 1930 perceleriter
1355 1847 1495 1913 effectam

401 1962 434 2016 et
450 1952 584 2035 egregie
600 1948 783 2014 florentem.
802 1949 956 2014 lamvero
982 1951 1010 2014 si
1035 1971 1080 2014 ex
1096 1971 1164 2016 una
1180 1962 1274 2035 parte
1290 1962 1411 2016 auctae
1424 1969 1494 2032 opes

399 2055 584 2137 copiaeque
600 2052 773 2116 civitatum
788 2053 908 2116 merito
919 2055 1100 2118 americani
1111 2057 1241 2137 generis
1257 2056 1396 2138 iugenio
1407 2063 1495 2136 atque

399 2177 559 2240 operosae
583 2155 755 2220 sedulitati
781 2154 965 2220 reseruntur
982 2169 1164 2239 acceptae:
1187 2179 1232 2221 ex
1257 2159 1365 2223 altera
1388 2157 1494 2221 florens

400 2261 445 2326 rel
465 2261 651 2326 catholicae
677 2257 828 2323 conditio
855 2261 1000 2341 primurn
1027 2261 1162 2343 quidem
1191 2261 1494 2341 virtutisollertiae.

399 2369 662 2451 prudentiaeque
673 2365 852 2429 tribuenda
866 2365 1110 2450 Episcoporum
1122 2377 1156 2431 et
1167 2367 1276 2434 Cleri:
1292 2367 1417 2432 deinde
1430 2383 1494 2429 vero

400 2473 476 2538 fidei
494 2469 810 2551 munificentiaeque
833 2469 1081 2535 catholicorum.
1099 2471 1153 2557 Ita
1175 2471 1316 2554 singulis
1331 2471 1493 2537 ordinibus

399 2597 460 2660 pro
476 2575 560 2640 virili
577 2585 670 2656 parte
686 2572 925 2650 adnitentibus,
942 2572 1035 2636 licuit
1051 2574 1147 2637 vobis
1171 2595 1223 2638 res
1246 2571 1494 2640 innumerabiles

400 2683 453 2764 pie
469 2689 570 2762 atque
588 2678 713 2741 utiliter
728 2676 902 2742 instituere
920 2697 928 2754 ;
952 2678 1053 2740 aedes
1077 2696 1198 2756 sacras,
1214 2678 1311 2743 ludos
1327 2675 1493 2744 litterarius

400 2784 509 2867 pueris
526 2779 930 2856 instituendis,domicilia
940 2781 1103 2845 maiorum
1120 2781 1493 2865 disciplinarum,domos

398 2886 582 2970 hospitales
598 2884 687 2968 plebi
703 2885 937 2966 excipiundae,
953 2883 1204 2964 valetudinaria,
1219 2885 1393 2951 coenobia.
1404 2881 1491 2969 Quod

396 3014 476 3059 vero
500 2994 637 3078 propius
661 2992 703 3057 ad
720 2991 885 3056 culturam
901 2990 1022 3055 attinet
1037 2991 1236 3068 animorum,
1253 3011 1339 3075 quae
1354 2989 1491 3056 christia·

396 3119 514 3165 narum
532 3097 773 3163 exercitatione
789 3097 950 3161 virtutum
965 3096 1166 3173 continetur,
1178 3095 1273 3178 plura
1291 3094 1400 3161 Nobis
1414 3112 1491 3159 com·

396 3216 491 3290 perta
513 3212 600 3280 sunt,
615 3203 736 3285 quibus
757 3211 792 3265 et
818 3221 879 3282 spe
893 3199 1052 3282 erigimur
1077 3211 1112 3265 et
1133 3199 1259 3282 gaudio
1274 3201 1490 3283 complemur:

396 3310 522 3374 scilicet
531 3309 646 3392 augeri
659 3307 827 3390 gradatim
839 3305 1012 3387 utriusque
1024 3304 1321 3370 ordinisClericos:
1333 3307 1364 3368 in
1378 3305 1490 3368 bonore

395 3431 468 3476 esse
484 3411 540 3494 pia
555 3409 697 3493 collegia
713 3407 891 3484 sodalium,
906 3407 1017 3489 vigere
1029 3407 1161 3472 scholas
1173 3403 1489 3474 rurr'alescatlrolicas,

397 3516 527 3582 scholas
543 3514 724 3579 dominicas
746 3513 920 3578 doctrinae
945 3511 1147 3578 christianae
1163 3513 1357 3593 tradendae,
1373 3507 1489 3577 scholas

395 3621 563 3696 aestivas,·
579 3619 846 3684 consociationes
871 3616 913 3679 ad
941 3615 1113 3699 suppetias
1139 3626 1260 3680 mutuo
1274 3615 1435 3690 ferendas,
1454 3608 1488 3673 ad

396 3724 545 3805 inopiam
563 3723 751 3800 levandam,
766 3721 809 3786 ad
831 3719 938 3785 victus
961 3719 1221 3802 temperantiam
1247 3719 1428 3783 tuendam:
1449 3712 1489 3774 his

220 3812 311 3910 ,1222
317 3797 371 3910 gf„
397 3827 556 3892 accedere
571 3825 677 3891 multa
694 3825 829 3909 pietatis
841 3822 1012 3908 popularis
1028 3835 1236 3906 argumenta.

239 3935 371 4003 prosperas
443 3929 574 3994 Harum
603 3929 754 3994 felicitati
782 3947 891 3992 rerum
908 3946 976 3991 non
993 3937 1043 3992 est
1060 3927 1199 3991 dubium
1218 3927 1397 4010 plurimum
1413 3926 1488 3990 iussa

257 3997 373 4120 ‘'m-f
397 4052 436 4096 ac
445 4033 579 4096 decreta
590 4035 777 4098 conducere
788 4030 1003 4115 Synodorum
1018 4041 1328 4107 vestrarum,earum
1345 4027 1487 4093 maxim,

241 4121 370 4234 Effi'm·
397 4156 480 4219 quas
496 4135 678 4218 posteriore
693 4147 845 4218 ternpore
861 4133 959 4199 Sedis
970 4132 1192 4216 Apostolicae
1202 4135 1335 4198 vocavit
1344 4141 1379 4197 et
1388 4125 1487 4194 sanxit

222 4265 314 4298 ›sa-mn
363 4223 369 4246 ’
398 4239 586 4304 auctoritas.
605 4239 671 4304 Sed
690 4247 871 4322 praeterea,
886 4237 968 4300 libet
985 4237 1073 4300 enim
1091 4237 1124 4300 id
1150 4237 1244 4301 lateri
1260 4237 1352 4319 quod
1369 4244 1424 4309 est,
1437 4247 1485 4293 sua

221 4315 373 4430 mig,
399 4344 540 4406 debetur
555 4345 663 4424 gratia
679 4343 841 4424 aequitati
859 4343 981 4422 legum,
990 4343 1112 4421 quibus
1123 4341 1282 4404 Anaetica
1298 4343 1388 4415 vivit,
1403 4332 1485 4400 mori·
