3117 4859
237 703 259 748 A
263 705 318 747 ntea

166 759 252 808 dertare
264 775 279 806 a
296 773 319 806 se

200 821 245 866 hac
254 821 282 865 de
292 833 319 863 re

195 881 317 939 epistolum

166 945 287 985 memorat.

186 1437 317 1482 Nonnulla

165 1496 250 1542 suadet
257 1509 318 1554 prece

183 1556 318 1601 saecularis

172 1615 318 1660 celebr-itatis

182 1675 317 1720 utilitatem

209 1740 231 1780 et
248 1735 317 1779 decus

165 1798 277 1852 augeant.

352 322 419 372 122
540 319 731 372 manaae
757 319 1016 373 arosronrcae
1043 307 1064 336 ‘⁸
1082 320 1220 371 neom.
1238 294 1258 323 ‘’

346 471 601 536 succedentibus
636 470 789 548 saeculis,
814 470 972 555 diemque
1005 471 1161 548 recolere,
1198 489 1267 552 quo
1306 471 1455 553 primum

346 575 482 640 Christo
510 585 590 638 nata
614 585 647 637 et
675 573 844 657 particeps
871 573 961 638 iacta
985 583 1037 638 est
1063 574 1261 639 hereditatis
1289 575 1457 640 caelestis.

348 680 442 744 Istud
459 678 720 762 regenerationis
735 677 937 743 christianae
967 677 1166 743 beneficium
1184 678 1286 761 quale
1296 686 1332 742 et
1347 699 1456 762 quan·

345 794 416 846 tum
434 782 487 859 sit,
502 801 655 864 quaeque
683 781 715 844 in
733 781 826 845 omni
843 801 966 864 genere
982 782 1072 844 bona
1085 791 1119 845 et
1134 791 1337 844 ornamenta
1361 782 1457 863 genti

345 892 518 959 Gallorum
547 893 722 976 pepererit,
754 892 962 974 Nosmetipsi
990 893 1163 976 attigimus
1190 895 1385 974 nuperrime
1421 893 1456 956 in

343 997 487 1080 epistola
503 998 545 1060 ad
563 996 720 1060 eumdem
738 998 820 1060 data
836 997 1148 1080 Archiepiscopum.
1173 997 1212 1060 In
1229 1015 1298 1079 qua
1314 998 1456 1080 quidem

344 1123 395 1165 res
423 1101 495 1183 ipsa
522 1110 725 1184 tempusque
755 1102 934 1166 admonuit
961 1111 999 1166 ut
1026 1100 1226 1166 hortationis
1242 1099 1457 1182 apostolicae

343 1205 549 1268 documenta
574 1203 735 1267 nonnulla
752 1204 995 1268 adliceremus:
1018 1205 1120 1286 idque
1135 1214 1307 1285 praestare
1323 1205 1456 1270 studui·

345 1325 419 1368 mus
434 1307 574 1371 caritate
586 1327 709 1390 magna
720 1319 754 1370 et
768 1309 838 1390 pari
852 1327 928 1370 cum
943 1327 1003 1388 spe
1014 1307 1170 1370 utilitatis
1181 1327 1249 1370 non
1264 1308 1458 1382 mediocris,

343 1431 429 1492 quae
445 1422 558 1494 posset
575 1413 607 1474 in
625 1431 806 1475 commune
818 1413 943 1476 bonum
960 1412 1110 1476 derivari.
1122 1449 1165 1460 -
1183 1411 1331 1476 Perutile
1347 1412 1455 1475 enim·

345 1533 422 1577 vero
439 1514 712 1596 praeclarumque
728 1514 837 1590 luerit,
853 1515 1001 1580 Galliam
1017 1514 1221 1578 catholicam
1242 1515 1455 1578 commoveri

343 1638 489 1695 omnem,
516 1627 617 1701 atque
633 1618 747 1681 oculos
764 1628 798 1682 et
813 1619 927 1683 studia
950 1621 1143 1683 unanimem
1160 1629 1358 1682 convertere
1379 1630 1451 1683 tum

343 1724 386 1787 ad
400 1724 594 1804 sospitalem
608 1723 750 1786 Fontem
766 1723 1004 1800 Rhemensem,
1014 1733 1178 1805 tanquam
1190 1723 1234 1786 ad
1247 1722 1453 1787 incunabula

344 1835 487 1908 augusta
514 1825 684 1908 religionis
701 1845 790 1904 suae,
815 1835 887 1890 tum
903 1827 947 1888 ad
960 1827 1145 1908 gloriosum
1163 1825 1311 1908 Remigii
1337 1827 1450 1909 sepul·

343 1953 449 2012 erum,
478 1933 569 1996 velut
600 1933 642 1996 ad
668 1933 864 1998 cathedram
897 1933 1047 2015 magistri
1075 1944 1109 1997 et
1140 1934 1286 2014 pastoris
1317 1932 1450 2014 optimi,

343 2037 440 2102 verba
460 2039 553 2121 pacis
568 2047 777 2120 aeternaeque
804 2038 893 2101 vitae
908 2037 1019 2100 adhuc
1045 2037 1225 2121 loquentis.
1254 2037 1450 2120 Peregrina-

343 2142 451 2205 tiones
479 2143 613 2224 pietatis
635 2161 754 2204 caussa
775 2143 818 2206 ad
844 2161 883 2204 ea
899 2142 972 2205 loca
992 2143 1117 2219 initae;
1141 2142 1318 2224 peculiaris
1344 2140 1449 2205 cultio
1546 2219 1551 2224 Δ

343 2245 531 2309 animorum
549 2266 607 2327 per
622 2245 799 2308 missiones
811 2266 922 2309 sacras
938 2247 1093 2310 instituta
1104 2247 1230 2327 ubique
1244 2267 1252 2323 ;
1269 2245 1446 2326 religiosae

343 2349 591 2415 misericordiae
626 2349 935 2433 beneticentiaeque
970 2350 1079 2414 officia
1111 2351 1236 2435 largius
1273 2352 1429 2416 exhibita
1439 2373 1448 2429 3

342 2465 454 2538 grates
471 2454 605 2520 Christo
622 2453 707 2532 De0,
724 2455 877 2536 publicae
890 2455 1121 2536 prosperitatis
1136 2456 1264 2519 auctori
1278 2455 1448 2538 benignis·

342 2561 439 2636 sim0,
462 2559 636 2641 insigniter
649 2569 765 2636 actae;
789 2559 917 2622 haccet
938 2559 1060 2624 similia
1076 2560 1262 2623 admodum
1288 2560 1447 2623 valebunt

342 2664 385 2728 ad
402 2663 662 2745 exaequandum
689 2661 869 2725 saecularis
886 2662 1090 2726 celebritatis
1107 2664 1219 2741 decus,
1235 2663 1278 2726 ad
1305 2683 1446 2747 eamque

343 2766 511 2829 fructuum
523 2767 774 2846 praestantiam,
785 2786 871 2848 quae
883 2765 915 2827 in
929 2765 1016 2828 votis
1029 2774 1091 2842 est,
1101 2764 1340 2846 colligendam.
1359 2764 1443 2828 Illud

343 2891 442 2951 porro
457 2869 582 2932 valebit
598 2869 649 2931 vel
668 2870 828 2944 maxime,
844 2869 871 2930 si
887 2877 1054 2950 quotquot
1073 2867 1210 2932 nomine
1226 2868 1395 2931 catholico
1414 2869 1445 2932 in

344 2971 453 3035 Gallia
480 2971 676 3054 gloriantur,
692 2981 842 3036 veterum
871 2983 1004 3054 patrum
1021 2971 1181 3052 exempla
1200 2972 1340 3034 memori
1359 2973 1444 3054 cogi·

342 3076 471 3139 tatione
502 3077 690 3158 respiciant,
723 3075 891 3157 fidemque
929 3078 961 3138 in
1002 3078 1118 3158 primis
1153 3086 1311 3157 reputent
1351 3076 1448 3152 illam,

343 3178 497 3254 solidam,
513 3179 667 3252 alacrem,
684 3177 886 3240 effectricem
906 3198 1104 3260 magnarum
1121 3199 1241 3252 rerum,
1255 3198 1334 3242 cum
1363 3177 1448 3242 Sede

344 3282 433 3344 beati
452 3282 540 3346 Petri
557 3282 884 3344 coniunctissimam:
905 3302 949 3344 ex
966 3302 1034 3363 quo
1051 3282 1093 3346 ad
1111 3282 1339 3346 imitationem
1356 3299 1448 3342 exar-

279 3463 280 3466 Ἴ
342 3385 527 3462 descenteS,
555 3385 753 3467 sponsiones
770 3398 1003 3449 sacrosanctas
1019 3386 1052 3447 in
1078 3385 1272 3468 baptismali
1289 3386 1355 3447 ritu
1372 3403 1447 3447 con·

186 3625 315 3682 Indulgen-

164 3683 214 3728 tios
228 3684 315 3743 imper·

163 3743 197 3787 tit
218 3745 314 3789 lucran-

183 3803 227 3847 das
234 3805 314 3860 proxi·

164 3863 211 3907 mis
217 3863 292 3920 sestis.

343 3498 458 3572 ceptas
486 3509 619 3553 summa
649 3507 767 3552 omnes
796 3488 958 3570 religione
990 3490 1244 3571 instauratoque
1272 3488 1445 3571 proposito

343 3601 432 3657 ratas
448 3605 550 3675 atque
567 3590 677 3655 firmas
695 3592 837 3655 edicant.
856 3592 895 3655 In
909 3593 1017 3656 Nobis
1030 3604 1194 3675 quantum
1211 3603 1273 3670 est,
1284 3603 1322 3656 ut
1332 3592 1447 3655 eadem

341 3698 505 3762 solemnia
521 3707 555 3761 et
581 3697 707 3759 honore
724 3716 907 3777 augeamus
935 3708 969 3761 et
985 3697 1175 3760 animorum
1202 3680 1449 3772 emolumentis,

343 3803 453 3886 placet
469 3804 502 3864 in
521 3799 669 3865 Domino
699 3819 837 3862 munera
855 3820 969 3863 sacrae
988 3800 1226 3882 indulgentiae
1247 3811 1347 3864 extra
1362 3799 1448 3862 ordi-

343 3928 419 3970 nem
437 3906 559 3988 largiri.

388 4012 507 4091 Itaque
531 4010 574 4072 de
590 4009 834 4090 omnipotentis
864 4007 928 4071 Dei
952 4009 1189 4086 misericordia,
1212 4028 1252 4070 ac
1276 4008 1448 4072 beatorum

343 4113 585 4193 Apostolorum
614 4112 806 4194 Principum
839 4113 1040 4175 auctoritate
1066 4111 1194 4190 confisi,
1211 4111 1447 4195 'plenissimam

343 4229 556 4294 peccatorum
569 4217 719 4278 omnium
733 4214 980 4296 indulgentiam
1005 4226 1039 4280 et
1052 4217 1283 4280 remissionem
1297 4217 1331 4277 in
1345 4214 1448 4278 iorma

344 4316 486 4380 Iubilaei
503 4319 718 4380 concedimus
735 4317 1017 4384 Christifidelibus
1040 4323 1198 4384 omnibus
1213 4319 1271 4401 qui
1289 4319 1323 4382 in
1340 4317 1448 4383 Gallia
