3117 4859
1436 438 1451 494 l-

624 708 682 767 au
704 705 846 777 angios
866 716 1026 776 ragnum
1051 704 1193 768 curun

495 877 548 938 1n
579 873 1332 946 n1na1un1rarnouaannurns.

243 1159 273 1204 14
396 1136 808 1206 sefflquANTISSIMAE
850 1123 1035 1187 voluntatis
1076 1124 1363 1207 significationem
1406 1129 1462 1193 sibi

188 1204 323 1321 ‘siff
355 1138 543 1511 Q
566 1249 701 1314 quoque
716 1249 736 1292 a
754 1227 863 1291 Nobis
878 1226 1003 1292 habeat
1018 1247 1101 1311 gens
1112 1229 1305 1313 Anglorum
1321 1233 1462 1298 illustris

256 1371 331 1417 Μ,
565 1373 607 1384 -
634 1334 721 1398 Eam
751 1332 890 1414 quidem
921 1332 1057 1396 allocuti
1084 1335 1311 1399 communiter
1344 1358 1463 1414 sumus,

171 1429 331 1490 januam·
563 1439 645 1501 data
671 1456 737 1499 non
761 1436 870 1500 multo
890 1429 1035 1499 antehac
1059 1438 1203 1520 epistola
1218 1441 1410 1521 apostolica
1422 1443 1461 1506 ad

178 1497 330 1596 mm
355 1546 522 1629 principes
539 1553 572 1606 et
594 1540 737 1624 populos
754 1539 926 1604 universos
942 1553 1195 1606 :verumtamen
1221 1555 1257 1606 ut
1273 1545 1306 1608 id
1324 1547 1462 1629 propriis

196 1609 331 1655 &anime
369 1653 375 1665 ,
448 1650 455 1663 ,
731 1644 739 1658 .
898 1644 905 1657 .
1148 1647 1155 1660 .
1260 1648 1268 1662 .
1333 1650 1343 1663 .

200 1670 328 1721 camina,
354 1650 474 1715 litteris
490 1646 707 1722 efficeremus,
729 1663 796 1706 ram
815 1642 924 1706 Nobis
939 1643 1125 1708 admodum
1146 1665 1179 1708 m
1196 1649 1368 1714 desiderio
1384 1671 1462 1714 rese·

172 1729 330 1833 mm.
354 1755 458 1819 derat
475 1751 691 1816 Desiderium
702 1747 881 1810 alebatille
895 1768 964 1830 quo
980 1768 1113 1831 semper
1125 1749 1248 1814 fuimus
1264 1755 1384 1818 animo
1396 1775 1463 1836 pro

175 1847 329 1953 ‚ffiffl
353 1879 460 1942 penso
477 1859 509 1921 in
527 1857 700 1919 nationem
717 1861 872 1928 vestram,
887 1852 982 1914 cuius
997 1871 1048 1914 res
1064 1873 1084 1914 a
1097 1866 1266 1920 vetustate
1278 1860 1461 1939 praeclaras

167 1963 221 2025 sex.
353 1962 524 2027 christiani
549 1959 627 2024 fasti
655 1958 858 2038 loquuntur:
883 1974 991 2036 eaque
1006 1956 1151 2040 amplius
1177 1961 1364 2025 movebant
1382 1983 1461 2047 quae

353 2087 422 2130 non
439 2063 641 2146 infrequenti
656 2080 733 2123 cum
751 2059 968 2142 popularibus
984 2061 1103 2122 vestris
1119 2081 1276 2126 sermone
1290 2084 1462 2150 accepera·

354 2190 438 2247 mus,
452 2178 525 2233 tum
553 2168 595 2230 de
621 2161 837 2229 observantia
854 2161 1045 2244 Anglorum
1068 2166 1101 2226 in
1125 2166 1198 2229 Nos
1214 2168 1464 2249 humanissima,

352 2284 425 2338 tum
442 2271 621 2356 praecipue
643 2272 686 2333 de
712 2267 957 2331 calescentibus
983 2267 1060 2330 istic
1086 2271 1276 2334 animorum
1294 2275 1419 2337 studiis
1434 2277 1462 2338 in

353 2398 403 2456 eo,
424 2387 461 2440 ut
485 2396 603 2458 pacem
625 2375 932 2454 sempiternamque
957 2372 1101 2436 salutem
1128 2395 1187 2455 per
1203 2373 1280 2438 fidei
1298 2380 1461 2442 unitatem

353 2483 533 2564 requirant.
548 2517 591 2528 —
607 2478 720 2541 Testis
736 2486 850 2538 autem
867 2484 918 2538 est
935 2475 1028 2539 Deus
1043 2496 1146 2558 quam
1163 2480 1337 2546 incensam
1354 2483 1462 2548 fovea-

354 2606 429 2650 mus
444 2604 549 2667 spem,
564 2602 663 2665 posse
678 2599 817 2663 operam
840 2577 1001 2641 Nostram
1024 2579 1144 2643 afferre
1170 2582 1298 2666 aliquid
1316 2590 1360 2651 ad
1378 2609 1462 2652 sum·

354 2709 446 2754 mum
473 2687 676 2751 christianae
700 2681 840 2748 unitatis
864 2685 1037 2764 negotium
1054 2685 1088 2746 in
1105 2685 1235 2770 Anglia
1251 2693 1419 2757 tuendum
1433 2700 1463 2754 et

353 2793 629 2878 procurandum:
655 2789 807 2870 Deoque‚
836 2787 1080 2868 benignissimo
1110 2797 1339 2859 conservatori
1371 2798 1463 2870 vitae,

354 2897 518 2961 habemus
535 2895 691 2976 gratiam,
706 2893 774 2974 qui,
790 2900 827 2953 ut
850 2890 939 2954 istud
967 2892 1069 2956 etiam
1094 2897 1388 2979 contenderemus,
1402 2903 1461 2965 hoc

355 3001 463 3064 Nobis
490 3000 611 3063 aetatis
637 2995 947 3076 incolumitatisque
971 2999 1181 3061 concesserit.
1199 2998 1373 3081 Quoniam
1390 3027 1461 3069 vero

209 3132 329 3179 Omnaesin
354 3105 463 3188 optati
490 3105 602 3167 exitus
626 3099 899 3183 expectationem
930 3099 1023 3162 nulla
1045 3100 1079 3162 in
1105 3122 1140 3164 re
1166 3105 1277 3186 magis
1303 3127 1408 3189 quam
1431 3112 1461 3172 in

233 3190 330 3262 A3ngziq
354 3208 543 3273 admirabili
559 3205 687 3288 gratiae
703 3204 774 3265 eius
790 3202 914 3266 virtute
925 3203 1138 3284 collocamus,
1148 3205 1181 3268 in
1193 3207 1227 3271 id
1240 3211 1353 3290 ipsum
1367 3233 1460 3296 prop-

190 3251 329 3356 casm}
354 3325 446 3377 terea
479 3310 649 3394 appellare
677 3307 820 3388 Anglos,
856 3316 1025 3390 quotquot
1058 3308 1246 3389 gloriantur
1283 3314 1462 3380 christiano

172 3370 331 3499 fri'fflm
355 3418 501 3492 nomine,
526 3407 691 3477 meditato
716 3409 858 3473 consilio
884 3412 1101 3477 decrevimus.
1124 3414 1243 3497 Atque
1265 3439 1324 3481 eos
1347 3421 1460 3484 invita·

177 3493 280 3534 '‘mm‘'
356 3531 471 3583 mento
494 3530 528 3581 et
555 3517 703 3598 alloquio
718 3514 886 3576 cohortari
902 3516 1126 3596 aggredimur,
1143 3529 1178 3581 ut
1193 3523 1320 3602 pariter
1335 3527 1461 3608 erigant

353 3625 395 3686 ad
423 3625 534 3686 Deum
562 3632 596 3683 et
623 3619 801 3681 intendant
820 3615 987 3694 fiduciam,
1011 3640 1179 3704 opemque
1204 3627 1248 3689 ab
1264 3625 1333 3705 illo,
1349 3638 1460 3693 tantae

355 3728 400 3790 rei
432 3728 580 3789 maxime
612 3723 844 3794 necessariam.
874 3725 1072 3788 assiduitate
1102 3737 1296 3793 sanctarum
1328 3753 1459 3816 precum

353 3830 542 3912 implorent.

228 3945 328 4015 ,Grego-
398 3933 538 3997 Caritati
555 3933 588 3996 in
603 3953 661 3995 vos
679 3932 978 4016 providentiaeque
994 3935 1142 4000 Nostrae
1153 3937 1243 4004 lacta
1261 3941 1457 4007 Pontificum

207 4005 328 4122 'mig
353 4036 565 4099 decessorum
594 4037 800 4118 praelucent,
826 4039 860 4099 in
886 4039 1000 4120 primis
1027 4039 1180 4124 Gregorii
1207 4045 1324 4127 Magni
1338 4070 1347 4125 ;
1369 4049 1458 4110 cuius

195 4123 327 4180 MA*
354 4141 487 4222 quidem
505 4140 649 4220 insignia
664 4141 707 4202 de
731 4141 891 4231 religione
915 4162 954 4205 ac
982 4145 1024 4208 de
1039 4145 1253 4212 humanitate
1274 4151 1458 4231 promerita,

353 4244 423 4306 iure
439 4245 471 4306 in
489 4256 590 4324 gente
607 4252 717 4306 vestra
733 4244 893 4326 singulari
909 4251 1058 4328 quodam
1072 4251 1457 4317 nominecollaudantur.
