3117 4859
740 474 1063 557 EPISTOLA
1422 453 1425 482 ⁵

366 1067 388 1097 Γ
783 988 836 1047 1n
867 984 1043 1047 aucun.
1426 1060 1429 1064 ¹

235 1254 264 1299 ²⁷
540 1264 591 1316 uo
610 1248 678 1313 sint
708 1267 787 1329 erga
808 1246 882 1311 Nos
908 1247 1022 1309 animo
1049 1243 1252 1309 Germaniae
1281 1242 1398 1308 fideles
1429 1253 1464 1308 et

202 1298 293 1419 w!
348 1250 537 1625 Q
557 1373 626 1437 quo
649 1351 792 1433 flagrent
823 1350 936 1414 studio
963 1349 1110 1413 tuendae
1140 1348 1311 1429 religionis
1341 1348 1464 1425 avitae,

557 1476 646 1521 novo
664 1464 698 1519 et
721 1455 863 1519 solemni
891 1454 1112 1538 prodiderunt
1135 1452 1261 1516 indicio
1293 1452 1466 1535 praeclara

171 1523 325 1651 sigerspgtg
557 1562 651 1637 scita,
679 1558 823 1642 probata
853 1557 1011 1623 concordi
1038 1554 1200 1637 suffragio
1226 1556 1260 1619 in
1292 1566 1463 1619 conventu

207 1660 325 1781 {m}
351 1672 520 1751 Fuldensi,
543 1686 685 1754 quorum
713 1663 919 1746 exemplum,
942 1671 976 1726 te
1007 1668 1145 1727 curante
1172 1679 1280 1743 nuper
1309 1661 1352 1723 ad
1386 1660 1463 1723 Nos

219 1784 324 1848 quaein
348 1776 510 1861 pervenit.
529 1773 697 1855 Equidem
714 1771 796 1834 dum
812 1775 910 1850 grato
922 1768 1156 1850 prosequimur
1166 1766 1282 1831 animo
1291 1765 1463 1849 significa·

201 1856 326 1963 ‘izm-
350 1882 458 1945 tiones
484 1876 620 1961 pietatis
637 1885 776 1951 vestrae,
792 1892 879 1955 quae
895 1892 954 1935 vos
977 1870 1055 1935 lacit
1072 1872 1115 1935 de
1131 1870 1285 1935 libertate
1301 1879 1337 1934 et
1363 1882 1462 1935 exte·

188 1987 320 2039 sunracta,
350 1986 434 2048 riore
459 1982 628 2065 dignitate
642 1980 769 2042 Nostra
787 1974 959 2053 sollicitos,
974 1974 1082 2039 facere
1098 1995 1164 2039 non
1183 1996 1362 2057 possumus
1377 1978 1462 2059 quin

198 2046 323 2096 erlorrdat
422 2088 429 2101 ,
503 2088 510 2099 ,
1242 2080 1277 2094 ..
1378 2080 1385 2095 .

186 2113 321 2163 Carholr'co·
349 2097 467 2153 menta
483 2084 582 2149 srmul
600 2101 759 2145 ornemus
775 2080 875 2146 laude
889 2079 996 2142 zelum
1011 2100 1079 2163 quo
1091 2080 1295 2144 contendrtrs
1312 2089 1349 2143 ut
1365 2078 1464 2144 lrber-

173 2177 322 2295 mm]
349 2200 454 2255 tatem
471 2190 606 2271 plenam
632 2186 665 2249 in
686 2184 854 2249 catholica
871 2184 1032 2265 religione
1053 2184 1195 2248 colenda
1215 2184 1362 2248 civilium
1379 2204 1464 2267 quo·

202 2312 323 2383 rumam·
349 2316 414 2377 que
438 2294 552 2375 legum
577 2288 786 2354 communiat
814 2288 1006 2353 auctoritas.
1025 2288 1065 2351 ld
1092 2290 1264 2353 enimvero
1291 2298 1325 2353 et
1353 2288 1465 2353 Nobis

171 2379 322 2504 52²5ng
350 2416 503 2461 summae
519 2414 618 2459 curae
634 2414 707 2457 esse
724 2393 791 2455 iam
807 2402 880 2456 tum
897 2392 1009 2474 palam
1027 2394 1238 2457 ostendimus
1251 2414 1357 2475 quum
1382 2394 1461 2457 istic

174 2506 323 2568 lis‘ioaista·
350 2499 517 2563 catholica
538 2496 656 2581 religio
671 2496 779 2560 civilis
804 2496 914 2559 cultus
930 2496 1046 2559 tuendi
1067 2496 1204 2560 nomine
1220 2498 1458 2579 impeteretur:

173 2570 326 2687 mfflr,
352 2624 419 2686 quo
443 2600 686 2684 temporejnon
712 2600 872 2665 desiimus
895 2602 1006 2663 conari
1040 2610 1076 2664 ut
1100 2601 1190 2683 leges
1220 2600 1467 2684 abrogarentur

194 2706 264 2781 ‚ipsa
277 2701 325 2762 rege
353 2705 524 2769 Ecclesiae
541 2703 701 2781 infensae,
717 2704 767 2765 sin
784 2703 893 2766 minus
906 2723 1020 2767 earum
1035 2704 1192 2770 leniretur
1209 2708 1383 2771 acerbitas.
1395 2706 1465 2769 Eo·

175 2770 325 2885 abbam.
351 2811 429 2873 dem
452 2810 567 2873 studio
589 2809 693 2873 etiam
726 2807 759 2870 in
788 2826 945 2889 praesens
972 2808 1190 2887 incendimur,
1211 2811 1338 2893 quippe
1369 2812 1462 2893 quod

195 2901 325 3027 mi}
352 2934 460 2995 neque
491 2913 600 2977 indita
617 2912 727 2975 Nobis
742 2911 786 2974 ab
814 2912 950 2975 incunte
982 2922 1093 2975 aetate
1125 2911 1216 2989 fides,
1233 2934 1342 2996 neque
1376 2917 1466 2979 ratio

181 3099 187 3111 1
207 3030 326 3106 obsecrare
351 3018 525 3080 ministerii
544 3016 661 3081 Nostri
678 3015 766 3079 sinat
785 3014 956 3097 restingui.
981 3016 1170 3099 Eapropter
1187 3016 1269 3081 nihil
1298 3018 1464 3081 habemus

174 3096 326 3210 maffia
350 3121 522 3205 antiquius
541 3142 643 3203 quarn
658 3120 742 3183 utin
759 3119 879 3183 illustri
896 3120 1005 3201 patria
1021 3131 1132 3185 vestra
1154 3121 1320 3187 catholica
1347 3122 1465 3206 religio

175 3226 327 3305 curantve
350 3236 552 3309 augescente
571 3226 694 3302 indies
711 3224 932 3307 prosperitate
956 3224 1082 3301 floreat,
1109 3227 1324 3291 adversarum
1349 3227 1464 3309 legum

173 3293 325 3408 κίζξὲῗὼ
351 3332 512 3412 expedita
549 3329 702 3405 nexibus,
719 3347 834 3392 earum
859 3328 1056 3409 praesertim
1084 3348 1171 3411 quae
1196 3330 1238 3393 ad
1272 3330 1462 3413 religiosam

213 3480 327 3544 Exoptar
352 3434 520 3516 pertinent
545 3432 728 3495 iuventutis
759 3431 1018 3497 institutionem.
1045 3431 1166 3514 Itaque
1191 3453 1296 3515 quum
1324 3453 1365 3495 eo
1392 3453 1461 3517 quo

224 3546 326 3623 {elstret
352 3536 424 3599 Nos
440 3538 657 3614 intendimus,
672 3535 800 3598 conniti
828 3556 887 3598 vos
912 3536 1014 3598 etiam
1037 3548 1070 3599 et
1087 3537 1233 3619 reliquos
1259 3536 1462 3601 Germaniae

169 3627 327 3741 spem
351 3640 466 3703 fideles
494 3640 731 3722 intelligamus,
759 3658 895 3703 necesse
926 3649 977 3703 est
1003 3638 1076 3705 Nos
1109 3643 1245 3705 meritas
1269 3643 1461 3706 vobisdare

173 3742 326 3819 darerzgr'osq
352 3743 467 3806 laudes
483 3744 529 3807 ob
544 3764 585 3807 ea
596 3764 684 3825 quae
704 3743 867 3825 gessistis,
884 3743 1096 3828 Nostraeque
1112 3746 1312 3811 hortationis
1331 3748 1462 3832 'addere

178 3814 326 3921 simi&
351 3847 506 3911 stimulos
519 3856 555 3910 ut
572 3866 688 3911 eorum
705 3857 881 3930 compotes
898 3849 1088 3913 efficiamini
1105 3870 1191 3934 quae
1207 3850 1318 3915 adhuc
1331 3860 1410 3913 sunt
1426 3850 1460 3913 in

122 3969 125 3973 ·
168 3939 325 4067 μζᾶξόη·
351 3952 486 4035 optatis.
505 3953 612 4034 Igitur
627 3952 756 4034 pergite
772 3952 927 4015 alacriter
940 3974 948 4032 ;
961 3954 1121 4037 omnique
1143 3964 1276 4019 utentes
1293 3954 1460 4038 praesidio

268 4040 274 4054 ⁹
352 4068 386 4121 et
401 4078 466 4139 ope
481 4078 570 4139 quae
592 4057 776 4122 catholicos
807 4056 961 4119 homines
988 4057 1115 4136 deceat,
1131 4058 1234 4122 ductu
1252 4068 1286 4122 et
1310 4057 1459 4140 auspicio

351 4182 521 4225 sacrorum
553 4162 927 4243 Antistitum,quorum
960 4162 1152 4241 constantia
1176 4170 1209 4225 et
1236 4160 1319 4225 fides
1342 4160 1392 4223 vel
1424 4161 1457 4223 in

353 4269 512 4349 maxima¹
526 4266 706 4349 asperitate
733 4286 842 4329 rerum
860 4250 974 4331 Nobis
992 4265 1054 4329 suit
1070 4264 1315 4348 probatissima,
1330 4268 1372 4335 ad
1390 4286 1458 4329 me-

352 4382 422 4435 tam
433 4372 640 4454 propositam
654 4370 817 4446 festinate,
827 4370 944 4433 conlisi
961 4372 1140 4452 propitiam
1153 4372 1248 4435 vobis
1264 4369 1456 4437 adiuturam
