3117 4859
659 406 765 456 AD
818 405 1116 456 ANGLOS
1173 404 1276 454 DE
1329 404 1541 453 FIDEI
1597 401 1962 452 UNITATE.
2311 395 2404 467 37

197 547 418 630 Quum
452 550 631 612 enim
664 561 790 631 pro
818 549 1263 613 convertendis
1293 549 1540 632 Anglis
1574 546 1966 621 Saxonibus‚
1994 543 2407 627 quemadmo-
2452 551 2745 656 {3323

192 651 347 714 dum
381 652 451 716 in
484 653 870 717 monachatu
904 663 1345 737 proposuerat,
1373 652 1602 716 assidu
1610 654 1667 716 is
1708 650 2171 734 cogitationum
2186 648 2410 731 flucti-
2462 676 2538 716 ms
2558 676 2626 716 ess

194 756 311 818 bus
339 767 687 838 urgeretur
712 758 818 840 (1),
849 760 901 821 si
935 758 1343 839 apostolicos
1384 760 1449 820 in
1500 758 1598 821 eis
1629 757 1891 819 labores
1924 774 2238 837 praesens
2270 752 2414 832 qui·

198 860 347 923 dem
393 862 599 939 obire,
629 864 715 925 ad
749 864 1076 944 ampliora
1107 864 1490 926 destinante
1525 863 1696 938 De0,
1727 881 1860 923 non
1895 861 2135 940 potuit,
2169 864 2410 924 mirum

199 984 356 1027 sane
412 986 547 1046 quo
603 966 714 1029 ille
763 969 1010 1043 anim0,
1064 988 1197 1050 qua
1249 969 1631 1031 constantia
1688 967 1939 1048 grande
1994 968 2410 1049 propositum

196 1067 438 1133 institit
470 1069 1090 1153 perficiendumque
1124 1073 1400 1136 curavit.
1428 1072 1606 1135 Nam
1629 1093 1718 1136 ex
1752 1073 1895 1152 ipsa
1930 1071 2414 1134 monachorum

196 1171 470 1250 familia,
519 1194 722 1256 quam
775 1177 961 1239 domi
1006 1197 1166 1240 suae
1217 1179 1300 1240 ad
1353 1197 1626 1240 omnem
1660 1177 2039 1240 doctrinam
2076 1187 2143 1238 et
2174 1176 2418 1240 sancti-

199 1280 496 1342 moniam
552 1281 802 1343 eximie
855 1280 1277 1356 formaverat,
1332 1281 1486 1343 illuc
1541 1282 1874 1345 delectam
1910 1301 2205 1357 manum,
2238 1280 2418 1344 beati

195 1383 567 1465 Augustini
600 1385 828 1470 ductu,
858 1386 1078 1448 alacer
1111 1387 1338 1462 mittit,
1369 1397 1603 1450 contra
1637 1388 1950 1451 miseram
2004 1388 2418 1469 superstitio-

198 1507 348 1550 nem
385 1489 666 1552 nuncios
699 1491 1128 1570 evangelicae
1154 1491 1541 1572 sapientiae,
1567 1492 1841 1574 gratiae,
1866 1492 2418 1556 mansuetudinis.

197 1591 457 1674 Coepta
483 1613 683 1673 porro
705 1614 826 1656 sua
859 1594 1058 1657 nullis
1088 1595 1403 1658 humanis
1428 1595 1723 1659 subnixa
1749 1596 2117 1676 praesidiiS,
2138 1605 2205 1659 et
2230 1616 2418 1676 spem

194 1716 313 1776 per
368 1694 802 1761 difficultates
852 1709 1286 1774 crescentem,
1332 1699 1528 1779 plena
1560 1701 1840 1763 tandem
1874 1700 2060 1763 videt
2094 1710 2161 1764 et
2191 1720 2418 1764 cumu-

195 1799 352 1863 lata.
383 1837 470 1848 —
502 1799 710 1864 Cuius
759 1812 1075 1866 eventum
1132 1803 1222 1865 rei
1272 1804 1489 1867 eidem
1543 1804 1938 1885 Augustino
1990 1824 2111 1886 per
2166 1803 2418 1864 litteras

194 1905 566 1979 nuncianti,
597 1906 1023 1990 triumphans
1079 1909 1223 1987 ipse
1277 1909 1527 1989 gaudio
1559 1929 1639 1971 ea
1673 1907 2008 1989 rescripsit
2038 1932 2050 1970 :
2088 1905 2318 1971 Gloria
2354 1908 2422 1968 in

193 2009 456 2071 excelsis
501 2008 659 2084 Deo,
708 2020 773 2074 et
828 2010 896 2072 in
951 2022 1129 2074 terra
1166 2023 1313 2094 pax
1353 2011 1728 2081 hominibus
1767 2011 1965 2076 bonae
2012 2011 2205 2074 volun
2214 2012 2374 2072 satir
2402 2032 2426 2075 :

180 2112 410 2196 gloria
446 2111 748 2192 Christo„
765 2163 807 2178 ..
843 2115 1031 2178 cuius
1053 2126 1258 2178 morte
1279 2116 1589 2191 vivimus,
1618 2117 1803 2180 cuius
1828 2116 2218 2196 infirmitate
2246 2116 2418 2180 recin-

191 2237 449 2295 ramur,
495 2219 682 2281 cuius
726 2241 948 2282 amore
1000 2220 1070 2283 in
1121 2220 1486 2284 Britannia
1521 2221 1789 2301 fratres
1835 2220 2215 2303 quaerimus
2266 2240 2422 2300 qnos

191 2322 682 2404 ignorabamus,
724 2325 910 2387 cuius
951 2346 1215 2388 munere
1252 2346 1408 2406 quos
1438 2325 1777 2389 nescientes
1805 2324 2286 2407 quaerebamus,
2318 2324 2418 2384 in·-

190 2427 511 2493 venimuS.
546 2426 716 2507 Quis
755 2440 973 2492 autem
1027 2451 1307 2493 narrare
1338 2430 1622 2513 sufficiat
1646 2440 1897 2513 quanta
1926 2430 2034 2493 liic
2055 2429 2314 2493 laetitiis:
2346 2428 2418 2492 in

185 2533 488 2595 omnium
518 2533 704 2597 corde
728 2533 1045 2617 fidelium
1073 2535 1298 2614 fuerit
1342 2545 1584 2610 exorta,
1626 2535 1803 2616 quod
1831 2556 1995 2617 gens
2024 2536 2418 2617 Angla-rum,

184 2646 489 2717 operante
537 2638 991 2720 omnipotentis
1042 2638 1180 2702 Dei
1213 2639 1468 2721 gratia,
1512 2649 1577 2704 et
1619 2649 1735 2702 tua
1766 2639 2218 2703 Fraternitate
2246 2640 2414 2700 triho-

187 2752 398 2817 rante,
415 2741 698 2822 expulsis
715 2763 1013 2806 errorum
1045 2743 1338 2819 tenebris,
1361 2755 1621 2807 sanctae
1632 2744 1807 2827 fidei
1825 2743 1960 2807 luce
1977 2744 2254 2825 perfusa
2278 2752 2374 2804 est
2394 2764 2418 2804 ,⁴

183 2845 368 2927 quod
391 2856 600 2909 mente
631 2846 1056 2928 integerrima
1089 2849 1226 2911 iam
1255 2849 1461 2912 calcat
1491 2848 1684 2923 idola,
1704 2847 1938 2930 quibus
1952 2848 2152 2931 prius
2183 2868 2418 2910 vesano

183 2948 426 3012 timore
467 2949 840 3014 subiacebat
879 2951 967 3034 (2)
994 2957 1022 3014 P
1073 2952 1399 3034 Idemque
1436 2951 1835 3016 Ethelberto
1885 2954 2023 3033 regi
2076 2951 2298 3017 Cantii
2350 2960 2414 3012 et

187 3052 436 3116 Bertae
490 3055 760 3135 reginae
809 3056 1188 3136 gratulatus
1234 3065 1337 3119 est
1382 3057 1685 3136 epistolis
1735 3056 2182 3137 perbenigniS,
2234 3056 2414 3136 quod

185 3157 405 3220 altera
446 3158 879 3223 recordandae
921 3161 1271 3223 memoriae
1315 3160 1659 3235 Helenam,
1708 3159 1875 3223 alter
1912 3158 2414 3225 Constantinam

169 3261 566 3343 piissimum
596 3263 1063 3343 Imperatorem
1094 3275 1317 3328 essent
1352 3265 1596 3327 imitati
1629 3263 1749 3346 (3);
1781 3274 1925 3326 tum
1963 3272 2318 3344 utrumque
2350 3276 2418 3328 et

184 3375 465 3446 gentem
529 3365 981 3431 saluberrimis
1035 3368 1310 3432 monitis
1364 3366 1804 3442 confirmavit,
1853 3366 2204 3449 plenisque
2266 3388 2414 3448 pru-

183 3469 463 3532 dentiae
488 3469 812 3535 institutis
833 3473 1197 3553 provehere
1220 3483 1285 3534 et
1312 3492 1556 3553 augere
1583 3472 1838 3553 reliqua
1863 3471 2002 3534 vita
2033 3490 2163 3532 non
2198 3472 2414 3536 desiit.

191 3571 301 3636 Ita
351 3575 420 3636 in
476 3573 866 3638 Britanniae
923 3574 1166 3639 finibus
1211 3577 1652 3640 christianum
1701 3594 1966 3652 nomen,
2000 3576 2414 3655 temporibus

185 3678 427 3757 priscis
476 3678 565 3742 ab
612 3679 759 3760 ipsa
821 3679 1126 3744 Ecclesia
1188 3681 1545 3755 invectum,
1597 3688 2069 3761 propagatum,
2118 3678 2410 3741 vindica-

186 3791 335 3845 tum
375 3779 480 3863 (4),
512 3784 695 3863 quod
745 3793 1128 3848 exterarum
1185 3784 1431 3847 deinde
1485 3785 1929 3865 occupatione
1958 3782 2258 3865 gentium
2294 3804 2410 3860 np-

251 3928 292 3959 ι.
332 3915 503 3960 Ioann.
533 3916 669 3961 Diae.
699 3917 754 3962 in
777 3917 884 3962 vita
904 3919 1088 3972 eius-11,
1115 3932 1186 3976 33.
1209 3943 1268 3951 —
1299 3932 1342 3964 2.
1378 3918 1536 3977 Epist.
1561 3928 1637 3970 xl,
1664 3919 1736 3969 28,
1762 3918 1828 3962 al.
1857 3926 1931 3968 tx.
1958 3918 2028 3974 58.
2071 3939 2129 3948 -
2160 3928 2204 3972 3.
2246 3916 2306 3960 fai.
2338 3924 2410 3968 ευ,

181 3977 264 4026 66.
289 3977 357 4022 al.
389 3979 553 4032 lx,6o;
577 3988 654 4031 xl,
678 3993 752 4038 29.
778 3980 846 4025 al.
879 3991 951 4034 tx,
978 3994 1048 4040 59.
1078 4005 1137 4015 --
1157 3996 1200 4038 4.
1240 3982 1295 4026 In
1319 3981 1414 4027 hoe
1441 3981 1583 4026 valde
1604 3981 1703 4038 egit
1716 3988 1915 4026 sanctus
1942 3977 2242 4025 Caelestinus
2266 3976 2302 4028 1.
2330 3976 2414 4020 ad-

185 4051 358 4084 versus
387 4039 624 4087 haeresim
654 4043 959 4100 pelagianam
990 4056 1118 4102 quae
1137 4044 1393 4090 Britannos
1413 4043 1655 4089 infecerat.
1697 4043 1811 4098 Qua
1830 4044 1892 4088 de
1913 4055 1964 4087 re
1983 4049 2184 4087 sanctus
2214 4040 2418 4096 Prosper

184 4101 484 4159 Aquitanus.
516 4105 720 4162 scriptor
738 4106 957 4151 eiusdem
978 4107 1167 4159 aetatis.
1206 4105 1436 4164 idemque
1466 4115 1640 4163 posta
1674 4105 1830 4152 sancti
1868 4105 2045 4151 Leonis
2081 4102 2250 4161 Magni
2282 4112 2414 4148 nota-

187 4164 305 4215 rius.
347 4165 418 4211 sic
452 4166 599 4212 habet
651 4167 700 4212 in
748 4181 838 4213 suo
897 4169 1135 4215 Chronico
1164 4185 1183 4214 :
1222 4177 1252 4217 (
1285 4168 1514 4225 Agricola
1547 4169 1848 4226 pelagianus.
1891 4166 2135 4213 Severiani
2176 4164 2418 4223 pelagiani

186 4234 217 4274 <
237 4227 461 4286 episcopi
481 4228 621 4281 filius,
646 4230 873 4276 ecclesias
905 4230 1180 4277 Britanniae
1208 4231 1455 4288 dogmatis
1483 4231 1557 4275 sui
1595 4230 1922 4276 insinuatione
1960 4227 2186 4285 corrupit.
2234 4228 2330 4272 Sed
2350 4228 2418 4272 ¹aad

184 4299 217 4341 4
237 4288 487 4336 actionem
525 4290 726 4337 Palladii
746 4293 954 4344 diaconi,
983 4293 1118 4349 Papa
1147 4292 1452 4338 Caelestinus
1487 4293 1799 4345 Germanum,
1824 4291 2278 4337 antissiodorensem
2318 4290 2414 4344 epi-

186 4361 217 4401 <
238 4363 466 4408 scopum.
504 4354 609 4398 vice
624 4367 715 4399 sua
736 4355 893 4408 mittit,
919 4363 967 4401 et
989 4355 1258 4401 deturbatis
1276 4354 1541 4407 haereticis.
1572 4353 1830 4399 Britannos
1848 4354 1913 4398 ad
1952 4350 2234 4398 catholicam
2270 4348 2418 4396 fidem

192 4423 219 4463 ε
241 4412 423 4471 dirigit.
449 4423 478 4463 )
501 4415 686 4473 Migne,
709 4416 835 4462 Bibl.
865 4416 968 4463 PF.
1000 4416 1046 4463 S.
1079 4417 1246 4474 Prosp.
1272 4416 1436 4474 Aquit.
1461 4422 1558 4474 opp.
1573 4449 1583 4467 ,
1607 4416 1697 4460 vol.
1726 4429 1829 4467 un„
1854 4427 1966 4472 pag.
1995 4427 2094 4472 594.
