3117 4859
457 1070 468 1093 .
530 1050 699 1107 ouNIfflL
743 1035 918 1100 allocuturi
970 1038 1215 1123 amplissimum
1258 1066 1457 1118 consessum

272 1154 278 1168 ·
551 1151 708 1217 vestrum,
723 1150 825 1204 antea
840 1160 941 1224 quam
959 1141 1148 1226 Episcopos
1165 1165 1397 1233 nuncupemus
1409 1160 1456 1222 ad

193 1283 315 1335 Iniusto-
550 1248 667 1313 viduas
684 1242 868 1309 mittendos
885 1242 1062 1323 Ecclesias,
1078 1248 1176 1313 valde
1197 1252 1340 1320 velimus
1354 1268 1458 1341 optu-

158 1348 314 1466 mdlx]
550 1352 668 1417 biliora
692 1349 735 1414 ad
752 1368 812 1413 vos
827 1347 931 1413 lando
946 1347 1073 1417 all'erre.
1089 1351 1138 1418 At
1158 1374 1238 1420 vcro
1264 1361 1457 1444 perspicitis

168 1481 312 1530 mma·
340 1460 448 1543 qualis
458 1480 530 1523 esse
546 1460 734 1539 perseveret
750 1471 859 1516 rerum
876 1471 1001 1531 cursus,
1024 1466 1152 1537 quanto
1172 1459 1285 1542 plures
1311 1465 1454 1533 dolendi

179 1561 311 1661 “mg
338 1582 485 1641 caussae,
500 1580 602 1647 quarn
619 1557 776 1624 laetandi.
790 1555 876 1619 lllud
893 1558 1136 1642 gravius‚quod
1153 1563 1448 1635 incommodorum

157 1675 249 1727 indus
267 1692 308 1727 ex-
337 1666 387 1731 vis
403 1666 580 1751 variaeque
595 1662 796 1729 acerbitates
811 1679 898 1745 quae
914 1661 947 1724 in
975 1660 1162 1729 Ecclesiam
1188 1666 1247 1731 diu
1272 1670 1339 1737 iarn
1356 1673 1454 1739 incu-

153 1742 230 1869 {22²
242 1742 309 1794 Μ’
336 1771 446 1849 buere,
461 1790 506 1835 ex
523 1768 632 1846 Italia,
647 1766 696 1832 uti
712 1764 828 1842 nostis,
845 1764 1058 1848 potissimum
1079 1766 1322 1851 ingravescant
1340 1774 1452 1841 Nimi-

335 1895 409 1941 rum
432 1875 533 1939 lactio
557 1872 733 1937 hominurn
760 1868 911 1934 maxime
939 1870 1063 1943 audax,
1089 1873 1169 1954 quia
1193 1875 1292 1940 malis
1318 1879 1451 1945 artibus

333 1987 453 2062 potens
476 1985 510 2043 et
535 1986 726 2058 temporum
742 1972 857 2038 lavore
884 1979 967 2051 tuta,
982 1972 1093 2056 pergit
1119 1974 1306 2045 Ecclesiam
1332 1982 1447 2064 oppri-

334 2102 432 2160 mere,
448 2100 573 2164 perque
592 2079 739 2162 speciem
755 2076 998 2141 ministrandae
1013 2078 1142 2163 populo
1158 2080 1331 2163 libertatis,
1350 2087 1446 2172 large

331 2186 526 2251 iniuriarum
553 2193 655 2267 atque
685 2179 868 2263 impietatis
902 2178 1069 2261 permittit
1095 2180 1277 2252 licentiam.
1309 2188 1445 2254 Recens

331 2290 456 2355 clamat
481 2288 615 2353 illorum
632 2286 763 2367 insigne
778 2282 882 2360 nefas,
907 2282 964 2365 qui
987 2284 1271 2367 nequissimarum
1288 2293 1445 2361 obtinent

331 2390 525 2474 magisteria
538 2398 716 2453 sectarum.
729 2384 862 2470 Quibus
873 2385 969 2451 licuit
985 2386 1131 2470 impune,
1141 2390 1176 2455 iu
1189 2390 1264 2459 luce
1276 2396 1349 2479 ipsa
1362 2398 1445 2463 civi-

331 2502 450 2567 tatum,
465 2491 572 2557 multa
586 2489 757 2555 effundere
772 2488 1036 2572 flagitiosissima
1054 2514 1061 2555 :
1078 2502 1196 2575 optare
1211 2517 1248 2561 se
1264 2510 1298 2565 et
1315 2505 1441 2568 mordi-

332 2617 390 2661 cus
420 2596 504 2661 velle
529 2615 704 2661 romanum
737 2590 945 2668 Pontificem,
972 2593 1144 2677 publicum
1172 2600 1266 2666 velut
1295 2602 1440 2686 hostem,

332 2700 530 2777 extinctum,
557 2696 794 2763 labefactatam
813 2694 1009 2775 Ecclesiam,
1034 2699 1230 2783 religionem
1252 2726 1438 2793 usquequa-

331 2824 397 2888 que
411 2804 557 2870 deletam
577 2804 668 2887 ;iam
685 2800 774 2884 apud
792 2799 995 2864 sestatuisse
1012 2820 1070 2882 per
1080 2813 1169 2868 artes
1185 2826 1303 2874 omnes
1318 2834 1439 2897 rogan·
1494 2883 1498 2889 ,

331 2909 450 2973 darum
468 2907 580 2992 legum
604 2907 646 2972 ad
673 2907 778 2989 impia
803 2904 866 2969 niti
882 2904 1055 2987 proposita
1073 2927 1081 2985 ;
1097 2908 1232 2995 iamque
1247 2934 1283 2979 se
1307 2915 1350 2982 de
1372 2938 1439 2983 non

331 3011 435 3076 dubio
446 3014 540 3077 exitu
553 3010 751 3077 insolentius
763 3009 895 3085 iactare,
907 3010 1017 3073 avitae
1027 3008 1105 3075 fidei
1119 3012 1281 3083 Italorum
1293 3020 1442 3103 illudere,

331 3115 479 3180 humana
493 3117 608 3180 divina
623 3115 695 3179 iura
717 3122 941 3191 contemnere,
956 3114 1066 3197 ipsum
1084 3115 1243 3186 lacessere
1260 3122 1440 3193 Christum.

251 3276 257 3287 .
333 3216 430 3302 Quae
440 3219 575 3303 quidem
589 3218 752 3283 malorum
763 3216 878 3296 moles,
889 3219 1115 3300 praesentium
1126 3233 1160 3286 et
1170 3223 1437 3309 impendentium

154 3274 305 3392 ,offa
331 3330 426 3387 tanta
442 3332 501 3401 est,
518 3330 554 3386 ut
570 3340 703 3385 summa
718 3320 821 3384 animi
837 3319 1014 3403 aegritudo
1035 3322 1216 3391 inclamare
1236 3333 1438 3415 compellat:

240 3407 307 3521 ’κ
340 3426 420 3491 Vere
443 3426 521 3490 haec
539 3424 681 3490 esthora
705 3433 816 3487 vestra
830 3432 863 3487 et
867 3432 1014 3505 potestas
1038 3426 1275 3515 tenebrarum(
1293 3434 1372 3515 ).-
1388 3436 1437 3503 At

171 3536 305 3587 Fuetsut
330 3550 417 3610 vero,
432 3528 651 3594 Venerabiles
679 3528 821 3605 Fratres,
848 3527 1046 3593 confirmare
1069 3530 1201 3597 animos
1225 3535 1317 3601 iuvat
1332 3562 1339 3603 ;
1356 3540 1437 3604 vivit

184 3603 304 3718 mx
329 3636 444 3718 utique
466 3642 500 3699 et
525 3635 667 3717 imperat
693 3631 847 3698 Christus
874 3632 977 3711 Deus,
1003 3634 1061 3717 qui
1087 3647 1210 3702 conata
1230 3638 1434 3722 perfidorum

168 3736 301 3847 m?-
326 3740 501 3804 hominum
526 3739 674 3821 dissipet,
690 3738 850 3822 providus
874 3738 964 3803 idem
981 3760 1117 3805 suorum
1134 3752 1247 3807 custos
1268 3754 1303 3809 et
1318 3748 1435 3811 acerri-

145 3806 302 3925 pmrnpssss
329 3861 403 3908 mus
417 3842 545 3906 vindex
561 3841 740 3908 Ecclesiae.
755 3843 795 3907 In
813 3861 854 3908 eo
869 3862 946 3927 spes
961 3843 1125 3910 bonorum
1142 3848 1293 3913 omnium
1311 3848 1437 3917 firmior

146 3928 279 3991 paruam.
329 3966 435 4029 usque
450 3945 611 4010 consistat
627 3966 735 4029 :opus
751 3955 865 4011 tamen
882 3955 1054 4028 praeterea
1069 3960 1120 4015 est
1136 3952 1322 4033 calliditati,
1345 3973 1435 4020 arro-

184 4044 255 4094 Sedu
329 4050 472 4132 gantiae,
494 4050 665 4134 nequitiae
681 4050 838 4114 virtutem
855 4069 1025 4131 opponere
1041 4052 1123 4117 nihil
1140 4056 1304 4135 timidam,
1319 4066 1433 4122 actuo-

151 4108 304 4185 Aportolicae
837 4152 846 4169 .
970 4154 978 4169 .
1223 4160 1231 4175 .
1309 4160 1318 4177 .
1360 4162 1368 4176 .

159 4176 300 4237 suminu-
328 4174 409 4230 sam,
424 4162 645 4232 constantem,
660 4152 703 4217 de
712 4152 887 4229 ⁴Ecclesiae
897 4151 1292 4240 SedrsqueApostolrcae
1307 4161 1434 4225 rurrbus

145 4254 197 4354 {¹22
214 4242 299 4291 ‘’M‘'
327 4256 477 4338 apprime
504 4257 691 4323 sollicitam.
707 4256 841 4341 Quibus
856 4256 992 4339 quidem
1021 4258 1146 4325 iuribus
1170 4273 1333 4329 testamur
1349 4266 1432 4331 nihil
