3117 4859
176 411 228 460 DE
255 411 534 463 PROHIBITIONE
562 414 611 464 ET
636 415 814 466 CENSURA
842 415 1053 468 LIBRORUM.
1114 413 1185 488 245

281 597 579 680 DECRETA
605 599 991 682 GENERALIA
1079 667 1086 681 .
1254 587 1321 678 rib.

70 759 141 823 nn
167 758 529 826 rnomalmoun
562 761 623 826 aa
656 760 889 828 censura
925 761 1184 829 manorum
1244 686 1319 751 '⁸⁹⁷'

500 1092 710 1161 TITVLVS
737 1095 761 1160 1.

337 1239 388 1288 oe
419 1238 694 1290 rnofflmmona
728 1238 923 1290 cranouvu

541 1383 667 1448 Curva
692 1384 716 1448 1.

96 1519 149 1583 De
163 1518 341 1602 prohibitis
362 1530 597 1604 apostatamm,
618 1521 862 1601 haereticomm,
876 1519 1162 1599 schismaticorum,

357 1625 562 1708 alienamque
583 1626 778 1708 scriptorum
801 1625 906 1690 libris.

122 1823 147 1871 1.
170 1805 263 1868 Libri
279 1825 406 1882 omnes,
422 1825 506 1888 quos
529 1814 608 1870 ante
630 1825 756 1869 annum
774 1819 854 1870 MDc
870 1815 929 1868 aut
945 1804 1079 1870 Summi
1097 1806 1182 1868 Pon·

73 1909 189 1988 tifices,
204 1920 262 1974 aut
278 1909 429 1975 Concilia
451 1910 668 1974 oecumenica
690 1908 904 1988 damnarunt,
920 1909 1027 1992 etqui
1043 1909 1076 1972 in
1095 1927 1183 1973 novo

77 2013 192 2078 Indice
208 2033 274 2078 non
292 2023 515 2090 recensentur,
530 2014 651 2077 eodem
680 2013 783 2078 modo
811 2014 964 2077 damnati
987 2011 1183 2092 habeantur,

72 2119 159 2182 sicut
185 2118 265 2182 olim
299 2118 451 2182 damnati
485 2117 640 2182 suerunt:
667 2118 708 2180 iis
741 2118 904 2199 exceptis,
930 2117 988 2200 qui
1014 2137 1074 2200 per
1099 2115 1182 2180 haec
1258 2147 1261 2150 ·

74 2224 221 2288 Decreta
236 2222 414 2288 Generalia
430 2223 679 2305 permittuntur.

118 2344 146 2413 2,
170 2325 263 2391 Libri
296 2314 538 2410 apostataru'r'n,
561 2324 814 2403 haeretieorum,
837 2327 1125 2390 schismaticorum
1148 2334 1183 2390 et

73 2451 363 2514 quorumcumque
390 2432 590 2515 scriptorum
617 2431 780 2495 haeresim
808 2432 861 2496 vel
888 2431 1034 2496 schisma
1060 2451 1182 2514 propu-

73 2548 226 2620 gnantes,
251 2547 309 2601 aut
336 2537 409 2619 ipsa
436 2536 606 2618 religionis
632 2536 852 2601 fundamenta
885 2545 1066 2618 utcumque
1092 2554 1183 2599 ever·

72 2649 191 2719 tentes,
206 2641 346 2705 omnino
361 2640 589 2722 prohihentur.

118 2761 144 2826 3.
170 2746 257 2810 ltem
274 2744 494 2828 prohibentur
508 2745 771 2810 acatholicorum
791 2745 876 2823 libri,
893 2747 950 2828 qui
973 2766 1017 2809 ex
1034 2746 1184 2829 professo

73 2847 116 2912 de
131 2849 291 2931 religione
307 2858 463 2928 tractant,
479 2849 541 2913 nisi
557 2859 689 2914 constet
707 2849 791 2913 nihil
819 2851 853 2913 in
879 2851 926 2913 eis
950 2859 1066 2914 contra
1083 2848 1183 2912 fidem

74 2951 274 3018 catholicam
291 2955 463 3018 contineri.

117 3074 147 3135 4
172 3057 262 3121 Libri
279 3059 463 3122 eorundem
479 3069 665 3136 auctorum,
677 3059 735 3141 qui
749 3079 793 3120 ex
808 3057 957 3140 professo
969 3059 1012 3122 de
1024 3057 1185 3138 religione

75 3181 142 3224 non
166 3172 323 3240 tractant,
338 3163 397 3226 sed
422 3163 531 3227 obiter
554 3173 687 3227 tantum
715 3161 793 3226 fidei
822 3163 979 3225 veritates
1005 3162 1185 3243 attingunt,

74 3266 386 3331 iureecclesiastico
412 3268 574 3349 prohibiti
602 3287 669 3332 non
696 3266 894 3342 habeantur,
910 3267 1017 3329 donec
1049 3265 1185 3348 speciali

75 3371 209 3435 decreto
224 3370 401 3454 proscripti
417 3370 508 3437 haud
526 3371 660 3435 luerint.

531 3540 656 3605 Carvr
681 3540 727 3604 11.

149 3695 201 3758 Dc
222 3693 434 3758 Editionibus
457 3704 564 3760 textus
587 3694 762 3776 ‹rr-rginalis
783 3705 817 3758 et
838 3695 1025 3759 versionum
1049 3715 1111 3758 non

346 3799 539 3881 vulcat-arium
563 3799 687 3863 Sacrae
711 3798 913 3881 Scripturae.

123 3983 150 4050 5.
173 3970 350 4035 Editiones
376 3981 490 4035 textus
517 3973 689 4055 originalis
705 3982 740 4036 et
755 3973 971 4055 antiquarum
997 3971 1186 4036 versionum

78 4074 316 4138 catholicarum
335 4075 458 4140 Sacrae
474 4076 677 4159 Scripturae,
688 4079 791 4141 etiam
807 4076 979 4141 Ecclesiae
998 4075 1189 4153 Orientalis,

79 4179 122 4242 ab
147 4179 343 4243 acatholicis
370 4180 637 4264 quibuscumque
670 4181 871 4264 publicatae,
899 4181 961 4243 etsi
988 4178 1130 4245 fideliter
1156 4189 1189 4244 et

80 4284 207 4367 integre
223 4284 334 4349 editae
350 4296 544 4368 appareant,
560 4287 599 4348 iis
621 4286 813 4362 dumtaxat,
829 4285 885 4368 qui
913 4284 1033 4348 studiis
1061 4282 1187 4350 theolo-

80 4387 161 4470 gicis
177 4387 228 4450 vel
245 4387 374 4452 biblicis
389 4389 472 4453 dant
489 4410 636 4472 operam,
652 4391 839 4454 dummodo
863 4398 977 4453 tamen
999 4408 1066 4454 non
1082 4388 1191 4472 impu·
