3117 4859
228 1287 307 1374 MAI!
367 1278 517 1352 ssfiffl

520 1279 697 1426 {novum
714 1274 831 1337 matris
847 1274 987 1338 caritate
1002 1274 1144 1356 dignum
1169 1275 1320 1340 maxime
1347 1289 1402 1343 est
1422 1301 1476 1344 vo

229 1385 301 1448 1805
368 1355 393 1426 Ψ
574 1387 659 1456 turn,
671 1379 760 1462 quod
772 1377 926 1442 Ecclesia
941 1379 1003 1441 rite
1016 1377 1092 1440 Deo
1103 1378 1265 1443 exhibere
1275 1400 1343 1444 non
1360 1393 1476 1460 cessat,

229 1498 294 1544 Ma
260 1431 392 1578 aine}
433 1379 497 1551 p
528 1432 612 1546 Qut
628 1481 755 1564 populo
777 1480 971 1559 christiano,
993 1501 1206 1564 quacumque
1222 1482 1277 1547 iile
1293 1495 1398 1567 patet,
1409 1509 1474 1550 una

188 1559 342 1665 mim
366 1503 553 1653 &³¹⁸²AE
574 1587 621 1650 sit
636 1583 725 1670 fides
749 1585 908 1648 mentium
933 1594 965 1647 et
980 1584 1091 1666 pristas
1113 1586 1286 1652 actionum.
1314 1588 1474 1655 Similiter

224 1678 298 1723 ‘'m'‘
220 1678 341 1783 Μ’Ψξ*
368 1693 450 1769 Nos,
465 1694 521 1776 qui
539 1691 685 1755 Pastoris
710 1689 815 1753 divini
832 1697 869 1752 ut
895 1708 1074 1770 personam
1098 1690 1131 1753 in
1148 1692 1244 1754 terris
1260 1693 1409 1773 gerimus
1430 1695 1474 1760 ita

189 1797 236 1848 Μ·
365 1798 542 1861 studemus
557 1795 708 1859 animum
726 1793 859 1870 imitari,
869 1793 959 1856 idem
973 1794 1184 1876 propositum
1196 1796 1343 1860 catholic
1345 1818 1382 1861 as
1392 1798 1474 1862 mter

365 1910 483 1984 gentes
500 1899 612 1963 fovere
628 1897 721 1962 nullo
738 1897 867 1961 modo
857 1897 1108 1973 intermisimus,
1124 1898 1282 1981 idemque
1299 1920 1389 1965 nunc
1408 1901 1472 1965 eui·

366 2007 443 2068 xius
466 2005 556 2085 apud
585 2011 703 2085 gentes
718 2021 775 2065 eas
793 2021 961 2082 urgemus,
976 2020 1060 2081 quas
1077 2000 1230 2067 Ecclesia
1246 2005 1319 2085 ipsa
1334 2006 1402 2069 iam
1417 2005 1470 2070 dio

365 2109 407 2172 ad
424 2129 461 2172 se
477 2127 602 2190 magno
617 2114 752 2170 revocat
765 2104 942 2170 desiderio.
956 2103 1062 2168 Hisce
1073 2125 1153 2169 vero
1164 2108 1313 2172 consiliis
1324 2110 1471 2189 curisque

366 2212 499 2277 Nostris
525 2212 615 2276 unde
640 2210 820 2291 praecipue
850 2217 884 2272 et
908 2207 1061 2290 auspicia
1093 2210 1288 2290 petierimus
1314 2221 1349 2276 et
1375 2215 1471 2276 incre-

366 2326 480 2380 menta
496 2324 726 2397 expectemus,
752 2333 819 2376 non
844 2314 1025 2375 obscurum
1053 2321 1104 2376 est
1122 2314 1340 2397 apertiusque
1356 2317 1390 2380 in
1406 2316 1470 2379 dies

364 2431 476 2484 extat:
489 2419 534 2484 ab
543 2437 583 2482 eo
596 2418 754 2481 nimirum
765 2417 823 2500 qui
836 2415 1253 2482 Patcrmisericordiamm
1265 2421 1336 2483 iure
1348 2420 1471 2503 optimo

365 2523 548 2601 invocatur,
564 2531 598 2586 et
614 2523 707 2585 cuius
723 2531 775 2585 est
792 2521 958 2584 illustrare
975 2529 1106 2584 mentes
1121 2522 1336 2606 benigneque
1362 2525 1469 2589 volun·

229 2677 327 2734 Μ,
290 2661 339 2708 D„
364 2637 452 2692 tates
468 2628 601 2691 flectere
617 2626 650 2688 in
675 2625 828 2689 salutem.
844 2659 889 2674 -
906 2623 978 2686 Nec
1001 2644 1084 2688 sane
1107 2625 1265 2690 catholici
1281 2648 1349 2691 non
1366 2629 1470 2692 videre

183 2723 313 2828 ΗΜ
302 2736 338 2767 ⁶·
278 2741 507 2830 mpossunt
523 2740 651 2815 quanta
667 2731 711 2794 sit
727 2738 960 2810 susceptarum
976 2747 997 2790 a
1013 2727 1121 2791 Nobis
1148 2750 1259 2794 rerum
1280 2733 1428 2813 gravitas
1441 2741 1470 2792 et

186 2785 280 2901 ΜΨ
279 2856 338 2888 070·
365 2838 588 2920 praestantia3
601 2837 634 2898 in
651 2836 698 2899 eis
711 2852 870 2915 namque,
885 2851 962 2895 cum
979 2830 1243 2912 amplificatione
1254 2836 1361 2899 divini
1373 2836 1469 2898 hono·

186 2907 280 2948 mm
354 2943 410 3005 ris
425 2952 459 3005 et
475 2939 646 3005 christiani
673 2937 819 3002 nominis
846 2935 962 3018 gloria,
978 2935 1070 2999 salus
1093 2935 1314 3018 plurimorum
1339 2939 1469 3003 vertitur

365 3046 579 3128 sempiterna.
595 3041 719 3128 Quae
709 3041 773 3124 rpsi
790 3061 819 3103 sr
810 3039 943 3122 probe
959 3039 1190 3122 religioseque,
1201 3051 1239 3106 ut
1254 3063 1401 3126 aequum
1416 3049 1469 3114 est,

207 3097 283 3142 Illam
291 3095 336 3141 ι’-ηι

213 3159 338 3261 73:555
365 3151 585 3226 considerent,
612 3147 774 3211 acriorem
801 3143 953 3228 prolecto
977 3143 1125 3207 sentient
1151 3145 1273 3209 animis
1298 3147 1366 3210 vim
1383 3146 1468 3210 ilam-

207 3274 268 3319 dm
271 3279 338 3319 rom-
365 3275 523 3338 mamque
538 3273 704 3335 supernae
719 3250 879 3324 caritatis,
890 3246 972 3312 nihil
986 3246 1172 3329 quidquam
1185 3250 1251 3312 Dei
1263 3253 1375 3333 gratia
1387 3270 1468 3313 recu·

186 3333 339 3438 {ffffljj
364 3359 478 3435 santis,
494 3356 575 3420 nihil
594 3374 659 3419 non
677 3354 837 3418 enitentis
860 3370 922 3433 pro
938 3348 1104 3413 iratribus.
1125 3350 1179 3414 lta
1199 3350 1265 3430 fiet,
1287 3355 1381 3436 quod
1405 3371 1467 3416 ma·

184 3467 243 3498 ³⁸²⁸·
364 3483 512 3544 gnopere
539 3471 705 3542 optamus,
726 3465 764 3521 ut
778 3455 965 3519 Nobiscum
978 3451 1026 3515 illi
1039 3453 1246 3537 coniungant
1262 3456 1391 3521 alacres
1406 3474 1466 3520 non

365 3568 467 3630 modo
491 3563 629 3629 secundi
657 3561 770 3626 exitus
796 3559 965 3634 fiduciam,
989 3556 1049 3619 sed
1076 3576 1213 3622 omnem
1244 3561 1348 3625 etiam
1374 3577 1465 3645 quarn

363 3671 493 3751 possint
519 3687 620 3750 opem
629 3687 638 3744 ;
662 3684 737 3729 eam
764 3666 799 3727 in
826 3662 943 3746 primis
969 3678 1073 3742 quam
1100 3660 1244 3726 humiles
1271 3676 1466 3746 sanctaeque

364 3791 478 3853 preces
493 3794 513 3835 a
530 3773 606 3835 Deo
621 3769 813 3833 conciliant
828 3805 872 3816 —
888 3761 1088 3831 Cuiusmodi
1112 3764 1224 3831 officio
1250 3768 1387 3849 pietatis
1401 3763 1463 3830 nul-

184 3953 228 3984 ve
214 3879 337 3998 57:⁴37
362 3877 431 3939 lum
449 3876 582 3940 videtur
597 3873 887 3940 accommodatius
903 3890 977 3934 esse
1003 3878 1148 3952 tempus,
1174 3892 1276 3953 quam
1301 3894 1370 3956 quo
1393 3869 1462 3935 olim

183 3999 267 4056 alpius
283 4012 336 4044 ora-
365 3978 532 4060 Apostoli,
548 3987 624 4060 post
642 3978 781 4042 Domini
798 3993 974 4039 ascensum
992 3973 1026 4037 in
1043 3972 1185 4050 caelum,
1200 3975 1299 4039 simul
1316 3974 1462 4040 constite

206 4057 337 4176 ,⁰222ss
363 4092 439 4147 runt
466 4091 707 4165 perseverantes
733 4079 941 4145 unanimiter
967 4099 1004 4140 rn
1033 4079 1180 4142 oratrbne
1208 4101 1323 4145 cum...
1354 4075 1462 4143 Maria
1542 4104 1544 4113 ·

203 4131 335 4280 ‹271⁴st
362 4183 478 4247 Matre
499 4185 574 4248 Iesu
598 4186 611 4230 i
600 4184 652 4266 ¹)
677 4185 877 4266 promissam
910 4189 1132 4261 expectantes
1160 4181 1318 4247 virtutem
1343 4205 1383 4248 ιτ
1405 4179 1463 4244 atro

393 4404 413 4436 1.
431 4391 497 4442 Act..
511 4399 528 4441 1,
543 4401 576 4445 ¹4·
