3117 4859
397 370 466 439 292
497 368 729 423 russsucsro
743 357 764 385 ‘⁴
780 370 828 420 uri
842 370 1006 422 snunrn
1020 370 1059 420 oi
1074 369 1112 420 n.
1128 346 1212 421 s.''s.
1226 370 1260 420 c.
1278 369 1337 420 ss.
1356 368 1409 419 ss
1424 368 1506 419 sse.

464 464 474 471 ι
481 462 728 473 ------

396 526 413 579 (
436 516 494 579 sed
512 514 683 580 Christum
707 514 906 579 crucifixum
926 514 1167 598 praedicantes,
1187 513 1411 578 sanctissima
1434 512 1505 575 reli·

392 616 536 697 (gionis
566 630 701 685 nostrae
729 621 893 703 dogmata
916 630 951 683 et
976 628 1163 703 praecepta,
1189 618 1289 682 iuxta
1311 616 1506 681 catholicae

393 722 603 789 (Ecclesiae
619 734 652 789 et
676 724 815 789 Patrum
836 724 1035 802 doctrinam,
1050 723 1142 805 gravi
1159 742 1198 786 ac
1221 722 1410 805 splendido
1431 742 1503 785 ora·

394 841 411 894 t
429 826 530 891 tionis
552 848 684 911 genere,
704 828 830 911 populo
852 828 941 891 clare
957 838 1137 911 aperteque
1150 828 1387 905 annuncient;
1406 846 1502 909 pecu-

393 930 519 997 tliaria
545 932 751 1015 singulorum
768 930 878 997 officia
897 942 1051 997 accurate
1073 932 1252 1014 explicent,
1268 951 1463 1013 omnesque
1482 952 1500 995 a

390 1046 408 1100 t
426 1034 562 1118 flagitiis
585 1036 785 1115 deterreant,
803 1036 847 1100 ad
870 1036 1031 1118 pietatem
1048 1034 1267 1112 inflamment,
1282 1056 1356 1118 quo
1378 1035 1499 1104 fideles

390 1154 408 1207 t
426 1141 491 1204 Dei
507 1142 610 1205 verbo
625 1142 802 1205 salubriter
813 1139 936 1216 resecti,
951 1140 1032 1203 vitia
1042 1139 1349 1217 omniadeclinent,
1363 1142 1499 1203 virtutes

393 1260 410 1311 t
425 1256 603 1323 sectentur,
619 1254 721 1329 atque
734 1246 780 1309 ita
795 1256 949 1309 aeternas
965 1264 1091 1327 poenas
1106 1244 1248 1308 evadere
1262 1256 1300 1308 et
1315 1245 1496 1309 caelestem

227 1351 364 1471 sami:
393 1364 410 1417 t
425 1348 567 1431 gloriam
578 1350 735 1432 consequi
752 1350 885 1414 valeant
903 1348 989 1430 (si.)
1009 1350 1133 1413 Donde
1147 1348 1382 1414 chiaramonte
1398 1370 1497 1432 appa·

229 1472 281 1515 iser
291 1486 363 1517 mn·
390 1474 473 1517 rrsce
489 1453 550 1518 che
567 1454 587 1517 il
606 1454 752 1518 simbolo
767 1474 787 1517 e
802 1453 825 1517 il
841 1452 1034 1535 decalogo,i
1049 1454 1190 1535 precetti
1205 1452 1296 1517 della
1313 1453 1444 1518 Chiesa
1457 1474 1475 1516 e
1489 1456 1497 1514 i

210 1544 253 1575 “⁶
265 1531 364 1635 {25}ss
391 1556 610 1635 Sacramenti,
627 1558 657 1622 le
680 1556 768 1623 virttl
793 1558 835 1622 ed
852 1558 862 1621 i
877 1557 978 1634 vizl,i
1002 1558 1116 1621 doveri
1127 1560 1242 1641 propri
1256 1556 1348 1621 delle
1372 1559 1497 1622 diverse

211 1650 349 1695 ΝΜ·
389 1662 486 1725 classi
513 1664 548 1726 di
575 1682 726 1745 persone,
749 1662 758 1726 i
783 1662 954 1727 novissimi
980 1662 1058 1726 dell'
1085 1682 1187 1726 uomo
1209 1662 1252 1724 ed
1283 1660 1374 1725 altre
1400 1664 1496 1727 simili

389 1767 493 1831 verita
516 1778 629 1831 eterne
644 1767 804 1831 debbono
829 1766 973 1831 formare
999 1766 1030 1829 ia
1056 1766 1196 1831 materia
1210 1766 1385 1832 ordinaria
1411 1768 1495 1831 delia

387 1889 480 1933 sacra
497 1870 736 1953 predicazione.

226 1984 362 2031 volendum
434 1991 462 2054 3.
480 1976 537 2038 Ma
560 1976 669 2058 questi
696 1975 884 2059 gravissimi
907 1976 1096 2057 argomenti
1120 1996 1205 2039 sono
1227 1976 1309 2057 oggi
1336 1976 1494 2058 indegna·

212 2047 363 2155 ''il‘i'ffl‘rf
391 2088 503 2141 mente
528 2080 703 2143 trasturati
730 2080 774 2143 da
802 2080 897 2142 molti
924 2080 1160 2161 predicatori,i
1187 2081 1288 2163 quali,
1309 2090 1494 2163 quaerentes

225 2174 363 2273 ΙᾎἨῖξξ
389 2202 471 2265 quae
484 2204 545 2245 sua
565 2193 652 2261 sunt,
673 2205 736 2247 mm
751 2204 834 2267 quae
848 2182 935 2249 Isso
950 2182 1092 2251 Cirris-rr
1102 2184 1154 2265 (²),
1169 2204 1188 2247 e
1204 2184 1267 2248 ben
1283 2186 1493 2249 conoscendo

222 2281 365 2401 “imi
391 2306 458 2349 non
483 2308 573 2351 esser
588 2297 706 2371 queste
725 2289 755 2352 le
777 2290 916 2353 materie
931 2290 988 2372 pili
1004 2308 1148 2352 aeconce
1172 2288 1215 2353 ad
1232 2290 1406 2371 acquistar
1426 2289 1491 2375 loro

218 2399 365 2507 figam-¹
391 2391 489 2473 quell'
504 2412 586 2456 aura
601 2391 839 2475 popolaresshe
849 2392 1054 2468 arnbiscono,
1069 2392 1100 2455 le
1117 2392 1264 2455 lasciano
1275 2392 1492 2457 interamentr

241 2518 363 2579 quirinu
390 2496 435 2558 da
461 2506 566 2577 parte,
593 2496 750 2561 massime
777 2495 864 2560 nelle
890 2497 1078 2579 quaresirne
1101 2518 1121 2559 e
1151 2496 1184 2559 in
1216 2494 1302 2560 altre
1332 2498 1491 2561 occasioni

221 2579 365 2683 ηζξῗξζῇζ
391 2599 520 2663 solenni
535 2620 543 2679 ;
558 2620 577 2663 e
593 2600 732 2665 insieme
748 2600 833 2664 colle
848 2620 925 2663 cose
942 2602 1106 2664 mutando
1121 2602 1131 2664 i
1148 2600 1251 2679 nomi,
1273 2600 1342 2664 alle
1364 2602 1490 2665 antiche

214 2694 364 2802 oessgfflrsj·
383 2702 535 2786 prediclu
553 2704 791 2770 sostituiscono
815 2724 859 2767 un
887 2724 1009 2786 genere
1033 2704 1099 2768 mal
1116 2706 1224 2769 intcso
1247 2705 1283 2768 di
1304 2708 1491 2787 conferam,

228 2817 365 2925 “mixi
393 2807 510 2871 rivolte
520 2808 562 2871 ad
576 2809 732 2872 adescare
744 2807 774 2870 la
786 2817 926 2871 mentee
938 2808 971 2871 la
984 2808 1135 2881 fantasia,
1146 2827 1212 2871 non
1227 2810 1293 2872 mai
1307 2830 1329 2872 a
1339 2830 1490 2874 muovere

221 2949 268 2981 uon
280 2935 365 2978 vorin·
394 2912 427 2974 la
442 2910 579 2976 volonti
595 2932 612 2974 e
627 2932 648 2975 a
664 2910 836 2976 riiormare
852 2912 861 2974 i
877 2914 1031 2976 costumi.
1048 2912 1078 2976 E
1095 2932 1161 2975 non
1178 2912 1350 2977 riflettono
1365 2925 1492 2979 costoro

212 2999 365 3112 „ffissshssij
392 3016 454 3079 che
471 3016 500 3079 le
515 3015 673 3099 prediche
689 3015 807 3079 morali
819 3015 964 3098 giovano
979 3036 999 3078 a
1015 3017 1103 3091 tutti,
1119 3015 1150 3079 le
1165 3015 1364 3081 conierenze
1378 3018 1492 3081 d’ordi·

228 3112 367 3223 malz}
393 3120 487 3185 nario
497 3140 581 3184 sono
592 3140 651 3202 per
661 3120 771 3202 pochi;
787 3140 807 3183 c
821 3119 883 3183 che
895 3120 1004 3202 questi
1016 3120 1115 3203 pochi
1126 3120 1312 3199 medesirni,
1323 3143 1360 3185 se
1375 3122 1494 3187 iossero

223 3244 365 3349 muz?
394 3226 516 3308 meglio
530 3224 635 3288 curati
653 3224 704 3286 nei
720 3224 874 3301 costrirni,
889 3220 961 3286 eloe
978 3222 1101 3304 meglio
1117 3223 1234 3287 aiutati
1250 3225 1294 3288 ad
1310 3245 1423 3290 essere
1441 3228 1491 3309 pili

213 3349 301 3407 quitus
311 3349 366 3407 qui·-
392 3332 484 3406 casti,
499 3330 555 3412 pili
572 3328 674 3404 umili,
686 3327 946 3409 piliobbedienti
956 3327 1009 3390 all'
1021 3326 1168 3392 autoritd
1181 3328 1271 3393 della
1287 3328 1423 3410 Chicsa,
1436 3352 1493 3395 con

233 3408 366 3511 “,fip‘ffii
392 3432 444 3497 eid
460 3434 532 3497 solo
555 3433 736 3496 avrebbero
753 3432 784 3493 la
801 3441 913 3495 mente
927 3432 1123 3513 sgombrata
1139 3432 1183 3497 da
1198 3432 1290 3497 mille
1313 3438 1494 3517 pregiudizi

213 3531 366 3630 ”¹332ss
392 3546 510 3601 contro
526 3536 557 3599 la
574 3536 658 3613 sede,
673 3555 692 3597 e
708 3536 764 3617 pili
781 3535 932 3617 disposta
947 3556 968 3598 a
984 3536 1127 3599 ricevere
1143 3536 1175 3599 la
1192 3535 1265 3600 luce
1277 3537 1369 3601 della
1384 3540 1496 3609 verita:

224 3646 365 3748 nmilia?
393 3642 511 3723 perche
535 3640 581 3721 gli
605 3640 705 3703 errori
728 3638 884 3721 religiosi,
908 3639 1067 3703 massime
1086 3648 1138 3703 tra
1164 3640 1174 3701 i
1199 3641 1315 3723 popoli
1343 3643 1496 3719 cattolici,

212 3762 367 3831 quigmqirr·
392 3745 505 3809 hanno
521 3744 770 3827 generalmente
787 3742 899 3806 radice
914 3744 971 3825 piu
988 3743 1075 3807 nelle
1091 3744 1238 3825 passioni
1256 3744 1312 3809 del
1328 3748 1494 3825 cuore,che

228 3828 366 3938 ’ἱξῖῗζξῖἱξ
393 3848 479 3913 nelle
503 3846 707 3911 aberrazioni
723 3845 812 3910 della
822 3858 943 3924 mente,
959 3846 1106 3910 secondo
1121 3846 1235 3929 quello
1250 3847 1345 3913 elice
1362 3853 1496 3915 scritto:

212 3952 365 4047 {⁸222}ss
392 3952 444 4016 De
463 3952 555 4015 corde
569 3960 685 4013 exeunt
698 3950 906 4033 cogitationes
921 3950 1037 4014 malae.
1046 3999 1067 4014 ..
1085 3950 1302 4032 blasphemiae
1315 3952 1369 4035 (³).
1386 3953 1496 4018 Persio

392 4074 430 4118 su
447 4055 523 4137 quel
541 4054 595 4118 del
612 4052 793 4118 Salmista:
808 4054 909 4117 Dixit
928 4054 1085 4136 insipiens
1105 4056 1140 4117 in
1157 4056 1250 4118 corde
1262 4078 1322 4119 suo
1338 4080 1353 4120 .·
1375 4068 1499 4122 nonest

391 4157 483 4220 Deus
499 4157 552 4239 (⁴),
568 4159 776 4221 saviamente
792 4157 913 4222 riflette
929 4156 964 4223 S.
980 4158 1170 4241 Agostiuo:
1185 4158 1228 4223 In
1242 4161 1338 4224 corde
1355 4182 1423 4241 suo,
1439 4184 1495 4225 non

391 4260 427 4321 in
443 4270 547 4323 mente
560 4280 631 4323 sua.

391 4364 441 4426 ἰ.
457 4380 513 4427 Litt.
528 4364 1492 4450 emm
