3117 4859
378 363 452 432 330
734 362 856 411 11111111
885 362 1135 413 nunnvrrcus.

374 528 430 583 que
443 513 613 568 auctoritate
626 514 724 567 firmas
738 512 885 594 declarare
900 513 1029 568 Pontifex
1046 512 1090 567 his
1105 512 1206 568 litteris
1226 510 1345 567 intendit
1372 524 1428 579 134
1446 538 1477 549 -

375 601 405 654 S.
429 600 558 667 lgnatius
580 616 638 654 non
660 600 753 655 solum
774 600 951 669 sequendam
972 600 1133 655 doctrinam
1153 598 1325 655 securiorem
1344 608 1374 652 et
1393 597 1478 665 magis

300 706 305 716 r
374 683 561 753 approbatam
571 684 707 751 decrevit,
716 682 837 753 -quod
847 681 952 751 pluries
965 693 1066 752 postea
1078 700 1096 738 a
1109 682 1301 754 superioribus
1313 682 1478 737 affirmatum

373 780 417 825 est
430 770 671 825 -verumetiam
690 769 778 825 voluit
800 785 886 824 unam
901 770 978 838 apud
990 788 1091 827 omnes
1104 788 1169 827 esse
1181 767 1350 836 doctrinam,
1370 778 1430 823 tum
1448 766 1480 819 de

373 858 523 913 sententiis
536 869 682 928 quaesunt
695 859 724 912 in
739 856 845 912 scholis
855 869 1093 926 communes,tum
1104 858 1140 913 de
1149 857 1331 927 opinionibus
1342 856 1371 910 in
1384 854 1480 926 quibus

374 946 506 1001 catholici
519 947 653 1002 doctores
662 946 772 1001 variant
786 944 860 1001 inter
873 962 904 1001 se
918 960 1038 1015 134135.
1049 976 1084 987 -
1094 948 1138 1001 lta
1148 945 1319 1001 concordiae
1332 954 1361 1000 et
1374 940 1481 998 caritati

373 1038 448 1092 inter
460 1038 611 1093 filiossuos
628 1038 728 1107 legifer
750 1038 835 1094 Pater
855 1038 1001 1108 prospexit
1022 1050 1079 1107 135.
1092 1068 1127 1079 -
1149 1036 1329 1107 Quicumque
1349 1031 1481 1091 Societati

374 1123 424 1177 dat
437 1140 552 1193 nomen,
565 1141 597 1177 se
610 1124 699 1193 ipsius
711 1122 821 1193 obligat
835 1124 992 1193 doctrinae,
1005 1140 1058 1178 nec
1070 1123 1136 1179 licet
1149 1124 1174 1179 ei
1189 1120 1362 1177 contrariam
1376 1116 1482 1183 sectari,

375 1210 441 1267 licet
450 1212 534 1266 valde
547 1212 726 1282 probabilem
738 1212 900 1281 135-136.-
911 1210 1005 1281 Magis
1014 1212 1062 1267 illa
1072 1212 1116 1267 lex
1126 1212 1234 1281 obligat
1242 1210 1265 1265 si
1275 1226 1332 1281 qua
1340 1206 1483 1263 doctrinae

376 1299 472 1371 capita
493 1301 622 1357 Societas
641 1302 756 1373 jusserit
778 1301 891 1357 admitti
914 1311 961 1356 aut
984 1301 1138 1373 improbari
1160 1302 1199 1356 ab
1217 1300 1351 1355 omnibus
1377 1298 1434 1366 136.
1452 1323 1482 1333 -

377 1391 405 1446 S.
422 1389 550 1461 ignatius
570 1391 748 1460 sequendam
761 1391 867 1459 delegit
880 1390 908 1445 in
927 1390 1086 1460 Theologia
1104 1389 1265 1445 doctrinam
1284 1385 1482 1442 scholasticam

376 1479 413 1533 D.
427 1478 705 1546 Thomae,facultate
715 1490 810 1533 tamen
821 1478 944 1547 posteris
957 1478 1025 1532 data
1038 1476 1199 1533 doctrinam
1209 1476 1383 1545 designandi
1393 1471 1481 1528 Socie-

375 1566 426 1621 tati
439 1582 491 1637 pro
505 1577 635 1636 ternpore
647 1566 787 1637 aptiorem
802 1566 859 1636 136.
874 1597 908 1606 -
923 1568 987 1621 Hac
1000 1567 1134 1622 facultate
1148 1567 1248 1621 Patres
1262 1564 1305 1618 usi
1320 1564 1349 1617 in
1365 1564 1482 1630 Congre-

374 1652 491 1721 gatione
502 1654 529 1708 V
547 1653 683 1723 generali,
699 1656 879 1726 sequendam
902 1663 1062 1709 statuerunt
1078 1654 1107 1709 in
1133 1652 1295 1722 Theologia
1314 1648 1483 1707 scholastica

374 1740 536 1797 doctrinam
549 1742 578 1797 S.
592 1744 721 1798 Thomae
738 1744 795 1812 136.
811 1772 845 1783 -
858 1743 943 1812 Quod
956 1742 1017 1811 fuit,
1031 1743 1152 1797 decursu
1166 1739 1312 1811 temporis,
1326 1740 1484 1809 frequenter

376 1830 784 1899 confirmatumpraesertimin
797 1830 1025 1901 congregatione
1036 1832 1140 1885 XXlll
1152 1847 1241 1899 nuper
1252 1828 1352 1884 habita
1365 1827 1483 1896 136-137.

376 1918 524 1987 -Regula
533 1918 685 1974 Societatis
693 1919 872 1990 sequendum
881 1918 949 1973 dicit
960 1918 988 1973 ln
999 1918 1185 1987 Philosophia
1193 1916 1390 1971 Aristotelem.
1399 1914 1483 1969 Philo·

378 2005 480 2073 sophia
496 2017 592 2060 autem
603 2007 632 2061 S.
646 2007 776 2060 Thomae
790 2005 861 2061 nihil
879 2004 992 2061 aliaest
1005 2016 1091 2075 atque
1104 2005 1277 2061 Aristotelea
1290 2020 1380 2076 quam
1394 2001 1484 2057 errori·

377 2093 430 2146 bus
440 2092 502 2161 ipse
513 2094 686 2159 emendavit,
698 2093 875 2161 Theologiae
888 2093 1078 2147 scholasticae
1091 2092 1224 2163 princeps
1240 2106 1299 2161 137.
1312 2122 1347 2131 -
1357 2092 1416 2160 Qui
1424 2105 1484 2157 ergo

379 2178 562 2235 Aristotelem
574 2189 634 2235 tuto
643 2181 746 2236 sectari
758 2180 873 2249 cogitat,
881 2180 1055 2250 Aquinatem
1069 2179 1171 2234 sectari
1186 2180 1271 2235 debet
1289 2192 1346 2247 137.
1356 2180 1482 2233 —Acce

378 2265 419 2320 dit
432 2268 509 2336 quod
522 2266 551 2320 in
566 2268 710 2322 Societate
723 2268 905 2337 philosophia
919 2267 958 2322 ita
971 2276 1014 2322 est
1029 2267 1242 2335 interpretanda
1262 2277 1290 2320 ut
1314 2264 1482 2334 Theologiae

304 2398 312 2415 ,
378 2351 568 2408 scholasticae
586 2356 734 2410 ancilletur
754 2356 878 2424 137·138.
897 2384 933 2395 -
948 2354 1021 2408 illud
1041 2354 1191 2408 attendant
1203 2354 1251 2425 qui
1264 2352 1418 2423 Aquinatis
1430 2348 1482 2419 opi·

377 2437 492 2492 nionem
506 2440 576 2494 nihil
593 2441 651 2496 fere
664 2451 763 2496 curant
776 2459 864 2512 quum
879 2442 1041 2497 Aristotelis
1054 2441 1223 2510 interpretes
1232 2440 1261 2493 in
1275 2440 1370 2495 varias
1383 2440 1480 2494 abeunt

377 2526 542 2595 sententias,
555 2529 793 2599 meminerintque
801 2529 976 2584 Societatem
986 2528 1153 2583 adhaesisse
1163 2526 1329 2598 apostolicis
1342 2526 1442 2581 litteris
1451 2523 1482 2577 de
1557 2582 1558 2589 .

378 2613 552 2668 restituenda
564 2615 594 2669 in
607 2615 713 2670 scholis
725 2616 908 2685 philosophia
922 2617 951 2670 S.
963 2618 1092 2669 Thomae
1109 2614 1166 2681 138.
1180 2644 1214 2653 -
1225 2615 1385 2668 Doctorum
1394 2610 1481 2667 Socie-

378 2698 446 2752 tatis
458 2702 604 2768 praeclara
621 2719 709 2771 opera
721 2712 799 2757 recte
808 2704 980 2758 adhibentur
997 2714 1144 2772 tamquam
1158 2702 1325 2771 adjumenta
1341 2700 1379 2753 ad
1393 2710 1481 2753 veram

380 2787 408 2841 S.
418 2787 547 2843 Thomae
560 2789 719 2845 doctrinam
732 2791 884 2845 colendam
898 2812 904 2857 ;
923 2792 1083 2846 cavendum
1103 2806 1171 2844 vero
1190 2808 1226 2843 ne
1239 2789 1366 2843 studium
1379 2789 1482 2843 illorum

379 2889 498 2943 operum
511 2877 643 2931 uniformi
656 2877 804 2934 doctrinae
826 2889 937 2946 noceat,
948 2878 1070 2948 ideoque
1089 2878 1112 2931 si
1126 2878 1296 2933 dissentiant
1313 2878 1451 2931 Doctores
1468 2888 1482 2925 a

381 2962 408 3017 S.
423 2963 543 3031 Thoma,
555 2964 601 3018 hic
614 2968 776 3035 sequendus
789 2967 950 3035 138·139.-
965 2967 1130 3034 Improbata
1140 2976 1183 3019 est
1194 2982 1211 3019 a
1224 2964 1396 3034 praepositis
1408 2962 1482 3016 liber-

380 3058 424 3103 tas
437 3051 575 3119 sequendi
588 3068 687 3105 omnes
698 3052 849 3122 opiniones
861 3070 958 3108 eorum
971 3053 1059 3107 etiam
1072 3052 1208 3105 librorum
1221 3052 1268 3121 qui
1283 3052 1319 3104 de
1329 3051 1482 3103 moderato·
1556 3070 1557 3085 1

380 3151 444 3188 rum
457 3139 597 3205 permissu
610 3139 775 3208 prodierunt
792 3155 850 3207 139.
863 3170 898 3179 -
912 3140 1103 3209 Exceptiones
1117 3148 1174 3191 tres
1188 3137 1217 3191 in
1229 3134 1483 3191 constitutionibus

380 3222 515 3277 definitae
527 3225 620 3293 legem
633 3226 670 3281 de
683 3228 830 3297 sequendo
844 3227 872 3281 S.
883 3227 996 3280 Thomu
1009 3224 1180 3279 confirmant
1194 3222 1482 3291 139140.-1“Νο11

379 3322 423 3365 est
434 3312 614 3381 sequenda'
590 3329 650 3383 eJus
664 3313 807 3369 sententia
824 3331 848 3367 si
841 3313 996 3383 'ambigua
1009 3312 1110 3367 fuerit:
1122 3328 1189 3397 ergo
1199 3313 1288 3366 sinon
1302 3320 1346 3365 est
1359 3311 1434 3375 talis,
1446 3324 1483 3360 se·

380 3399 494 3467 quenda
506 3410 548 3455 est
565 3414 662 3467 140.-
628 3401 790 3455 -Monuit
804 3402 858 3455 hac
871 3401 907 3454 de
920 3417 949 3453 re
965 3403 994 3455 P.
1008 3398 1157 3468 Aquaviva
1168 3416 1204 3453 ne
1213 3400 1276 3467 quis
1287 3398 1368 3452 vanis
1381 3396 1483 3451 artibus

379 3484 435 3538 sibi
456 3486 628 3554 persuadeat
647 3488 813 3554 ambiguam
833 3502 897 3541 esse
918 3488 946 3541 S.
961 3488 1095 3541 Doctoris
1116 3484 1287 3540 sententiam
1313 3498 1370 3550 140.
1391 3480 1483 3534 -Ad

381 3574 563 3641 quaestiones
575 3592 647 3643 quas
661 3575 690 3629 S.
704 3576 832 3629 Thomas
844 3590 902 3627 non
915 3573 1016 3643 attigit,
1031 3588 1168 3642 responsa
1181 3573 1285 3626 dentur
1297 3582 1483 3626 consentanea
1555 3588 1556 3595 ¹

380 3656 509 3726 ejusdem
532 3660 678 3730 principiis
701 3662 816 3731 penitus
837 3660 958 3730 cognitis
983 3676 1089 3727 140.-
1113 3666 1141 3713 2⁰
1156 3662 1223 3713 Non
1246 3670 1290 3713 est
1310 3660 1339 3713 S.
1362 3660 1482 3711 Thomas

381 3745 543 3813 sequendus
556 3745 585 3799 in
598 3747 814 3816 quaestionibus
836 3764 914 3801 mere
931 3747 1147 3816 philosophicis.
1164 3748 1228 3801 Hae
1248 3762 1315 3800 vero
1329 3758 1482 3815 perpaucae

381 3835 457 3905 apud
476 3836 570 3905 ipsum
590 3839 773 3906 reperiuntur.
791 3840 824 3892 ln
837 3838 882 3893 his
897 3837 966 3908 ipsis
981 3856 1016 3892 ne
1029 3839 1178 3893 recedatur
1191 3856 1209 3893 a
1222 3840 1250 3893 S.
1270 3838 1334 3907 Th,
1348 3838 1372 3893 si
1390 3853 1433 3892 res
1451 3834 1481 3887 sit

380 3922 500 3992 alicujus
513 3927 650 3979 momenti
660 3937 710 3981 aut
724 3928 939 3982 fundamentum
952 3928 1072 3981 aliorum
1089 3942 1211 3993 140-141.
1221 3956 1256 3965 -
1270 3934 1298 3995 3⁰
1313 3926 1387 3981 Mitti
1399 3930 1482 3994 potest

381 4010 409 4064 S.
421 4011 474 4065 Th.
489 4013 629 4067 sententia
643 4015 666 4066 si
679 4014 819 4079 doctrina,
832 4014 858 4068 ei
871 4015 1023 4082 contraria,
1037 4012 1159 4068 fueritin
1174 4014 1323 4073 catholicis
1336 4007 1481 4067 academiis

381 4099 439 4153 fere
451 4111 585 4168 recepta;
602 4100 732 4168 jamvero
752 4100 944 4156 academiae'
938 4102 1071 4155 insistunt
1097 4102 1125 4155 S.
1141 4100 1275 4154 Doctoris
1290 4098 1415 4166 vestigiis
1431 4106 1480 4159 141.
1554 4096 1555 4135 l

380 4212 416 4223 —
358 4186 580 4257 Sapienter
590 4187 712 4255 providit
721 4190 824 4257 Congr.
829 4190 854 4241 V
865 4206 899 4241 ne
909 4188 971 4256 quis
981 4206 1015 4243 ex
1025 4186 1196 4257 supradictis
1207 4188 1388 4242 occasionem
1397 4192 1481 4239 sumat

384 4272 413 4327 S.
427 4275 480 4328 Th.
491 4277 651 4329 doctrinam
665 4275 749 4329 facile
757 4274 907 4329 deserendi
923 4289 1029 4340 141.-
995 4275 1204 4330 -Studiorum
1215 4275 1355 4329 rationem
1369 4269 1480 4327 alumnis

386 4360 537 4416 Societatis
546 4364 614 4431 Jesu
629 4362 751 4430 propriis
765 4360 876 4429 legibus
889 4362 1075 4431 praefinitam,
1089 4360 1220 4417 Pontifex
1238 4378 1290 4430 pro
1304 4378 1355 4415 sua
1367 4362 1480 4429 Aposto-
