3117 4859
382 351 427 424 52
550 350 734 402 nprsroun
761 338 783 366 ‘⁶
803 351 844 398 ru
873 350 974 400 vuns
997 348 1346 400 Pssscrrsrssrsns.
1369 327 1389 351 ''

202 583 210 600 ἡ
379 497 431 560 dis
448 493 696 578 amplificanda,
711 493 902 556 libertatem
919 492 1093 556 Ecclesiae
1116 493 1351 569 adserendam,
1377 495 1488 558 obser-

233 635 352 695 p„„,„
378 599 528 664 vautiam
557 617 636 680 erga
652 597 778 662 Christi
796 595 972 660 Vicarium
988 597 1135 678 penitius
1159 596 1317 659 cordibus
1342 598 1487 662 inseren-

199 694 353 800 ff'j‘ffio·
378 706 466 768 dam.
483 701 552 784 Spe
567 701 670 785 igitur
692 711 848 766 tenemur
862 701 1065 779 Antonium,
1080 699 1137 781 qui
1155 699 1370 765 Lusitaniam
1393 723 1485 766 suam

198 789 301 883 anper,
377 806 468 872 dulci
484 806 625 870 caritate
641 805 886 888 complectitur,
900 814 935 869 et
949 803 1150 869 deferendos
1166 804 1312 868 honores
1333 819 1486 888 acceptu-

213 878 348 928 mm'
378 931 452 978 rum
468 910 611 974 libenter
626 919 660 974 et
676 911 719 974 ad
735 911 824 972 cives
840 928 919 972 suos
935 909 1079 990 benigne
1096 917 1325 990 respecturum
1342 910 1485 973 animos-

378 1035 443 1098 que
459 1015 610 1080 omnium
627 1033 668 1077 eo
692 1015 906 1077 incensurum
922 1014 1047 1090 studio,
1060 1033 1129 1095 quo
1148 1013 1221 1096 ipse
1236 1014 1279 1076 ad
1302 1012 1485 1078 catholicae

198 1158 347 1206 „hup-„2
377 1120 424 1186 rei
439 1116 619 1184 tuitionem
636 1116 799 1200 flagravit.
815 1116 888 1181 Nos
903 1118 1049 1194 interim,
1063 1116 1186 1180 dilecte
1208 1115 1272 1178 Fili
1299 1115 1438 1194 Noster,
1451 1129 1483 1181 ut

377 1223 524 1286 secunda
536 1221 631 1286 vobis
644 1241 682 1285 ac
695 1220 806 1286 fausta
818 1221 1018 1303 contingant
1029 1222 1154 1297 omnia,
1165 1221 1362 1303 praesertim
1375 1231 1481 1284 autern

376 1325 420 1390 ad
445 1337 560 1390 coetus
585 1327 716 1390 exitum
743 1325 996 1403 fortunandum,
1019 1325 1254 1407 Apostolicam
1282 1323 1481 1389 benedictio

376 1450 464 1508 nem,
479 1429 825 1494 eius·benevolentiae
833 1438 955 1492 testem
965 1448 1032 1511 qua
1044 1428 1227 1493 Lusitanos
1244 1429 1480 1510 prosequimur,

377 1533 465 1617 Regi
480 1533 644 1617 imprimis
658 1533 872 1598 Fidelissimo
883 1543 1092 1615 cunctaeque
1104 1532 1216 1615 regiae
1229 1531 1403 1610 Familiae,
1414 1543 1478 1597 tum

376 1640 478 1702 sacris
489 1638 710 1702 Antistitibus
722 1639 879 1722 cleroque
890 1658 930 1701 ac
945 1636 1073 1720 populo
1089 1637 1244 1700 universo
1256 1636 1477 1700 amantissime

376 1745 409 1808 in
429 1744 579 1807 Domino
594 1744 816 1826 impertimus.

421 1847 549 1913 Datum
578 1847 709 1913 Rornae
736 1850 827 1932 apud
856 1847 889 1913 S.
907 1848 1043 1912 Petrum
1060 1847 1115 1912 die
1131 1861 1159 1910 11
1178 1847 1262 1910 Maii
1278 1858 1476 1920 MDCCCXCV,

377 1952 597 2022 Pontificatus
613 1953 730 2020 Nostri
746 1973 837 2019 anno
852 1953 984 2018 decimo
1001 1963 1131 2018 octavo.

1085 2123 1182 2190 LEO
1207 2125 1271 2190 ΡΡ.
1294 2123 1397 2187 Xlll.
