3117 4859
419 377 491 468 258
595 395 693 446 nrrr.
715 394 844 445 arosr.
867 375 895 410 ‘⁴
914 393 955 444 ru
977 393 1085 443 surm
1104 392 1326 444 CATHEDRA.
1345 369 1364 396 ¹'

266 567 323 634 pern
337 563 389 610 exc.
414 540 612 604 habentium
628 557 831 603 consensum
842 537 885 600 de
896 535 1113 618 Apostolicae
1126 537 1304 619 potestatis
1318 535 1505 618 plenitudine

237 628 289 676 “⁸¹¹
415 643 620 728 supplentes,
632 642 916 725 supprimimuset
927 639 1360 722 penitusextinguimusad
1371 640 1504 705 ellectum

414 748 519 813 libere
534 746 736 830 procedendi
753 745 797 808 ad
813 745 914 808 trium
932 763 1093 807 novarum
1109 743 1300 808 dioecesum
1314 746 1504 820 erectionem,
1546 751 1547 764 ¹

415 871 606 934 novamque
621 848 892 914 Archidioecesis
910 848 1131 912 Bonearensis
1154 857 1190 912 et
1211 849 1409 914 dioecesum
1426 852 1502 912 Para·
1546 853 1547 856 ’

415 957 527 1019 nensis
551 965 586 1019 et
613 952 783 1036 Cuyensis
808 951 1161 1033 circumscriptionem,
1188 959 1288 1033 prout
1316 952 1351 1016 in
1378 953 1503 1016 Domino

413 1059 575 1142 expedire
591 1057 698 1120 visum
721 1065 780 1119 est.

249 1185 388 1256 rgesmas
458 1160 635 1226 Praedicto
661 1157 976 1246 circumscriptionis
1011 1167 1101 1224 statu
1128 1159 1175 1222 sic
1203 1159 1370 1238 extincto,
1394 1181 1430 1223 ac
1452 1160 1500 1222 dis-

235 1245 388 1306 BW‘W‘*
413 1265 657 1328 membratione
672 1273 707 1327 et
721 1264 933 1345 separatione
949 1261 1142 1342 respective,
1153 1271 1190 1326 ut
1206 1261 1303 1340 inira,
1315 1265 1501 1346 exequenda.
1546 1331 1547 1338 ἵ

268 1305 386 1350 sedescri·

295 1365 389 1422 [Μ’
412 1379 485 1434 tum
524 1370 557 1432 io
595 1367 847 1433 Archidioecesi
887 1366 1090 1428 Bonearensi
1128 1375 1201 1429 tum
1240 1367 1274 1430 in
1316 1368 1499 1437 dioecesibus
1546 1355 1547 1364 ’

235 1429 370 1476 mm
416 1472 596 1537 Paranensi
623 1481 657 1536 et
684 1470 840 1546 Saltensi,
866 1479 932 1534 tres
960 1488 1064 1531 novas
1101 1469 1325 1552 Episcopales
1361 1473 1451 1536 sedes
1478 1472 1499 1530 in

412 1576 602 1659 Arge'ntina
620 1573 817 1657 Republica,
829 1573 1120 1654 scillcet:primam
1143 1575 1176 1635 in
1198 1575 1338 1638 civitate
1350 1575 1401 1638 La
1414 1575 1500 1644 Plau,

412 1681 552 1744 alteram
569 1681 756 1743 incivitate
773 1675 915 1740 Sanctae
930 1675 1037 1754 Fidei,
1053 1677 1187 1740 tertiam
1213 1677 1246 1740 in
1263 1679 1404 1742 civitate
1424 1677 1451 1740 T
1448 1697 1500 1737 um·

412 1785 537 1858 mania,
562 1804 623 1867 pro
650 1783 756 1846 tribus
784 1783 967 1867 respective
1004 1781 1182 1864 Episcopis
1218 1783 1441 1857 nominandis,
1461 1779 1499 1860 qui

414 1889 594 1972 praedictis
610 1886 805 1951 civitatibus
821 1895 855 1948 et
870 1886 1089 1962 dioecesibus,
1106 1897 1141 1949 ut
1169 1887 1255 1949 inlra
1270 1885 1500 1951 constituendis,

414 1995 573 2075 praesint,
597 1991 774 2076 Synodum
802 1999 997 2064 convocent,
1025 1998 1060 2054 et
1086 1991 1200 2054 omnia
1227 2000 1261 2053 et
1288 1991 1420 2074 singula
1443 1991 1499 2052 iura

413 2095 523 2160 officia
539 2107 573 2160 et
590 2095 705 2158 munia
720 2092 926 2175 episcopalia
941 2091 1089 2156 habeant
1108 2102 1141 2157 et
1161 2105 1353 2172 exerceant,
1368 2113 1437 2156 cum
1451 2091 1498 2152 suis

415 2199 583 2282 Capitulo,
611 2219 728 2262 mensa
764 2197 957 2280 episcopali,
991 2197 1174 2280 ceterisque
1209 2197 1450 2261 cathedralibus
1476 2203 1497 2253 et

414 2301 662 2386 pontificalibus
695 2301 857 2383 insigniis,
881 2300 1017 2378 iuribus,
1043 2301 1342 2378 iurisdictionibus,
1369 2296 1497 2383 praeemi-

415 2407 547 2483 nentiis,
574 2405 824 2488 praerogativis,
851 2402 1044 2479 honoribus,
1070 2403 1261 2486 privilegiis,
1283 2405 1411 2488 gratiis,
1432 2401 1496 2464 larn-

415 2511 505 2574 ribus
530 2520 564 2574 et
592 2508 732 2572 indultis
758 2507 991 2590 personalibus
1018 2507 1164 2571 realibus
1190 2516 1223 2571 et
1249 2509 1379 2586 mixtis,
1404 2505 1494 2588 quibus

414 2613 499 2676 aliae
515 2613 548 2676 in
565 2613 758 2694 Argentina
775 2610 965 2694 Republica
977 2611 1162 2675 existentes
1176 2610 1397 2676 cathedrales
1408 2605 1494 2672 Eccle-

414 2715 492 2792 siae,
509 2735 694 2798 earumque
710 2716 890 2796 praesules,
906 2734 973 2778 non
991 2723 1105 2778 tamen
1123 2715 1223 2780 titulo
1238 2735 1393 2794 oneroso,
1406 2720 1453 2775 aut
1465 2723 1493 2768 ex

415 2817 548 2883 indulto
574 2839 632 2882 seu
659 2820 836 2900 privilegio
870 2819 1061 2902 particulari
1089 2820 1248 2902 gaudent,
1275 2829 1380 2903 atque
1405 2813 1455 2880 frui
1474 2817 1495 2869 et

415 2924 562 3005 gaudere
578 2930 747 3006 poterunt,
763 2923 890 2987 Nostra
905 2923 1107 2988 auctoritate
1130 2923 1334 3006 Apostolica
1354 2915 1494 3004 erigendas

239 3083 318 3142 “W
330 3080 390 3126 cim.-
416 3027 660 3091 constituimus.
677 3026 908 3110 Quamobrem
925 3028 968 3090 ad
985 3029 1146 3091 maiorem
1163 3027 1228 3090 Dei
1244 3029 1397 3110 gloriam,
1411 3020 1494 3084 catho-

272 3201 277 3212 ,
333 3145 392 3185 tates
417 3132 502 3195 licae
526 3131 696 3214 religionis
723 3131 967 3196 incrementum
995 3141 1029 3195 et
1056 3130 1204 3195 fidelium
1231 3132 1370 3206 bonum,
1394 3134 1493 3192 matun
1545 3107 1546 3176 l

239 3202 382 3260 ‘mam'
417 3235 668 3313 deliberatione,
684 3245 777 3299 motu
795 3237 939 3318 proprio,
954 3256 999 3299 ex
1016 3235 1225 3316 plenitudine
1240 3235 1424 3318 potestatis,
1437 3224 1494 3289 cin'·

416 3348 503 3404 tates
519 3338 571 3402 La
585 3338 698 3415 Plato,
717 3338 858 3404 Sanctae
879 3339 977 3402 Fidcc'
1001 3351 1034 3403 et
1066 3339 1304 3404 Tucumaniam
1321 3335 1490 3403 incivitate

417 3443 624 3524 episcopales
658 3462 734 3507 cum
770 3444 839 3506 suis
875 3445 1010 3520 iuribus,
1044 3444 1237 3522 honoribus,
1273 3432 1491 3526 praerogativis,

417 3545 539 3629 quibus
565 3546 651 3611 aliae
673 3548 826 3611 civitates
851 3547 884 3610 in
913 3547 1102 3630 Argentina
1129 3547 1317 3631 Republica
1342 3531 1491 3630 pontificali

417 3649 497 3712 sede
514 3649 703 3731 insignitae,
719 3663 752 3716 et
768 3672 882 3715 earum
899 3653 988 3716 cives
1001 3660 1139 3716 utuntur
1151 3661 1185 3716 et
1196 3653 1356 3734 gaudent,
1367 3644 1492 3726 erigimus

419 3761 453 3816 et
468 3755 713 3819 constituimus.

270 3895 392 3942 dim„
463 3861 721 3944 Episcopalibus
737 3862 839 3944 igitur
853 3861 991 3926 sedibus
1016 3863 1064 3925 sic
1092 3863 1219 3941 erectis,
1235 3859 1410 3940 unicuique
1423 3859 1492 3912 suam

255 3955 392 4058 ssfifjsgffff.
419 3967 598 4030 dioecesim
636 3976 738 4050 atque
769 3966 970 4030 territorium
999 3968 1200 4031 statuimus:
1237 3987 1277 4030 ac
1312 3963 1442 4047 primum
1463 3943 1491 4008 ab
1544 4027 1545 4034 χ

236 4079 307 4132 8⁸⁶¹·
418 4070 670 4135 Archidioecesi
709 4071 913 4134 Bonearensi
952 4071 1158 4153 provinciam
1202 4071 1435 4134 Bonearensem
1466 4066 1490 4110 ³⁶
1544 4135 1545 4138 Ἴ

420 4175 590 4240 nationale
606 4174 818 4250 territorium,
834 4173 934 4255 vulgo
950 4175 989 4237 de
1004 4175 1037 4238 la
1053 4175 1183 4256 Pompa
1197 4163 1490 4240 demembrarunt
1544 4141 1545 4188 l

419 4279 557 4342 omnino
574 4279 806 4358 disiungimus,
818 4285 919 4359 atque
930 4280 1111 4362 episcopali
1124 4279 1196 4344 sedi
1213 4278 1262 4340 La
1273 4275 1372 4342 Plato
1386 4285 1438 4352 pro
1451 4271 1490 4320 ⁵l³
1544 4301 1545 4324 1

420 4381 562 4445 dioecesi
590 4390 623 4444 et
656 4381 823 4444 territorio
860 4384 1073 4448 attribuimus
1101 4392 1135 4447 et
1162 4381 1358 4446 addicimus.
1388 4373 1490 4436 trena
1544 4373 1545 4408 i
