3117 4859
89 1236 385 1310 NAEQNULLA
411 1255 493 1300 sane
521 1236 752 1319 opportunior,
773 1235 818 1299 ab
845 1235 1085 1317 Hierosolyma
1112 1233 1203 1310 urbe,
1290 1285 1321 1332 ²9

117 1277 283 1543 '’N—lg
305 1340 528 1404 eucharistico
563 1341 744 1405 conventui
789 1339 948 1403 habendo
989 1340 1086 1403 sedes
1124 1337 1202 1420 eligi
1240 1335 1366 1452 'affl'

257 1465 282 1538 p
305 1453 447 1526 poterat,
462 1464 565 1527 quam
593 1445 747 1510 Paralum
776 1443 1006 1518 Monachium,
1027 1444 1116 1526 quod
1144 1449 1204 1506 tua

91 1539 279 1613 &W
302 1558 353 1612 est
370 1550 403 1611 in
420 1548 548 1614 ditione
564 1551 721 1632 positum.
738 1550 792 1616 Ibi
817 1550 943 1614 etenim
961 1549 1123 1624 Christus,
1145 1547 1204 1630 qui
1230 1564 1347 1626 Pontifex

93 1649 126 1711 in
146 1649 369 1716 Sacramento
394 1661 539 1736 augusto
563 1655 781 1730 instituendo,
797 1655 933 1719 divitias
959 1653 1109 1718 caritatis
1125 1670 1206 1715 suae
1230 1624 1382 1729 parma·

94 1754 197 1820 veluti
208 1757 382 1835 effuderat,
394 1779 482 1823 novo
498 1760 646 1843 quodam
662 1761 875 1844 uberiorique
891 1760 984 1824 sonte
995 1760 1056 1823 has
1069 1757 1204 1822 easdem
1231 1743 1368 1850 {ssffl‘

95 1860 230 1925 divitias
257 1863 458 1929 derivandas
491 1864 608 1942 voluit,
640 1886 745 1948 quum
774 1865 895 1932 Cordis
923 1866 973 1928 sui
1009 1864 1205 1946 religionem
1232 1866 1376 1968 mm

96 1964 334 2044 manifestavit,
367 1968 522 2050 indeque,
554 1977 678 2052 agente
712 1971 863 2033 maxime
895 1969 995 2032 beata
1023 1967 1207 2049 Margarita
1232 1982 1349 2034 asserem,

96 2065 284 2150 Alacoque,
297 2070 328 2132 in
348 2070 534 2135 Ecclesiam
552 2073 742 2136 universam
756 2073 919 2137 dilatavit.
934 2071 1007 2136 Nos
1019 2072 1120 2153 igitur
1132 2080 1207 2134 tuas
1234 2043 1362 2148 {iiim

96 2169 227 2236 litteras
253 2173 356 2238 futuri
383 2184 569 2239 conventus
596 2178 736 2241 nuncias
763 2177 969 2254 periucunde
996 2175 1208 2256 accepimus;
1235 2159 1336 2266 ‘gffif'

97 2276 204 2357 probe
218 2287 331 2340 autem
349 2280 482 2361 experti
498 2300 601 2362 quarn
617 2280 721 2345 libeat
737 2282 873 2346 abunde
889 2280 1059 2347 Servatori
1077 2279 1162 2355 Deo,
1174 2278 1208 2340 in
1235 2279 1352 2350 (urgeam

99 2380 163 2444 ista
181 2380 349 2446 Paraiensi
375 2385 469 2460 aede,
483 2385 685 2448 ditissimam
711 2384 954 2468 benignitatem
981 2404 1075 2448 suarn
1100 2381 1209 2446 homi·
1235 2351 1366 2399 sanguem,

98 2485 199 2549 nibus
213 2487 339 2564 testari,
356 2489 495 2552 minime
511 2489 706 2554 dubitamus
733 2490 777 2555 de
802 2491 950 2554 secundo
975 2497 1089 2553 coetus
1105 2486 1210 2550 exitu.

100 2589 206 2672 Spem
232 2590 394 2655 Nostram
428 2592 615 2672 confirmat,
639 2594 761 2658 dilecte
795 2592 841 2657 fili
870 2593 1005 2670 Noster,
1029 2591 1212 2657 auctoritas

99 2695 318 2776 studiumque
334 2704 429 2758 tuum
446 2696 481 2760 in
497 2707 594 2761 coetu
619 2699 694 2781 ipso
717 2698 935 2763 moderando
953 2698 1006 2761 Ne
1022 2715 1101 2760 vero
1117 2695 1214 2771 desit,

100 2798 144 2863 ad
173 2797 333 2862 solandos
358 2800 490 2864 animos
516 2802 750 2884 optimamque
777 2800 988 2867 voluntatem
1025 2799 1215 2876 fovendam,

101 2902 358 2968 benevolentiae
385 2893 533 2970 Nostrae
556 2907 802 2984 testimonium,
822 2907 883 2971 tibi
909 2907 1054 2988 primurn
1083 2912 1116 2967 et
1144 2903 1215 2967 uni·

100 3007 215 3084 versis,
227 3008 283 3090 qui
299 3010 333 3071 in
347 3018 515 3074 conventu
528 3010 680 3089 aderunt,
694 3009 929 3092 Apostolicam
943 3007 1214 3074 benedictionem

101 3109 208 3175 effusa
224 3113 364 3177 caritate
383 3114 602 3196 impertimus.

147 3223 276 3286 Datum
315 3223 447 3289 Romae
485 3225 575 3307 apud
616 3222 649 3289 S.
684 3224 821 3286 Petrum
865 3223 919 3286 die
959 3235 1055 3286 xx1x
1099 3215 1215 3282 Martii

103 3339 340 3406 srncccxcvn,
357 3327 577 3392 Pontificatus
592 3327 709 3392 Nostri
725 3345 817 3391 anno
833 3327 1001 3390 vicesimo.

770 3479 867 3545 LEO
892 3482 955 3547 ΡΡ.
978 3479 1071 3545 XIII

519 3817 808 4098 ,g

1286 1503 1381 1549 Gaudet
1465 1463 1470 1469 Ι
