3117 4859
343 388 394 438 DE
420 386 665 438 ORDINATION
669 385 755 437 113th
781 385 1026 437 ANGLICANIS.
1174 391 1242 459 199

129 554 198 598 uon
210 534 313 596 modo
326 532 544 614 scriptoribus
557 529 743 612 anglicanis
755 531 934 607 nonnullis,
944 531 1001 593 sed
1016 532 1131 611 paucis
1141 533 1243 595 etiam

127 636 304 702 catholicis
319 636 515 720 praesertim
540 655 607 698 non
634 633 751 716 anglis.
769 634 907 698 Alteros
931 634 1058 717 quippe
1084 635 1244 700 movebat

129 741 340 826 praestantia
356 739 535 803 sacerdotii
553 737 735 815 christiani,
751 745 954 820 exoptantes
970 745 1006 801 ut
1022 735 1148 820 duplici
1171 738 1243 803 eius

127 847 163 910 in
175 865 298 928 corpus
310 843 438 910 Christi
451 851 620 925 potestate
636 861 678 905 ne
694 850 845 904 carerent
856 842 928 920 sui;
947 841 1104 905 movebat
1119 841 1242 906 alteros
1284 877 1293 892 ·

127 947 522 1029 consiliumexpediendi
533 945 788 1030 quodammodo
799 944 863 1008 illis
874 946 1052 1009 reditusad
1063 946 1241 1010 unitatem:

126 1054 277 1135 utrisque
293 1072 372 1117 vero
389 1051 453 1114 hoc
469 1070 664 1134 persuasum
688 1069 762 1112 esse
777 1050 962 1126 videbatur,
979 1050 1044 1112 iarn
1062 1050 1181 1113 studiis
1205 1051 1238 1115 in
1304 1069 1420 1140 opportu-

125 1176 169 1222 eo
182 1175 306 1239 genere
321 1174 400 1219 cum
417 1164 527 1219 aetate
543 1154 718 1236 provectis,
734 1154 897 1236 novisque
913 1153 1098 1218 litterarum
1122 1173 1240 1218 monu·
1265 1131 1390 1236 33ᾘῖζῖ

125 1263 249 1325 mentis
273 1281 319 1323 ex
345 1259 515 1323 oblivione
545 1259 657 1335 erutis,
684 1258 855 1322 retractari
880 1257 1079 1322 auctoritate
1111 1258 1237 1323 Nostra
1263 1247 1401 1353 {ssffjffl‘

126 1384 281 1428 caussam
292 1384 360 1427 non
377 1365 639 1446 inopportunum
647 1361 804 1428 loreNos
817 1371 929 1425 autern
943 1361 1127 1426 eaconsilia
1137 1371 1239 1444 atque
1265 1367 1399 1471 '²‘',‘¹‘¹·“[{

126 1477 246 1550 optata
269 1469 408 1552 minime
433 1465 652 1549 negligentes,
678 1467 896 1548 maximeque
912 1467 985 1529 voci
1013 1466 1238 1548 obsequentes
1263 1437 1409 1532 hmszhhae

123 1572 331 1654 apostolicae
355 1571 514 1648 caritatis,
535 1571 726 1633 censuimus
753 1568 835 1632 nihil
866 1589 934 1634 non
965 1571 1119 1651 experire
1146 1572 1236 1652 quod

124 1676 297 1739 videretur
312 1696 449 1758 quoquo
473 1675 576 1738 modo
601 1675 787 1737 conducere
804 1674 847 1738 ad
871 1673 1059 1738 animarum
1076 1674 1130 1738 vel
1145 1693 1237 1738 aver·

127 1780 233 1844 tenda
248 1781 373 1843 damna
391 1778 442 1842 vel
458 1778 621 1842 utilitates
638 1778 808 1842 fovendas.

168 1882 299 1948 Placuit
313 1883 415 1964 igitur
431 1884 473 1947 de
497 1883 709 1946 retractanda
725 1901 844 1946 caussa
872 1881 1112 1963 benignissime
1128 1880 1237 1945 indul·
1287 1903 1342 1973 Qua
1353 1903 1380 1952 ιιι
1391 1918 1417 1951 re

122 2005 223 2068 gere:
239 1988 286 2051 ita
302 2007 391 2067 sane,
406 1997 444 2052 ut
457 2007 516 2070 per
531 2006 699 2051 summam
722 2005 830 2050 novae
852 1986 1096 2068 disquisitionis
1123 1985 1236 2050 soller·
1262 1963 1370 2068 ῗξῖξὶζὲ,

124 2091 219 2168 tiam,
228 2093 339 2155 omnis
354 2091 388 2154 in
405 2100 578 2173 posterum
591 2091 642 2154 vel
659 2091 787 2173 species
800 2090 936 2173 quidem
954 2088 1132 2154 dubitandi
1149 2099 1237 2153 esset
1262 2081 1384 2138 Μία·

1261 2155 1392 2186 Summam·

126 2204 265 2258 remota.
284 2194 500 2278 Quapropter
514 2203 606 2259 certo
637 2215 778 2259 numero
794 2195 872 2257 viris
888 2194 1042 2258 doctrina
1067 2205 1101 2258 et
1128 2193 1236 2256 erudi·
1261 2201 1414 2316 lil‘ssll‘rssu

127 2301 221 2364 tione
237 2302 494 2384 praestantibus,
509 2322 651 2384 quorum
667 2310 860 2383 compertae
887 2309 982 2365 erant
1005 2300 1185 2365 dissimiles
1202 2300 1234 2363 in
1262 2318 1400 2364 adlimam

125 2404 201 2487 ipsa
216 2425 333 2469 caussa
348 2406 533 2486 opiniones,
550 2406 723 2487 negotium
739 2406 896 2469 dedimus
921 2414 958 2469 ut
974 2413 1146 2468 momenta
1161 2423 1235 2467 sen·
1261 2378 1403 2483 mm

128 2509 257 2572 tentiae
271 2529 352 2574 suae
367 2510 499 2593 scriptis
515 2510 737 2574 mandarent:
753 2530 811 2574 eos
827 2509 950 2574 deinde
965 2510 1008 2574 ad
1021 2509 1094 2573 Nos
1110 2509 1236 2573 accitos
1261 2497 1376 2616 ζᾈζξζῗ

125 2612 283 2676 iussimus
307 2615 554 2678 communicare
585 2615 672 2678 inter
699 2635 735 2677 se
762 2616 896 2697 scripta,
926 2623 960 2678 et
990 2613 1155 2696 quidquid
1195 2633 1236 2676 eo

121 2717 268 2800 amplius
285 2720 327 2781 ad
344 2738 414 2781 rem
426 2719 563 2800 cognitu
580 2729 669 2782 esset
691 2719 842 2801 dignum,
869 2719 1030 2800 indagare
1057 2728 1158 2801 atque
1175 2737 1232 2780 ex·

124 2822 280 2905 pendere.
291 2821 559 2904 Consultumque
569 2843 589 2885 a
600 2822 708 2886 Nobis
720 2832 822 2899 est,ut
837 2823 898 2904 ipsi
915 2821 1101 2903 diplomata
1113 2840 1237 2905 oppor-

124 2933 210 2990 tuna
223 2926 316 2988 omni
333 2936 471 3008 possent
497 2928 595 3008 copia
621 2929 655 2989 in
681 2927 855 2990 tabulariis
870 2926 1034 2990 vaticanis
1059 2926 1128 2989 sive
1154 2934 1235 2988 nota

125 3049 366 3111 recognoscere
376 3031 446 3093 sive
458 3029 671 3113 inexplorata
684 3032 826 3094 educere
839 3051 846 3109 ;
863 3030 1012 3111 itemque
1024 3039 1061 3094 ut
1081 3039 1238 3111 prompta

126 3133 291 3199 haberent
306 3152 538 3217 quaecumque
553 3135 704 3198 eiusdem
727 3135 861 3217 generis
887 3143 963 3198 acta
976 3125 1078 3215 ¹apud
1105 3151 1237 3196 sacrum

128 3237 328 3314 Consilium,
357 3239 448 3319 quod
479 3235 643 3320 Suprema
668 3248 816 3316 vocatur,
842 3247 1100 3312 asservarentur,
1131 3255 1239 3318 neque

126 3342 240 3404 minus
256 3361 488 3424 quaecumque
503 3342 546 3405 ad
564 3342 628 3406 hoc
644 3353 778 3424 tempus
795 3342 961 3407 doctiores
977 3343 1038 3405 viri
1055 3343 1088 3404 in
1113 3351 1238 3404 utram·

125 3465 194 3528 que
210 3455 340 3527 partem
361 3445 584 3528 evulgassent.
602 3447 808 3510 Huiusmodi
825 3446 1028 3510 adiumentis
1052 3446 1241 3518 instructos

127 3550 296 3614 voluimus
319 3570 377 3614 eos
399 3551 432 3613 in
449 3550 635 3632 singulares
651 3551 903 3633 congressiones
930 3550 1128 3628 convenire;
1155 3567 1241 3631 quae

127 3653 173 3716 ad
189 3653 367 3716 duodecim
384 3663 463 3716 sunt
478 3653 623 3730 habitae,
639 3654 793 3736 praeside
809 3673 876 3717 uno
903 3675 948 3717 ex
974 3652 1007 3718 S.
1021 3654 1061 3718 R.
1073 3653 1111 3717 E.
1125 3651 1239 3717 Cardi·
1304 3711 1317 3740 x

128 3755 262 3820 nalibus
278 3778 298 3821 a
313 3757 576 3840 Nobismetipsis
603 3759 789 3841 designato
810 3760 891 3823 data
915 3758 1056 3840 singulis
1082 3756 1241 3820 facultate

127 3862 327 3943 disputandi
342 3861 454 3925 libera
472 3861 630 3944 Denique
641 3863 836 3927 earumdem
854 3863 1130 3945 congressionum
1156 3869 1241 3936 acta,

128 3985 289 4029 unacum
313 3965 431 4029 ceteris
457 3966 679 4043 documentis,
696 3967 955 4030 venerabilibus
980 3965 1153 4029 Fratribus
1171 3964 1241 4027 No·

128 4071 209 4134 stris
235 4068 470 4135 Cardinalibus
496 4091 542 4133 ex
565 4071 686 4134 eodem
718 4070 869 4136 Consilio
899 4070 1058 4134 iussimus
1088 4068 1241 4132 exhiberi

127 4176 267 4254 omnia;
297 4174 354 4256 qui
382 4173 545 4237 meditata
571 4193 689 4237 caussa
713 4178 819 4257 eaque
847 4194 959 4239 coram
988 4173 1096 4238 Nobis
1119 4173 1242 4238 deinde

128 4278 271 4361 agitata,
286 4296 383 4341 suam
399 4276 540 4360 quisque
555 4278 757 4342 sententiam
779 4278 936 4343 dicerent.

175 4382 255 4446 Hoc
270 4381 446 4447 ducendae
460 4383 506 4445 rei
524 4382 642 4446 ordine
657 4384 867 4465 praestitum,
882 4383 925 4446 ad
957 4383 1111 4447 intimam
1129 4391 1241 4447 tamen
1268 4402 1423 4452 amoma
