3117 4859
272 390 322 439 DE
349 388 472 439 REBUS
500 388 803 441 ECCLESIASTICIS
831 387 1034 439 POLONIAE.
1136 388 1210 456 249

107 537 315 620 languescere
340 539 372 600 in
412 510 594 620 propositis
619 540 662 602 ab
685 539 800 621 eisque
836 536 987 601 deficere.
1022 537 1141 619 ltaque
1168 558 1208 601 eo
1247 559 1374 647 mom

105 642 197 707 simul
222 643 413 725 pertineant
440 662 541 708 curae
568 655 697 708 vestrae
725 651 763 706 ut
794 642 1025 706 sacerdotibus
1053 641 1208 722 apposite
1271 658 1344 722 1894-

105 748 287 827 praebeatis
315 766 384 829 quo
415 748 527 810 studia
553 745 728 811 doctrinae
756 745 900 810 recolere
928 746 1059 828 possint
1087 756 1121 810 et
1146 766 1204 809 au·
1223 773 1362 839 fungitur,

102 850 232 930 lierein
260 852 377 932 primis
403 871 471 933 quo
498 850 691 914 contentius
726 852 868 933 possint,
896 849 1133 930 redintegratis
1158 848 1208 911 in·
1226 840 1385 968 &mre

102 954 227 1019 terdum
255 955 446 1018 animorum
474 953 610 1031 viribus,
636 964 670 1018 et
696 954 893 1036 perfectioni
923 973 1042 1017 vacare
1066 972 1147 1015 suae
1173 960 1208 1015 et
1229 970 1372 1033 possirsru-

101 1056 234 1121 aliorum
259 1060 483 1141 sempiternae
509 1058 608 1122 saluti
634 1058 804 1141 prodesse.
828 1093 872 1106 -
899 1053 1018 1120 Talem
1047 1077 1116 1131 vos,
1139 1056 1205 1120 Ve-
1231 1034 1384 1165 mm,

101 1160 260 1223 nerabiles
286 1162 430 1236 Fratres,
467 1161 529 1224 rite
560 1160 595 1224 in
626 1161 731 1225 oculis
760 1162 880 1225 vestris
911 1160 1071 1223 eductum
1103 1170 1208 1242 atque
1226 1168 1367 1243 priafpfr.

101 1266 273 1343 probatum
305 1266 332 1327 si
365 1264 549 1328 habueritis
580 1264 716 1341 clerum,
741 1264 894 1328 sentietis
925 1262 1078 1346 profecto
1109 1262 1204 1326 vobis
1224 1230 1353 1295 s‘“‘⁰’'¹³·

102 1367 263 1449 pastorale
291 1388 423 1446 munus,
441 1389 506 1433 non
538 1368 674 1432 allevari
692 1369 813 1445 solum,
833 1369 1010 1433 sedetiam
1033 1366 1206 1432 abundare

100 1476 219 1555 optatis
243 1475 276 1537 in
302 1496 404 1559 grege
425 1475 609 1539 fructibus:
635 1495 777 1558 quorum
806 1476 884 1538 licet
913 1494 1047 1558 sperare
1070 1475 1204 1556 copiam
1231 1446 1385 1561 00000,οᾗοζΞῖ

100 1582 207 1644 aeleri
225 1582 374 1645 maxime
390 1582 550 1665 exemplo
572 1591 606 1645 et
622 1593 759 1646 actuosa
776 1583 922 1646 caritate.
1230 1584 1374 1692 fragm

139 1682 300 1746 Eiusdem
317 1686 465 1748 caritatis
482 1695 708 1768 praeceptum,
735 1686 826 1767 quod
845 1704 1003 1765 magnum
1019 1684 1054 1745 in
1070 1682 1206 1748 Christo
1231 1710 1324 1758 vanua.

99 1794 154 1860 est,
183 1788 342 1851 omnibus
367 1808 411 1851 ex
437 1788 554 1870 quovis
585 1788 703 1851 ordine
741 1788 1112 1852 commendatissimum
1151 1786 1204 1864 sit,
1230 1775 1383 1888 mffim

100 1887 195 1971 idque
222 1891 345 1971 singuli
373 1891 532 1972 perficere
557 1891 725 1970 studeant,
752 1891 1040 1975 quemadmodum
1059 1892 1203 1954 Ioannes
1229 1907 1363 1953 vinculum

100 2004 211 2057 monet
239 1994 421 2076 apostolus,
437 2006 526 2077 opere
539 2006 572 2058 et
585 1995 747 2059 veritate:
774 1995 868 2059 nullo
884 1996 973 2058 enim
987 1995 1054 2058 alio
1069 1994 1204 2058 vinculo
1221 1969 1365 2085 {filim

99 2110 152 2164 aut
179 2102 349 2183 praesidio
375 2112 528 2165 constare
555 2104 598 2165 ad
616 2100 808 2166 firmitatem
826 2101 974 2165 familiae
1000 2112 1034 2165 et
1050 2102 1203 2165 civitates
1231 2102 1353 2178 civirares,

100 2214 249 2283 possunt,
277 2226 395 2287 neque,
417 2206 451 2268 id
479 2208 569 2288 quod
598 2206 701 2289 pluris
724 2215 784 2284 est,
810 2206 1012 2271 christianae
1027 2205 1202 2287 dignitatis
1228 2175 1370 2295 mque

97 2307 213 2370 merita
241 2307 390 2390 adipisci.
413 2307 510 2393 Quae
538 2308 610 2373 Nos
638 2309 897 2386 considerantes,
920 2309 1202 2391 deplorantesque
1227 2297 1381 2412 ffflssff‘

97 2418 162 2473 tam
191 2410 298 2474 multa
326 2412 414 2475 mala
439 2421 473 2476 et
498 2412 628 2489 acerba,
644 2434 685 2476 eo
701 2413 896 2496 posthabito
911 2412 1092 2477 dimissove
1105 2432 1200 2494 prae·
1253 2381 1270 2427 ἒ
1364 2398 1371 2411 ’

98 2524 201 2595 cepto,
219 2515 352 2595 publice
380 2525 414 2579 et
431 2516 587 2598 privatim
615 2528 804 2595 consecuta,
836 2537 1079 2599 saepenumero
1095 2517 1127 2579 in
1146 2537 1200 2580 ea·
1228 2552 1271 2592 m
1283 2479 1379 2593 lm

97 2615 166 2679 dem
185 2639 219 2680 re
237 2618 472 2699 Apostolicam
490 2640 606 2683 vocem
624 2620 812 2685 edidimus:
828 2620 1042 2702 singulariter
1059 2619 1200 2682 fecimus
1220 2610 1379 2739 mia.

97 2738 149 2799 per
164 2722 292 2785 litteras
308 2724 505 2807 encyclicas,
520 2744 661 2807 quarum
678 2727 811 2789 initium
828 2735 879 2788 est
889 2725 1016 2788 Rerum
1031 2745 1201 2800 novamm,
1227 2742 1351 2817 tarisjarn
1363 2756 1380 2789 a

96 2820 147 2883 ubi
163 2824 326 2905 principia
341 2825 525 2903 retulimus,
540 2826 583 2889 ad
600 2846 752 2891 caussam
769 2829 813 2891 de
828 2829 1024 2892 conditione
1039 2824 1199 2907 opificum
1227 2807 1363 2920 {xm}

95 2942 135 2986 ex
150 2926 290 2990 veritate
306 2938 340 2991 et
356 2930 525 3011 aequitate
542 2930 735 3012 evangelica
752 2930 977 2995 dirimendam
995 2932 1136 3012 aptiora.
1149 2928 1200 2992 Ea
1226 2937 1256 3014 ἅς
1267 2937 1350 3013 condi3

95 3023 162 3106 ipsa
187 3050 285 3107 nunc,
309 3035 469 3096 renovata
484 3032 724 3111 admonitione,
752 3033 967 3099 inculcamus.
985 3032 1112 3098 Sancta
1129 3051 1201 3094 mo·
1226 3010 1293 3127 2:²2⁶,
1307 3001 1378 3066 oprfi-

95 3142 188 3195 vente
213 3145 246 3197 et
262 3135 406 3199 ducente
431 3139 579 3214 caritate,
596 3146 757 3220 quantam
774 3137 942 3202 catholica
964 3138 1130 3212 instituta,
1147 3158 1199 3199 so·
1227 3135 1381 3246 “mmm

94 3234 205 3298 dalitia
231 3238 407 3314 artificum,
444 3249 562 3305 mutuo
586 3241 825 3322 opitulantium
859 3242 1137 3318 consociationes,
1165 3241 1198 3305 id
1224 3214 1369 3328 molum.

94 3356 193 3415 genus
210 3340 314 3421 plura,
337 3343 405 3405 vim
423 3342 571 3407 habeant
586 3344 815 3427 virtutemque
832 3343 883 3408 vel
901 3346 944 3409 ad
963 3345 1135 3409 leniendas
1152 3356 1200 3409 te·
1226 3329 1378 3443 sscffi'jfff

94 3442 241 3507 nuiorum
270 3465 446 3509 aerumnas
475 3446 525 3510 vel
542 3449 585 3512 ad
601 3446 754 3513 infimam
785 3450 918 3532 plebem
937 3460 1025 3513 recte
1048 3451 1200 3514 erudien-
1227 3461 1366 3537 casalari-

93 3546 177 3621 dam,
206 3561 360 3631 apertum
389 3553 596 3634 experiendo
629 3564 708 3618 est:
740 3556 797 3636 qui
813 3563 928 3618 autem
957 3556 1199 3619 consiliumvel
1225 3524 1377 3640 Zama

94 3654 332 3732 auctoritatem,
348 3658 525 3736 pecuniam
538 3658 588 3721 vel
605 3678 741 3740 operam
760 3660 802 3721 ad
815 3658 879 3721 ista
891 3658 1066 3722 conferant
1082 3661 1115 3722 in
1126 3661 1198 3741 qui·
1225 3659 1360 3772 mm·

94 3753 151 3816 bus
167 3759 306 3822 vertitur
321 3760 504 3823 multorum
521 3761 620 3838 salus,
636 3761 737 3825 etiam
759 3764 973 3844 sempiterna,
989 3764 1011 3826 ii
1028 3764 1199 3829 verissrme
1224 3790 1343 3837 consocia.

94 3857 133 3920 de
146 3862 305 3945 religione
321 3874 355 3927 et
371 3864 414 3928 de
429 3865 557 3929 civibus
573 3866 641 3929 suis
657 3877 895 3947 promerentur
911 3870 1052 3950 egregie.
1225 3855 1312 3903 ''W‘'

136 3964 187 4029 Ad
215 3968 307 4043 haec,
323 3971 415 4050 genti
444 3970 592 4034 Polonae
619 3972 773 4035 universe
789 3972 889 4049 dicta,
914 3983 1005 4038 certa
1027 3977 1192 4056 quaedam
1282 3986 1322 4035 112

94 4067 247 4134 subiicere
269 4070 361 4145 libet,
386 4092 471 4154 quae
504 4073 710 4156 singulatim,
742 4096 804 4157 pro
834 4076 983 4140 locorum
1015 4078 1048 4141 in
1077 4080 1197 4160 quibus
1239 4064 1369 4181 ,Jffiw

93 4172 262 4235 versamini
289 4175 493 4248 conditione,
521 4178 594 4239 usui
621 4176 691 4240 iore
707 4198 907 4243 censemus:
935 4191 1037 4263 atque
1050 4182 1136 4246 adeo
1151 4204 1196 4246 ex
1233 4182 1365 4247 ¹²⁸t>²¹¹⁶⁸

93 4268 140 4333 his
165 4276 244 4356 ipsis
269 4297 355 4358 quac
381 4278 536 4344 dedimus
565 4282 700 4344 monitis
729 4284 896 4365 quaedam
925 4282 1006 4347 libet
1030 4305 1071 4348 eo
1096 4286 1195 4349 altius
1221 4249 1372 4378 ,ζζᾚὲξ

95 4374 125 4437 ἰη
153 4381 272 4443 animis
303 4384 420 4445 vestris
452 4384 606 4467 defigere.
639 4424 683 4435 —
713 4386 789 4451 Vos
831 4388 990 4469 primurn,
1017 4398 1054 4452 ut
1084 4390 1195 4471 plures
1221 4419 1249 4459 μ
1270 4410 1375 4461 Prionos
