3117 4859
381 499 405 623 35}
751 499 1104 581 Decumum
1438 454 1471 609 5

597 709 663 768 os
685 706 848 768 cnuru
879 705 1251 766 sccussrssmco
1437 612 1469 767 lssss

559 1191 637 1243 UOD
661 1177 696 1242 S.
719 1176 931 1257 Augustinus
962 1175 1128 1256 ceterique
1161 1173 1277 1237 Patres
1313 1193 1475 1257 saepenu-

300 1348 307 1362 ,
402 1254 540 1487 m
574 1301 667 1346 mero
684 1282 869 1344 docueruut
898 1279 942 1343 de
964 1285 1083 1340 cantus
1107 1275 1325 1340 ecclesiastici
1353 1279 1473 1342 decore

573 1395 607 1449 et
619 1384 772 1462 utilitate,
789 1393 827 1448 ut
828 1381 966 1465 ,iperob
962 1391 1140 1445 ectnrrrenta
1152 1379 1287 1444 auritum
1290 1381 1478 1464 ,infirmior

208 1487 345 1608 ,mm
369 1487 554 1561 mii
575 1490 709 1554 animus
742 1489 777 1552 in
807 1487 958 1570 affectum
981 1485 1120 1569 pietntr's
1147 1495 1305 1568 assurgat
1333 1487 1472 1570 (¹;id)

189 1609 286 1656 ecclesia
287 1607 345 1650 stcv
371 1597 603 1660 Romanorum
630 1591 828 1657 Pontificum
846 1591 1025 1656 auctoritas
1050 1591 1139 1654 sibi
1130 1600 1259 1672 integre
1282 1591 1474 1674 eximieque

218 1717 244 1763 S.
259 1717 344 1776 ongo
370 1697 609 1783 perficiendum
625 1717 758 1780 semper
768 1696 929 1759 attribuit
944 1732 987 1744 -
1003 1691 1241 1777 Quapropter'
1232 1713 1265 1756 m
1279 1695 1344 1758 hoc
1362 1697 1473 1758 catho-

190 1791 245 1824 '¹⁸'
217 1777 291 1822 Μ’·
332 1867 335 1873 ,
369 1805 452 1867 licae
473 1803 646 1885 Liturgiae
666 1821 789 1864 munus
811 1801 857 1864 ita
885 1799 1065 1881 Gregorius
1095 1797 1297 1880 cognomine
1329 1799 1471 1881 niagnus

368 1925 464 1968 curas
479 1926 518 1972 ac
539 1907 650 1970 studia
666 1905 819 1981 contulit,
837 1914 873 1967 ut
889 1903 940 1967 vel
964 1903 1071 1985 ipsam
1087 1901 1352 1985 appellationem
1376 1903 1470 1966 abeo

249 2037 344 2095 aliique
367 2016 451 2080 sacri
467 2019 652 2078 concentus
663 2009 730 2073 sint
747 2007 898 2072 mutuati.
915 2005 985 2070 Alii
997 2027 1084 2084 vero,
1100 2024 1257 2088 processu
1273 2015 1470 2088 temporum,

189 2098 324 2158 P⁰⁸¹³f⁵⁶¹
370 2117 556 2192 Pontifices,
581 2133 683 2198 quum
717 2113 818 2176 nescii
853 2131 919 2174 non
950 2118 1071 2186 essent,
1103 2118 1266 2190 quantam
1297 2111 1397 2174 huius
1427 2111 1467 2172 rei

367 2325 549 2391 decessoris
561 2324 611 2386 sui
623 2321 772 2404 vestigiis
783 2319 983 2395 insistentes,
999 2316 1243 2400 Gregorianum
1254 2328 1393 2382 cantum
1405 2339 1466 2380 non

366 2430 469 2496 modo
495 2429 536 2492 ad
570 2436 750 2509 receptam,
778 2424 1001 2504 eamdemque
1033 2422 1314 2503 probatissimam,
1345 2421 1467 2485 numeri

366 2534 509 2596 sormam
526 2530 761 2605 revocandum,
776 2527 835 2591 sed
860 2528 1020 2590 etiamad
1044 2526 1209 2608 aptiorem
1234 2525 1467 2607 melioremque

366 2636 568 2719 exemplaris
605 2635 769 2698 rationem
804 2632 1010 2714 exigendum
1042 2630 1270 2694 indesinenter
1307 2641 1467 2694 curarunt.

196 2763 295 2818 praem
255 2760 340 2803 urum
368 2739 574 2811 Praesertim,
600 2750 677 2821 post
701 2736 919 2800 Tridentinae
948 2735 1078 2817 Synodi
1109 2743 1188 2798 vota
1212 2743 1246 2797 et
1277 2735 1468 2806 sanctiones,

211 2818 342 2922 σ’ἷῖῃῖᾗ
365 2855 466 2927 atque
500 2842 646 2905 Missaiis
678 2841 824 2905 Romani
862 2839 1117 2922 diligentissime
1152 2839 1285 2904 exarati
1315 2839 1465 2903 emenda·

209 2937 265 2982 ΡΜ
267 2939 294 2982 ³¹³
295 2951 306 2981 ⁸
322 2937 346 2982 V
365 2949 502 3024 tionem,
519 2948 568 3010 Pii
584 2945 618 3010 V
634 2953 813 3028 praecepto
828 2955 861 3008 et
877 2945 1076 3009 auctoritate
1093 2952 1273 3025 peractam,
1284 2945 1328 3006 de
1341 2963 1466 3025 promo·

184 3001 318 3056 gemmarum
365 3053 476 3116 vendo
492 3050 646 3133 liturgico
661 3059 760 3113 cantu
779 3049 887 3130 magis
901 3050 933 3111 in
950 3049 1021 3112 dies
1037 3047 1172 3112 assidua
1187 3047 1349 3110 excelluit
1362 3047 1467 3111 soller-

365 3157 412 3220 tia
429 3153 579 3238 Gregorii
597 3153 699 3231 x111,
715 3153 810 3217 Pauli
835 3153 869 3216 V
885 3172 924 3216 ac
947 3163 1142 3230 ceterorum,
1157 3151 1224 3234 qul,
1240 3152 1283 3214 ad
1305 3151 1467 3215 incolume

368 3259 539 3342 Liturgiae
563 3260 666 3322 decus
688 3258 861 3333 tuendum,
878 3257 958 3320 nihil
981 3257 1093 3339 potius
1109 3265 1144 3320 et
1159 3255 1333 3338 antiquius
1349 3257 1466 3320 habue-

367 3373 452 3440 runt,
468 3383 569 3445 quam
587 3372 623 3426 ut
640 3363 761 3426 rituum
781 3361 1011 3438 uniformitati,
1026 3380 1196 3424 sacrorum
1212 3361 1317 3423 etiam
1335 3381 1470 3426 concen-

206 3490 343 3593 ἵζω,
367 3479 462 3530 tuum
497 3467 708 3530 uniformitas
740 3466 864 3548 ubique
901 3467 1128 3547 responderet.
1159 3464 1236 3548 Qua
1267 3465 1302 3528 in
1334 3485 1369 3528 re
1394 3463 1469 3529 illud

200 3556 344 3653 „un-,55⁸2
369 3570 587 3652 Apostolicae
603 3570 701 3636 Sedis
724 3569 983 3633 sollicitudinem
1001 3569 1084 3632 iuvit
1101 3569 1289 3651 praecipue,
1305 3569 1397 3652 quod
1412 3569 1469 3650 ipsi

204 3667 343 3772 Ρζζῗῇξὲ·
367 3695 465 3738 curae
475 3674 573 3738 suerit
587 3674 919 3750 Graduale,accurate
931 3673 1140 3756 recognitum
1154 3674 1242 3738 etad
1258 3672 1471 3756 simpliciores

212 3784 343 3889 dmo-
369 3779 486 3841 modos
509 3778 694 3855 reductum,
714 3779 833 3841 Ioanni
852 3777 951 3841 Petro
974 3777 1108 3842 Aloisio
1125 3777 1344 3842 Praenestino
1367 3778 1471 3841 elabo-

191 3862 342 3950 aumanal'f
368 3891 439 3945 rate
448 3882 681 3964 praeclareque
692 3881 926 3946 adornandum
937 3883 1157 3948 committere.
1168 3881 1257 3945 Nam
1270 3883 1474 3958 mandatum,

368 3998 404 4048 ut
427 3993 498 4048 erat
523 3986 663 4068 dignum
691 3986 828 4049 homine
850 3985 949 4048 officii
971 3987 1021 4049 sui
1049 3987 1274 4067 perstudioso,
1294 3987 1396 4052 docte
1422 3984 1472 4048 ille

367 4089 547 4170 compleuit
552 4110 561 4167 ;
573 4098 608 4152 et
617 4087 822 4152 celeberrimi
834 4091 985 4171 magistri
997 4100 1165 4173 praestare
1181 4090 1288 4154 valuit
1305 4088 1473 4162 industria,

367 4200 413 4267 ut,
445 4193 542 4254 iuxta
582 4193 858 4273 prudentissimas
901 4214 1043 4272 normas,
1080 4195 1288 4277 seruatisque
1325 4193 1474 4279 genuinis

398 4337 418 4368 1.
438 4324 548 4378 Confert„
562 4326 589 4372 L.
602 4334 629 4377 x.
641 4338 662 4370 c,
674 4339 712 4384 33.
724 4339 747 4372 n.
760 4340 786 4384 3.
