3117 4859
185 350 235 398 DE
262 307 544 400 PROHlBlTlONE
570 349 619 398 ET
645 347 823 398 CENSURA
851 346 1063 398 LIBRORUM.
1107 348 1177 419 243

66 446 236 555 ‘Verum
254 491 372 555 salutis
388 490 546 574 publicae
563 491 659 567 ratio,
675 510 761 573 quae
786 489 936 572 Regulas
962 489 1179 553 Tridentinae
1267 529 1298 577 25

1250 578 1319 620 IAN.

1243 630 1317 693 1897.

64 700 185 765 eadem
198 701 304 766 iussit.
317 699 550 782 Quamobrem
561 701 691 763 romani
709 698 900 776 Pontifices,
912 699 1180 778 nominatimque
1206 758 1235 790 a,
1244 744 1316 792 „m-

65 806 226 871 Clemens
250 805 353 883 VIII,
380 805 581 869 Alexander
607 805 690 881 Vll,
724 805 929 869 Benedictus
962 802 1060 881 XIV,
1084 802 1180 885 gnari
1201 809 1283 872 pqsna
1297 805 1358 852 Pon·

66 922 257 993 temporum
275 923 309 972 et
325 928 491 974 memores
507 909 716 991 prudentiae,
728 909 825 993 plura
842 911 1027 984 decrevere,
1039 926 1127 989 quae
1138 906 1181 970 ad
1206 869 1360 970 iiiiii?

64 1033 125 1076 eas
140 1013 363 1095 explicandas
386 1021 488 1095 atque
509 1013 820 1076 accommodandas
836 1013 980 1094 tempori
996 1012 1181 1075 valuerunt.
1204 984 1351 1102 wilfi,

112 1115 210 1199 Quae
235 1138 287 1181 res
311 1115 483 1199 praeclare
507 1115 719 1193 confirmant,
740 1117 940 1200 praecipuas
965 1135 1181 1180 romanorum
1208 1117 1335 1210 32ξὲζο-

69 1221 272 1286 Pontificum
294 1221 439 1285 curasin
458 1220 617 1285 coluisse
640 1234 806 1304 perpetuo
830 1221 969 1305 positas,
994 1231 1031 1285 ut
1052 1221 1182 1304 opinio·
1279 1271 1362 1318 Tam

71 1346 151 1390 num
178 1345 306 1389 errores
331 1344 534 1408 morumque
559 1325 799 1408 corruptelam,
814 1327 986 1408 geminam
1002 1324 1089 1389 hanc
1105 1324 1183 1388 civi·
1208 1331 1348 1436 mm

68 1440 180 1494 tatum
198 1428 308 1493 labem
325 1448 365 1490 ac
381 1428 525 1506 ruinam,
541 1431 652 1511 pravis
678 1429 771 1493 libris
788 1430 883 1512 gigni
911 1451 950 1494 ac
974 1429 1185 1495 disseminari
1211 1450 1363 1520 remanum

67 1535 215 1610 solitam,
240 1553 260 1596 a
287 1533 377 1596 civili
402 1533 578 1597 hominum
611 1534 774 1598 societate
810 1533 1038 1599 defenderent
1066 1533 1186 1615 Neque
1206 1509 1316 1628 {ml

69 1637 198 1701 fructus
214 1634 332 1701 fefellit
353 1656 501 1717 operam,
510 1656 612 1718 quam
636 1639 694 1700 diu
711 1638 745 1701 in
763 1638 864 1702 rebus
879 1637 1022 1720 publicis
1043 1637 1185 1701 admini-
1210 1629 1354 1734 &5¹55ss

69 1740 220 1805 strandis
256 1743 377 1804 rationi
417 1742 604 1823 imperandi
642 1762 682 1804 ac
720 1741 922 1823 prohibendi
960 1741 1016 1805 lex
1051 1753 1187 1804 aeterna
1211 1761 1266 1852 ξπ,
1276 1747 1363 1852 235?-
1398 1751 1401 1758 “

72 1845 229 1928 praefuit,
239 1857 451 1928 rectoresque
466 1845 642 1910 civitatum
660 1865 736 1908 cum
747 1854 918 1928 potestate
929 1866 1024 1910 sacra
1035 1847 1069 1910 in
1084 1864 1186 1909 unum
1212 1880 1256 1913 res.

70 1967 282 2013 consensere.

119 2053 217 2136 Quae
233 2063 351 2136 postea
368 2064 547 2118 consecuta
563 2062 650 2130 sunt,
666 2073 767 2117 nemo
788 2054 902 2118 nescit.
918 2052 1087 2118 Videlicet
1110 2071 1186 2115 cum
1216 2078 1298 2124 Postea
1309 2076 1367 2125 vero·
1388 2067 1389 2070 ’

69 2157 234 2222 adiuncta
260 2178 370 2221 rerum
396 2168 497 2240 atque
521 2157 697 2221 hominum
726 2158 851 2221 sensim
878 2158 1076 2222 mutavisset
1107 2157 1187 2232 dies,
1210 2137 1344 2257 ᾖῖξζζ’ῗ,,

71 2263 154 2329 iecit
187 2263 222 2327 id
259 2263 412 2328 Ecclesia
443 2264 625 2345 prudenter
658 2281 750 2326 more
783 2281 854 2339 suo,
877 2263 979 2344 quod,
1011 2271 1188 2345 perspecta
1213 2255 1321 2374 (ἔξω

73 2377 195 2433 natura
209 2379 412 2452 temporum,
423 2369 530 2446 magis
543 2368 705 2448 expedire
720 2375 822 2450 atque
837 2368 918 2431 utile
928 2368 1186 2432 essehominum
1213 2375 1364 2479 2523&

73 2471 175 2536 saluti
191 2472 366 2536 videretur.
383 2472 497 2536 Plures
515 2472 720 2553 Regularum
747 2472 873 2536 Indicis
898 2473 1188 2554 praescriptiones,
1213 2492 1345 2563 antiquari

69 2594 162 2658 quae
182 2576 351 2639 excidisse
377 2576 630 2657 opportunitate
658 2577 799 2659 pristina
825 2577 1036 2654 videbantur,
1051 2577 1103 2642 vel
1130 2579 1186 2640 de·
1212 2554 1311 2659 {22:5¹⁶

73 2690 169 2743 creto
195 2681 269 2761 ipsa
291 2680 437 2757 sustulit,
452 2679 504 2742 vel
534 2700 627 2743 more
653 2700 784 2763 usuque
811 2681 933 2744 alicubi
961 2681 1188 2746 invalescente

69 2784 244 2866 antiquari
260 2783 407 2864 benigne
423 2783 521 2847 simul
539 2804 578 2847 ac
594 2784 734 2865 provide
746 2783 834 2850 sivit.
847 2784 1048 2848 Recentiore
1061 2805 1186 2848 merno-
1212 2823 1352 2869 Recentiore

73 2888 134 2964 ria,
159 2887 249 2950 datis
273 2886 316 2950 ad
345 2887 629 2969 Archiepiscopos
655 2887 911 2971 Episcoposque
944 2909 962 2951 e
996 2889 1186 2972 principatu
1213 2895 1336 2988 m?

73 2989 249 3074 pontificio
277 2991 405 3068 litteris,
432 2991 510 3055 Pius
540 2991 592 3054 IX
618 2991 786 3073 Regulam
815 2991 848 3054 X
875 3011 999 3074 magna
1025 3011 1070 3055 ex
1095 2999 1188 3073 parte
1214 3001 1316 3072 sennua
1336 3058 1352 3070 ..

74 3094 254 3176 mitigavit.
271 3094 456 3171 Praeterea,
472 3095 664 3176 propinquo
680 3096 746 3156 iam
766 3093 921 3158 Concilio
953 3114 1077 3176 magno
1093 3093 1188 3157 Vati·
1214 3059 1367 3176 wigii..

72 3217 173 3274 cano,
188 3198 296 3261 doctis
312 3199 401 3274 viris,
417 3198 458 3261 ad
476 3208 675 3279 argumenta
697 3199 850 3279 paranda
874 3198 1020 3276 delectis,
1036 3199 1070 3261 id
1088 3217 1189 3280 nego·
1215 3178 1344 3294 {22⁸⁸ssss

74 3302 162 3366 tium
189 3303 292 3381 dedit,
321 3312 357 3366 ut
391 3301 625 3384 expenderent
659 3310 762 3382 atque
788 3303 1007 3367 aestimarent
1040 3300 1190 3384 Regulas
1215 3294 1369 3404 jjzffjrffuffl

77 3406 207 3471 Incidis
234 3409 415 3485 unIversas,
441 3406 669 3488 iudiciumque
697 3405 829 3484 ferrent,
856 3406 935 3488 quid
965 3408 1007 3470 de
1034 3407 1074 3469 iis
1101 3406 1191 3469 iacto
1216 3419 1363 3463 commutan-

75 3530 166 3592 opus
190 3521 287 3574 esset.
315 3510 365 3573 llli
390 3510 661 3589 commutandas,
689 3511 980 3574 consentientibus
1008 3511 1192 3586 sententiis,
1216 3477 1370 3592 {lissffiicgw

78 3616 278 3680 iudicavere.
295 3616 393 3679 Idem
416 3635 452 3677 se
476 3624 509 3679 et
532 3615 655 3678 sentire
672 3623 706 3677 et
722 3625 836 3697 petere
852 3635 872 3678 a
889 3613 1042 3681 Concilio
1058 3614 1192 3697 plurimi
1218 3597 1273 3641 “¹³‘'

78 3738 125 3783 ex
158 3721 310 3801 patribus
344 3728 459 3802 aperte
495 3717 748 3801 profitebantur.
782 3719 1030 3801 Episcoporum
1062 3719 1194 3784 Galliae

80 3832 203 3888 extant
231 3824 294 3887 hac
321 3825 363 3889 de
390 3844 425 3886 re
451 3824 595 3900 litterae,
610 3842 751 3905 quarum
780 3825 950 3891 sententia
975 3831 1035 3901 est,
1060 3843 1196 3886 necesse

82 3948 157 3990 esse
172 3937 206 3991 et
222 3929 294 3993 sine
310 3930 526 3992 cunctatione
543 3928 744 4006 iaciendum,
761 3938 798 3992 ut
822 3928 898 3992 illae
917 3929 1063 4011 Regnlne
1077 3939 1110 3993 et
1124 3929 1197 3992 nni-

83 4052 180 4096 versa
203 4053 255 4096 res
277 4032 405 4096 Indicis
426 4053 506 4095 nevo
522 4044 663 4113 prorsus
689 4032 780 4096 medo
806 4043 934 4097 nostrae
959 4034 1064 4096 aetati
1083 4033 1200 4098 melius

84 4144 296 4219 attenneerato
321 4148 353 4200 et
377 4137 546 4200 observatu
561 4136 716 4217 faciliori
734 4137 1013 4201 instaurarentur.
1039 4138 1134 4201 Idem
1159 4159 1200 4202 eo

85 4251 240 4323 tempore
276 4241 436 4305 iudicium
477 4240 540 4303 suit
575 4239 822 4322 Episcoporum
859 4239 1070 4318 Germaniae,
1102 4243 1201 4326 plane

89 4346 287 4422 petentium,
299 4355 336 4408 ut
347 4345 494 4426 Regnlee
506 4343 673 4407 Indicis...
685 4345 807 4407 recenti
817 4343 974 4407 revisioni
984 4355 1016 4408 et
1026 4347 1204 4410 redactioni
