3117 4859
114 847 139 938 ,ᾗ
216 856 282 914 ou
301 852 509 913 senous
530 850 759 910 pussurcrs
778 850 832 908 1u
854 852 1097 913 nnuman.
1198 819 1206 906 1

95 1128 391 1202 &QLARA
424 1142 668 1203 saepenumero
708 1122 877 1183 edidimus
914 1136 1214 1205 argumentatum
1299 1155 1334 1199 31

94 1189 255 1440 &U
320 1226 795 1307 sollicitudinis,quatenemur
806 1245 886 1305 erga
898 1224 1013 1291 fideles
1029 1248 1215 1295 sacrorum·
1273 1202 1357 1321 w

94 1354 122 1501 ἒ
156 1238 226 1397 C
259 1203 285 1501 ἓ
319 1350 384 1413 que
411 1330 593 1393 Antistites
616 1329 862 1392 foederatarum
879 1327 1058 1394 Americae
1081 1344 1214 1416 septen·
1281 1370 1391 1423 lamp„

318 1434 472 1499 trionalis
487 1434 746 1509 civitatum,tum
763 1431 939 1513 singularis
950 1434 1213 1513 benevolentiae,
1239 1438 1380 1488 moenera

94 1558 164 1620 qua
180 1548 312 1619 partem
329 1540 428 1602 istam
447 1538 619 1601 Dominici
634 1537 745 1619 gregis
768 1535 1030 1618 complectimur.
1056 1540 1113 1603 Ad
1130 1542 1212 1605 haec
1238 1516 1375 1619 ῗίῖῑὲἶῗη

94 1642 180 1706 illud
207 1644 352 1708 accessit
374 1644 465 1707 haud
490 1663 572 1706 sane
598 1643 778 1706 obscurum
803 1642 908 1729 animi
925 1642 1040 1707 Nostri
1058 1648 1210 1710 testimo·
1237 1632 1378 1765 myses?

93 1749 201 1824 nium,
216 1749 307 1830 quod
324 1750 367 1812 ad
383 1769 444 1812 vos
460 1748 648 1810 miserimus
664 1746 867 1829 Delegatum
882 1745 1044 1811 Nostrum
1062 1748 1210 1815 Venera·
1236 1772 1320 1828 nuper
1337 1768 1388 1816 De-

1 1930 10 1943 ·
92 1852 199 1915 bilem
217 1853 370 1917 Fratrem
387 1852 603 1915 Franciscum
620 1850 921 1932 Archiepiscopum
934 1850 984 1913 tit.
995 1851 1210 1933 Naupacten-
1236 1828 1390 1962 ζξῇζξῖζψ

91 1978 178 2033 sem,
209 1958 315 2021 virum
343 1958 526 2039 egregium,
547 1956 700 2018 doctrina
731 1974 798 2017 non
827 1955 937 2017 minus
962 1976 1063 2036 quam
1089 1956 1211 2019 vir'tute
1236 1968 1325 2011 turum
1345 1980 1387 2012 no-

93 2070 324 2142 praestantem
341 2083 349 2138 ;
365 2068 465 2142 prout
479 2080 539 2123 vos
555 2058 628 2139 ipsi,
643 2060 678 2121 in
694 2059 853 2140 proximo
870 2056 1209 2142 Archiepiscoporum
1235 2030 1387 2143 mm.

94 2182 266 2235 conventu
282 2172 521 2235 NeoEboraci
546 2170 672 2246 habito,
688 2170 801 2251 palam
825 2170 938 2233 testati
962 2172 1051 2249 estiS,
1068 2172 1115 2236 ita
1131 2193 1209 2235 con·
1231 2160 1388 2287 ᾗξζζζῶζῗ

95 2276 270 2340 firmantes
286 2274 453 2352 fiduciam,
476 2294 563 2357 quae
587 2277 620 2337 in
646 2273 824 2355 prudentia
847 2274 918 2337 eius
935 2295 955 2336 a
972 2274 1078 2338 Nobis
1104 2275 1210 2340 suerat
1235 2291 1364 2367 copiasn-

93 2378 271 2441 collocata.
289 2377 398 2457 Ipsius
414 2386 527 2438 autem
545 2375 669 2458 legatio
696 2396 737 2438 eo
764 2374 869 2439 valuit
885 2376 1031 2455 primum
1048 2386 1085 2439 ut
1101 2378 1208 2459 publi·
1234 2370 1387 2485 {5⁷22}ssng

93 2502 172 2545 curn
199 2502 220 2544 a
248 2481 357 2545 Nobis
372 2490 505 2545 extaret
521 2481 752 2544 testimonium
770 2489 803 2544 et
820 2500 1006 2562 propensae
1021 2482 1208 2549 voluntatis
1233 2488 1366 2550 expositas,

93 2606 176 2667 erga
191 2586 336 2668 patriam
363 2594 508 2648 vestram
537 2594 570 2648 et
598 2605 741 2666 magnae
762 2585 1023 2650 existimationis
1046 2607 1126 2670 erga
1149 2610 1207 2653 eos

93 2690 152 2774 qui
169 2690 245 2752 istic
261 2688 462 2771 reipublicae
477 2708 553 2753 cum
570 2697 740 2772 potestate
760 2700 940 2769 praesunt:
957 2692 1094 2755 nomine
1117 2696 1206 2757 enim

94 2794 226 2857 Nostro
240 2792 415 2857 adfuturus
428 2793 483 2855 ille
493 2801 564 2856 erat
576 2794 610 2855 in
622 2793 834 2865 dedicatione
850 2792 1077 2875 amplissimae
1089 2798 1207 2878 copiae

92 2898 335 2963 excellentium
350 2918 452 2963 omne
467 2917 573 2981 genus
588 2918 698 2961 rerum
716 2900 748 2960 in
760 2898 842 2961 urbe
859 2898 1009 2980 Chicago
1021 2901 1207 2983 expositae,

92 3002 189 3065 cuius
216 3013 250 3066 et
280 3003 354 3066 Nos
381 3004 560 3084 participes
587 3003 772 3079 extitimus,
799 3022 819 3065 a
850 3001 1058 3082 praesidibus
1086 3004 1205 3067 iisdem
1243 3028 1384 3077 astuciar-

93 3108 236 3170 comiter
251 3107 392 3172 invitati.
408 3107 459 3170 At
480 3107 630 3171 eiusdem
657 3125 737 3169 vero
759 3105 937 3189 legationis
953 3106 1017 3171 hoc
1034 3119 1207 3189 praeterea
1231 3094 1384 3207 mallus·

92 3209 157 3275 suit
181 3212 391 3294 propositum
423 3221 460 3276 ut
487 3222 649 3294 perpetua
677 3210 770 3275 lieret
797 3210 1051 3293 quodammodo
1082 3213 1207 3278 Nostra
1230 3196 1370 3273 serciaco!-

92 3317 184 3396 apud
212 3336 273 3380 vos
299 3317 497 3399 praesentia.
515 3315 738 3397 Delegatione
763 3314 963 3395 Apostolica
988 3327 1205 3397 permanente
1229 3292 1377 3419 ss‘ssmf

93 3420 345 3502 Washingtonii
361 3421 553 3485 constituta.
566 3418 645 3501 Quo
659 3419 750 3482 iacto
762 3417 947 3482 luculenter
962 3420 1205 3487 declaravimus
1231 3423 1266 3499 ²⁸?
1287 3422 1382 3499 ‹relega-

93 3543 162 3587 non
180 3527 283 3588 modo
299 3526 471 3589 nationem
487 3533 633 3587 vestram
649 3524 789 3605 perinde
812 3544 832 3586 a
860 3524 968 3587 Nobis
991 3526 1087 3609 diligi
1103 3537 1205 3611 atque
1230 3495 1382 3614 ζῖἶῗὲζξρο

93 3627 177 3691 alias
189 3629 343 3692 maxime
355 3628 522 3705 florentes,
533 3629 576 3692 ad
589 3649 672 3711 quas
684 3628 772 3690 viros
789 3648 865 3691 curn
881 3630 1082 3695 auctoritate
1094 3632 1205 3715 legare
1230 3620 1381 3735 wulli-

92 3729 338 3808 consuevimus,
352 3730 412 3793 sed
440 3732 542 3794 etiarn
570 3750 590 3792 a
615 3728 725 3792 Nobis
740 3727 957 3791 vehementer
971 3732 1080 3813 optari
1098 3742 1134 3797 ut
1150 3753 1205 3798 ve·
1231 3750 1308 3799 amos
1322 3751 1383 3815 fore

93 3842 201 3897 strum
227 3834 435 3915 istorumque
465 3832 614 3897 fidelium
643 3841 779 3897 mutuae
802 3832 846 3895 ad
871 3834 943 3897 Nos
960 3836 1204 3901 coniunctionis
1221 3816 1339 3947 {Wl-

93 3936 237 4013 vincula,
253 3947 427 4020 tamquam
453 3936 596 4001 filiorum
613 3938 655 4000 ad
672 3945 812 4019 patrem,
828 3939 970 4002 arctiora
987 3940 1020 4002 in
1037 3941 1109 4004 dies
1125 3962 1203 4005 con-

94 4041 225 4106 sistant
240 4041 313 4105 Nec
344 4042 417 4106 leve
447 4043 585 4124 quidem
615 4041 766 4123 cepimus
791 4062 836 4105 ex
863 4062 905 4105 eo
928 4042 1085 4125 solatium
1113 4049 1203 4128 quod

94 4162 221 4206 novum
236 4142 301 4207 hoc
317 4144 462 4208 Nostrae
486 4164 566 4226 erga
589 4164 649 4207 vos
676 4144 907 4226 providentiae
930 4146 1090 4210 iudicium
1114 4168 1203 4211 com-

96 4248 207 4312 munis
221 4248 296 4317 istic
312 4259 428 4313 secuta
442 4250 486 4313 sit
506 4250 634 4332 gratiae
656 4248 690 4311 in
715 4247 788 4313 Nos
811 4251 979 4333 studiique
995 4249 1203 4333 significatio

141 4353 297 4417 lamvero
311 4374 373 4436 pro
389 4362 530 4435 paterna
557 4354 589 4417 in
616 4372 675 4416 vos
694 4353 918 4419 sollicitudine
936 4354 1060 4419 Nostra
1083 4354 1146 4419 hoc
1169 4356 1202 4418 in
1271 4375 1382 4424 Manda-
