3117 4859
386 360 430 409 10
586 358 768 409 serstonn
796 358 1007 409 eucrcmcn
1036 346 1057 375 “
1079 332 1287 410 octoun1''

253 522 353 587 quatem
382 510 507 591 incepit
523 509 703 592 valuitque.
724 546 768 557 —
790 510 915 573 Divina
939 508 1079 571 consilia
1105 508 1248 572 addecet
1273 523 1485 588 magnacum

202 588 355 715 &⁸303ss
381 614 542 696 religione
567 614 699 679 intueri.
727 614 833 678 Filius
849 613 914 677 Dei
942 621 1108 686 aeternus,
1136 632 1251 693 quum,
1273 611 1318 673 ad
1345 608 1487 672 hominis

202 718 356 834 ,17ἔέ2ζῖ
382 721 648 802 redemptionem
666 731 699 787 et
715 723 828 797 decus,
843 720 990 783 hominis
1017 728 1172 783 naturam
1196 717 1298 781 vellet
1314 717 1490 798 suscipere,

282 850 353 907 caen,
382 845 489 907 eaque
502 846 536 887 re
552 826 733 907 mysticum
751 826 923 907 quoddam
941 844 1017 887 cum
1035 823 1190 887 universo
1205 822 1355 885 humano
1371 838 1489 900 genere

382 927 523 995 initurus
539 940 628 993 esset
643 930 860 1004 connubium,
876 949 943 992 non
971 929 1004 991 id
1033 937 1111 991 ante
1128 926 1266 1010 perfecit
1282 946 1385 1008 quam
1397 923 1488 987 liber·

382 1032 465 1095 rima
490 1034 670 1096 consensio
697 1034 892 1097 accessisset
919 1034 1117 1114 designatae
1134 1030 1263 1107 Matris,
1278 1050 1367 1112 quae
1389 1029 1490 1110 ipsius

380 1137 513 1215 generis
538 1138 678 1200 humani
706 1157 885 1220 personam
914 1138 1170 1219 quodammodo
1197 1136 1331 1217 agebat,
1350 1135 1393 1197 ad
1417 1151 1489 1195 eam

382 1240 543 1305 illustrem
561 1243 838 1324 verissimamque
854 1242 1034 1324 Aquinatis
1046 1240 1249 1305 sententiam
1266 1238 1356 1303 :Per
1364 1258 1490 1301 annun-

380 1344 551 1409 tiationem
566 1346 792 1427 expectabatur
817 1367 989 1409 consensus
1013 1344 1172 1427 Virginis,
1188 1344 1252 1407 leco
1263 1344 1365 1407 totius
1379 1343 1491 1407 huma-

381 1468 442 1511 nae
457 1458 597 1511 naturae
612 1448 663 1531 (¹).
682 1451 738 1513 Ex
766 1470 835 1532 quo
860 1470 928 1514 non
954 1450 1065 1513 minus
1091 1469 1169 1512 vere
1192 1449 1393 1531 proprieque
1408 1446 1491 1510 affir-

383 1571 475 1613 mare
492 1552 578 1629 licet,
594 1553 675 1615 nihil
701 1574 837 1635 prorsus
862 1554 904 1615 de
930 1572 1116 1635 permagno
1144 1553 1202 1615 illo
1228 1552 1341 1613 omnis
1366 1551 1491 1631 gratiae

383 1654 551 1729 thesauro,
567 1676 668 1738 quem
686 1657 800 1720 attulit
817 1656 996 1731 Dominus,
1011 1655 1180 1738 siquidem
1191 1654 1309 1737 gratia
1323 1663 1356 1716 et
1370 1652 1492 1715 veritas

379 1758 561 1839 perferam
580 1760 749 1827 Christum
757 1762 856 1841 sacta
871 1770 920 1823 est
934 1760 987 1842 (2),
1004 1760 1085 1822 nihil
1114 1760 1221 1834 nobis,
1247 1757 1311 1820 nisi
1337 1777 1397 1839 per
1422 1756 1491 1817 Ma-

384 1865 476 1939 riam,
493 1863 569 1927 Deo
585 1865 632 1927 sic
649 1865 793 1941 volente,
808 1865 992 1944 impertiri:
1009 1874 1055 1939 ut,
1071 1884 1139 1946 quo
1156 1863 1311 1925 modoad
1323 1878 1490 1923 summum

385 1969 529 2045 Patrem,
546 1970 608 2031 nisi
624 1989 683 2050 per
700 1968 834 2046 Filium,
849 1989 950 2031 nemo
967 1977 1080 2050 potest
1095 1968 1264 2045 accedere,
1282 1970 1329 2030 ita
1342 1966 1422 2039 fere,
1434 1962 1491 2026 nisi

382 2092 441 2153 per
458 2074 613 2148 Matrem,
629 2073 789 2136 accedere
813 2092 914 2135 nemo
929 2071 1036 2153 possit
1052 2072 1095 2135 ad
1112 2071 1292 2136 Christum.
1316 2108 1359 2118 -
1381 2070 1490 2151 Quan-

203 2175 356 2239 infimitati
382 2185 454 2237 tum
472 2175 505 2237 in
523 2174 586 2237 hoc
605 2174 668 2237 Dei
693 2174 835 2237 consilio
850 2183 883 2237 et
907 2176 1092 2256 sapientiae
1108 2186 1143 2237 et
1160 2174 1411 2237 misericordiae
1425 2172 1489 2234 elu·
1546 2177 1547 2192 ¹

226 2242 354 2365 ‘mizi
382 2278 455 2339 cet!
473 2287 600 2358 quanta
617 2277 659 2338 ad
677 2277 943 2340 imbecillitatem
960 2276 1245 2359 fragilitatemque
1256 2277 1406 2339 hominis
1418 2294 1490 2338 con·
1546 2303 1548 2392 J

202 2372 264 2419 dum
288 2368 359 2446 ΕΜ
383 2387 571 2448 venientia!
590 2384 693 2448 Cuius
710 2405 857 2466 namque
873 2386 1059 2450 bonitatem
1070 2388 1238 2451 credimus
1251 2389 1490 2466 laudamusque

193 2443 356 2550 figendam
384 2488 561 2565 infinitam,
573 2488 723 2552 eiusdem
738 2488 903 2553 infinitam
921 2491 1088 2553 credimus
1104 2500 1137 2553 et
1150 2510 1304 2553 veremur
1320 2490 1490 2553 iustitiam:
1545 2559 1546 2576 J

217 2572 356 2695 mssssffffl
384 2601 417 2653 et
433 2612 534 2672 quem
552 2592 823 2655 amantissimum
852 2593 1075 2671 Servatorem,
1097 2596 1270 2675 sanguinis
1295 2596 1491 2671 animaeque
1545 2631 1546 2634 κ

219 2697 357 2808 νξᾰίψῗ
384 2696 572 2777 prodigum,
589 2697 813 2772 redamemus,
836 2698 992 2761 eumdem
1018 2718 1086 2761 non
1111 2699 1320 2763 exorabilem
1349 2698 1488 2762 iudicem
1545 2683 1547 2778 l

203 2769 356 2891 Zss'ssffia.
384 2799 671 2879 pertimescimus:
699 2819 802 2881 quare
828 2800 991 2863 factorum
1017 2803 1221 2865 conscientia
1245 2802 1389 2881 trepidis
1414 2814 1491 2879 opus

236 2892 358 3021 ’Ἐπί
383 2903 523 2965 omnino
539 2904 756 2983 deprecatore
772 2924 811 2966 ac
827 2912 981 2984 patrono,
990 2905 1048 2986 qui
1061 2915 1095 2969 et
1105 2926 1229 2986 magna
1242 2906 1284 2967 ad
1300 2906 1414 2968 Deum
1425 2900 1490 2984 pol·

235 3038 312 3087 quam
326 2992 356 3069 2¹22
383 3006 450 3069 leat
464 3007 582 3087 gratia,
598 3014 631 3068 et
648 3005 857 3087 benignitate
875 3008 918 3069 sit
934 3008 1036 3070 animi
1053 3018 1157 3081 tanta,
1172 3007 1295 3071 nullius
1312 3016 1350 3071 ut
1368 3011 1490 3070 recuset
1544 3071 1546 3082 Ι

216 3087 356 3201 g‘ssmj
383 3107 647 3188 desperatissimi
660 3110 894 3188 patrocinium,
906 3108 1115 3192 afflictosque
1125 3112 1341 3192 iacentesque
1354 3112 1388 3173 in
1402 3124 1489 3190 spem
1544 3093 1546 3164 l

218 3219 356 3293 memor·
383 3212 489 3293 erigat
506 3211 706 3275 clementiae
718 3213 862 3278 divinae.
874 3214 954 3295 Ipsa
970 3214 1233 3293 praeclarissime
1243 3215 1367 3277 Maria:
1378 3220 1489 3297 potens
1543 3293 1544 3298 ἵ

300 3283 353 3331 Μ’
383 3337 423 3379 ea
440 3316 587 3397 quidem,
603 3316 668 3378 Dei
698 3336 818 3395 parens
843 3316 1097 3398 omnipotentis,
1113 3319 1182 3393 sed,
1197 3319 1288 3400 quod
1317 3318 1409 3399 sapit
1423 3312 1490 3377 dul-

382 3421 463 3496 cius,
494 3418 611 3495 facilis,
641 3418 859 3501 perbenigna,
901 3420 1204 3500 indulgentissima.
1236 3422 1359 3485 Talem
1399 3416 1488 3481 nobis
1543 3435 1545 3464 ι

382 3524 550 3607 praestitit
577 3520 681 3597 Deus,
697 3522 759 3598 cui,
775 3523 840 3587 hoc
865 3522 940 3603 ipso
965 3526 1055 3604 quod
1072 3522 1253 3604 Unigenae
1276 3526 1329 3588 sui
1357 3534 1489 3588 matrem
1543 3467 1545 3550 l

381 3625 493 3705 elegit,
511 3634 681 3688 maternos
698 3623 798 3706 plane
824 3625 947 3688 indidit
977 3645 1104 3704 sensus,
1120 3627 1212 3689 aliud
1229 3628 1314 3690 nihil
1332 3628 1490 3711 spirantes
1542 3615 1543 3658 l

382 3729 446 3792 nisi
471 3746 623 3790 amorem
649 3736 683 3791 et
708 3730 863 3804 veniam;
890 3728 992 3790 talem
1021 3729 1111 3792 facto
1134 3750 1195 3793 suo
1224 3730 1321 3795 lesus
1344 3730 1491 3795 Christus

382 3816 541 3907 ostendit,
568 3849 671 3911 quum
700 3830 828 3894 Mariae
852 3831 990 3894 subesse
1015 3841 1049 3895 et
1074 3834 1310 3916 obtemperare
1336 3844 1374 3899 ut
1401 3825 1489 3896 matri
1542 3821 1544 3937 J

383 3935 470 3999 filius
488 3943 609 4016 sponte
626 3932 752 3998 voluit:
769 3934 870 3998 talem
888 3935 930 3999 de
942 3956 1039 3999 cruce
1055 3938 1272 4020 praedicavit,
1290 3958 1396 4021 quum
1424 3933 1488 3998 uni·
1541 3959 1542 4018 J

383 4040 577 4102 versitatem
594 4038 735 4101 humani
754 4040 896 4120 generis,
912 4039 945 4100 in
965 4039 1091 4103 Ioanne
1119 4042 1297 4123 discipulo,
1313 4039 1488 4107 curandam
1541 4037 1542 4048 ’

386 4142 416 4204 ei
433 4141 682 4223 fovendamque
708 4141 900 4220 commisit;
928 4142 1029 4205 talem
1055 4144 1200 4225 denique
1227 4164 1264 4206 se
1291 4146 1389 4208 dedit
1416 4142 1490 4221 ipsa,

383 4265 469 4327 quae
497 4264 571 4307 eam
600 4244 755 4307 immensi
781 4244 906 4308 laboris
933 4245 1164 4323 hereditatem,
1180 4270 1200 4311 a
1226 4250 1393 4311 moriente
1409 4243 1486 4308 Filio
1541 4229 1543 4323 J

415 4383 433 4415 1.
450 4369 496 4419 ΙΙΙ,
510 4384 533 4428 q.
548 4380 613 4422 xxx,
625 4384 647 4415 n.
663 4385 681 4415 ι,
697 4396 724 4424 -,
741 4384 761 4415 2.
774 4371 856 4423 Joan..
871 4382 887 4424 r,
903 4384 937 4426 17.
