<?xml version="1.0" encoding="UTF-8"?>
<!DOCTYPE html PUBLIC "-//W3C//DTD XHTML 1.0 Transitional//EN"
    "http://www.w3.org/TR/xhtml1/DTD/xhtml1-transitional.dtd">
<html xmlns="http://www.w3.org/1999/xhtml" xml:lang="en" lang="en">
 <head>
  <title>
</title>
<meta http-equiv="Content-Type" content="text/html;charset=utf-8" />
  <meta name='ocr-system' content='tesseract 3.04.00' />
  <meta name='ocr-capabilities' content='ocr_page ocr_carea ocr_par ocr_line ocrx_word'/>
</head>
<body>
  <div class='ocr_page' id='page_1' title='image "./sanctissimidomi04xiiigoog_0516.png"; bbox 0 0 3117 4859; ppageno 0'>
   <div class='ocr_carea' id='block_1_1' title="bbox 398 367 1361 454">
    <p class='ocr_par' dir='ltr' id='par_1_1' title="bbox 398 367 1361 454">
     <span class='ocr_line' id='line_1_1' title="bbox 398 367 1361 454; baseline 0.004 -18"><span class='ocrx_word' id='word_1_1' title='bbox 398 367 467 454; x_wconf 89' lang='lat'>148</span> <span class='ocrx_word' id='word_1_2' title='bbox 557 385 738 438; x_wconf 74' lang='lat' dir='ltr'>arrsroca</span> <span class='ocrx_word' id='word_1_3' title='bbox 770 375 791 406; x_wconf 83' lang='lat'>‘⁴</span> <span class='ocrx_word' id='word_1_4' title='bbox 811 387 992 440; x_wconf 80' lang='lat' dir='ltr'>rnsrcues</span> <span class='ocrx_word' id='word_1_5' title='bbox 1020 391 1098 442; x_wconf 78' lang='lat' dir='ltr'>neo</span> <span class='ocrx_word' id='word_1_6' title='bbox 1123 389 1318 440; x_wconf 75' lang='lat' dir='ltr'>nerenno</span> <span class='ocrx_word' id='word_1_7' title='bbox 1340 367 1361 393; x_wconf 78' lang='lat'>&#39;⁸</span> 
     </span>
    </p>
   </div>
   <div class='ocr_carea' id='block_1_2' title="bbox 230 527 1519 1337">
    <p class='ocr_par' dir='ltr' id='par_1_2' title="bbox 230 527 1519 1337">
     <span class='ocr_line' id='line_1_2' title="bbox 393 527 1519 613; baseline 0.004 -24"><span class='ocrx_word' id='word_1_8' title='bbox 393 536 541 589; x_wconf 89' lang='lat' dir='ltr'>vestrum</span> <span class='ocrx_word' id='word_1_9' title='bbox 556 527 805 608; x_wconf 85' lang='lat' dir='ltr'>Apostolicum,</span> <span class='ocrx_word' id='word_1_10' title='bbox 815 530 959 606; x_wconf 82' lang='lat' dir='ltr'>ordines,</span> <span class='ocrx_word' id='word_1_11' title='bbox 971 529 1108 606; x_wconf 84' lang='lat' dir='ltr'>clerum,</span> <span class='ocrx_word' id='word_1_12' title='bbox 1118 529 1281 613; x_wconf 86' lang='lat' dir='ltr'>populum</span> <span class='ocrx_word' id='word_1_13' title='bbox 1298 531 1519 603; x_wconf 62' lang='lat' dir='ltr'>universum</span> 
     </span>
     <span class='ocr_line' id='line_1_3' title="bbox 394 627 1517 716; baseline 0.005 -24"><span class='ocrx_word' id='word_1_14' title='bbox 394 627 563 712; x_wconf 82' lang='lat' dir='ltr'>iaciatque</span> <span class='ocrx_word' id='word_1_15' title='bbox 580 627 756 696; x_wconf 86' lang='lat' dir='ltr'>affluentes</span> <span class='ocrx_word' id='word_1_16' title='bbox 771 650 887 696; x_wconf 86' lang='lat' dir='ltr'>eorum</span> <span class='ocrx_word' id='word_1_17' title='bbox 905 631 1003 713; x_wconf 72' lang='lat' dir='ltr'>copia</span> <span class='ocrx_word' id='word_1_18' title='bbox 1019 631 1197 710; x_wconf 90' lang='lat' dir='ltr'>bonomm,</span> <span class='ocrx_word' id='word_1_19' title='bbox 1209 653 1297 716; x_wconf 90' lang='lat' dir='ltr'>quae</span> <span class='ocrx_word' id='word_1_20' title='bbox 1313 633 1393 716; x_wconf 91' lang='lat' dir='ltr'>ipse</span> <span class='ocrx_word' id='word_1_21' title='bbox 1409 636 1517 698; x_wconf 90' lang='lat' dir='ltr'>natio·</span> 
     </span>
     <span class='ocr_line' id='line_1_4' title="bbox 393 732 1515 821; baseline 0.005 -25"><span class='ocrx_word' id='word_1_22' title='bbox 393 732 491 799; x_wconf 88' lang='lat' dir='ltr'>nibus</span> <span class='ocrx_word' id='word_1_23' title='bbox 508 733 686 817; x_wconf 80' lang='lat' dir='ltr'>regnisque</span> <span class='ocrx_word' id='word_1_24' title='bbox 701 735 858 816; x_wconf 81' lang='lat' dir='ltr'>promisit</span> <span class='ocrx_word' id='word_1_25' title='bbox 871 735 1141 800; x_wconf 78' lang='lat' dir='ltr'>custodientibus</span> <span class='ocrx_word' id='word_1_26' title='bbox 1153 737 1317 802; x_wconf 81' lang='lat' dir='ltr'>iustitiam</span> <span class='ocrx_word' id='word_1_27' title='bbox 1329 747 1368 802; x_wconf 87' lang='lat' dir='ltr'>et</span> <span class='ocrx_word' id='word_1_28' title='bbox 1385 759 1515 821; x_wconf 81' lang='lat' dir='ltr'><strong>pacem.</strong></span> 
     </span>
     <span class='ocr_line' id='line_1_5' title="bbox 392 838 1514 924; baseline 0.003 -21"><span class='ocrx_word' id='word_1_29' title='bbox 392 838 466 903; x_wconf 90' lang='lat' dir='ltr'>Vos</span> <span class='ocrx_word' id='word_1_30' title='bbox 490 857 597 920; x_wconf 87' lang='lat' dir='ltr'>aeque</span> <span class='ocrx_word' id='word_1_31' title='bbox 620 838 776 924; x_wconf 82' lang='lat' dir='ltr'>respiciat</span> <span class='ocrx_word' id='word_1_32' title='bbox 794 859 913 903; x_wconf 92' lang='lat' dir='ltr'>omnes</span> <span class='ocrx_word' id='word_1_33' title='bbox 929 859 1056 922; x_wconf 84' lang='lat' dir='ltr'>magna</span> <span class='ocrx_word' id='word_1_34' title='bbox 1071 841 1221 905; x_wconf 88' lang='lat' dir='ltr'>Domina</span> <span class='ocrx_word' id='word_1_35' title='bbox 1240 852 1355 906; x_wconf 83' lang='lat' dir='ltr'>vestra</span> <span class='ocrx_word' id='word_1_36' title='bbox 1373 843 1514 920; x_wconf 69' lang='lat' dir='ltr'>Mam,</span> 
     </span>
     <span class='ocr_line' id='line_1_6' title="bbox 393 941 1512 1028; baseline 0.007 -22"><span class='ocrx_word' id='word_1_37' title='bbox 393 944 527 1024; x_wconf 69' lang='lat' dir='ltr'>unique</span> <span class='ocrx_word' id='word_1_38' title='bbox 555 941 749 1026; x_wconf 82' lang='lat' dir='ltr'>Stephanus</span> <span class='ocrx_word' id='word_1_39' title='bbox 773 954 808 1008; x_wconf 90' lang='lat' dir='ltr'>et</span> <span class='ocrx_word' id='word_1_40' title='bbox 824 943 1042 1022; x_wconf 85' lang='lat' dir='ltr'>Adaibertus,</span> <span class='ocrx_word' id='word_1_41' title='bbox 1063 945 1166 1008; x_wconf 89' lang='lat' dir='ltr'>iidem</span> <span class='ocrx_word' id='word_1_42' title='bbox 1190 945 1284 1028; x_wconf 85' lang='lat' dir='ltr'>regni</span> <span class='ocrx_word' id='word_1_43' title='bbox 1312 949 1467 1028; x_wconf 76' lang='lat' dir='ltr'>apostoli</span> <span class='ocrx_word' id='word_1_44' title='bbox 1481 964 1512 1014; x_wconf 88' lang='lat' dir='ltr'>et</span> 
     </span>
     <span class='ocr_line' id='line_1_7' title="bbox 393 1046 1508 1129; baseline 0.005 -18"><span class='ocrx_word' id='word_1_45' title='bbox 393 1046 525 1128; x_wconf 85' lang='lat' dir='ltr'>patroni</span> <span class='ocrx_word' id='word_1_46' title='bbox 541 1046 718 1124; x_wconf 86' lang='lat' dir='ltr'>caelestes;</span> <span class='ocrx_word' id='word_1_47' title='bbox 735 1065 877 1129; x_wconf 90' lang='lat' dir='ltr'>quorum</span> <span class='ocrx_word' id='word_1_48' title='bbox 889 1048 1028 1113; x_wconf 83' lang='lat' dir='ltr'>salutari</span> <span class='ocrx_word' id='word_1_49' title='bbox 1045 1049 1159 1126; x_wconf 86' lang='lat' dir='ltr'>tutela,</span> <span class='ocrx_word' id='word_1_50' title='bbox 1176 1048 1221 1112; x_wconf 93' lang='lat' dir='ltr'>ab</span> <span class='ocrx_word' id='word_1_51' title='bbox 1235 1049 1309 1114; x_wconf 88' lang='lat' dir='ltr'>avis</span> <span class='ocrx_word' id='word_1_52' title='bbox 1323 1059 1361 1115; x_wconf 89' lang='lat' dir='ltr'>et</span> <span class='ocrx_word' id='word_1_53' title='bbox 1377 1053 1508 1117; x_wconf 85' lang='lat' dir='ltr'>maiori-</span> 
     </span>
     <span class='ocr_line' id='line_1_8' title="bbox 392 1150 1507 1232; baseline 0.005 -18"><span class='ocrx_word' id='word_1_54' title='bbox 392 1150 454 1214; x_wconf 81' lang='lat' dir='ltr'>bus</span> <span class='ocrx_word' id='word_1_55' title='bbox 478 1157 656 1231; x_wconf 78' lang='lat' dir='ltr'>tantopere</span> <span class='ocrx_word' id='word_1_56' title='bbox 681 1152 869 1232; x_wconf 85' lang='lat' dir='ltr'>explorata,</span> <span class='ocrx_word' id='word_1_57' title='bbox 884 1151 1107 1217; x_wconf 81' lang='lat' dir='ltr'>cumulatiore</span> <span class='ocrx_word' id='word_1_58' title='bbox 1131 1153 1164 1216; x_wconf 91' lang='lat' dir='ltr'>in</span> <span class='ocrx_word' id='word_1_59' title='bbox 1181 1153 1256 1216; x_wconf 92' lang='lat' dir='ltr'>dies</span> <span class='ocrx_word' id='word_1_60' title='bbox 1271 1152 1385 1218; x_wconf 81' lang='lat' dir='ltr'>fructu</span> <span class='ocrx_word' id='word_1_61' title='bbox 1410 1155 1507 1220; x_wconf 74' lang='lat' dir='ltr'>laete</span> 
     </span>
     <span class='ocr_line' id='line_1_9' title="bbox 230 1253 1507 1337; baseline 0.004 -19"><span class='ocrx_word' id='word_1_62' title='bbox 230 1264 365 1318; x_wconf 70' lang='lat' dir='ltr'>arqueexo.</span> <span class='ocrx_word' id='word_1_63' title='bbox 392 1253 483 1318; x_wconf 90' lang='lat' dir='ltr'>mini.</span> <span class='ocrx_word' id='word_1_64' title='bbox 499 1291 542 1302; x_wconf 87' lang='lat'><em>-</em></span> <span class='ocrx_word' id='word_1_65' title='bbox 559 1253 736 1337; x_wconf 83' lang='lat' dir='ltr'>Singulare</span> <span class='ocrx_word' id='word_1_66' title='bbox 763 1264 879 1318; x_wconf 88' lang='lat' dir='ltr'>votum</span> <span class='ocrx_word' id='word_1_67' title='bbox 901 1275 1036 1320; x_wconf 86' lang='lat' dir='ltr'>summa</span> <span class='ocrx_word' id='word_1_68' title='bbox 1061 1256 1202 1320; x_wconf 88' lang='lat' dir='ltr'>caritate</span> <span class='ocrx_word' id='word_1_69' title='bbox 1226 1257 1419 1324; x_wconf 79' lang='lat' dir='ltr'>adiicimus</span> <span class='ocrx_word' id='word_1_70' title='bbox 1436 1260 1507 1324; x_wconf 90' lang='lat' dir='ltr'>Fiat</span> 
     </span>
    </p>
   </div>
   <div class='ocr_carea' id='block_1_3' title="bbox 224 1321 1506 1444">
    <p class='ocr_par' dir='ltr' id='par_1_3' title="bbox 224 1321 1506 1444">
     <span class='ocr_line' id='line_1_10' title="bbox 224 1321 1506 1444; baseline 0.005 -22"><span class='ocrx_word' id='word_1_71' title='bbox 224 1321 367 1424; x_wconf 45' lang='lat' dir='ltr'>&#39;&#39;22⁸2&#39;&#39;ssss</span> <span class='ocrx_word' id='word_1_72' title='bbox 393 1354 549 1422; x_wconf 88' lang='lat' dir='ltr'>nimirum</span> <span class='ocrx_word' id='word_1_73' title='bbox 577 1367 614 1423; x_wconf 94' lang='lat' dir='ltr'>ut</span> <span class='ocrx_word' id='word_1_74' title='bbox 635 1359 724 1422; x_wconf 87' lang='lat' dir='ltr'>cives</span> <span class='ocrx_word' id='word_1_75' title='bbox 747 1377 876 1436; x_wconf 90' lang='lat' dir='ltr'>omnes,</span> <span class='ocrx_word' id='word_1_76' title='bbox 898 1378 984 1441; x_wconf 90' lang='lat' dir='ltr'>quos</span> <span class='ocrx_word' id='word_1_77' title='bbox 999 1379 1087 1424; x_wconf 88' lang='lat' dir='ltr'>unus</span> <span class='ocrx_word' id='word_1_78' title='bbox 1103 1361 1254 1425; x_wconf 87' lang='lat' dir='ltr'>eiusdem</span> <span class='ocrx_word' id='word_1_79' title='bbox 1270 1363 1405 1444; x_wconf 83' lang='lat' dir='ltr'>patriae</span> <span class='ocrx_word' id='word_1_80' title='bbox 1419 1385 1506 1428; x_wconf 91' lang='lat' dir='ltr'>com-</span> 
     </span>
    </p>
   </div>
   <div class='ocr_carea' id='block_1_4' title="bbox 212 1438 1504 1547">
    <p class='ocr_par' dir='ltr' id='par_1_4' title="bbox 212 1438 1504 1547">
     <span class='ocr_line' id='line_1_11' title="bbox 212 1438 1504 1547; baseline 0.007 -23"><span class='ocrx_word' id='word_1_81' title='bbox 212 1438 367 1540; x_wconf 59' lang='lat'>‘⁸&#39;·¹‘“⁰&#39;,&#39;,&#39;}&#39;„‘{</span> <span class='ocrx_word' id='word_1_82' title='bbox 392 1472 506 1528; x_wconf 89' lang='lat' dir='ltr'>movet</span> <span class='ocrx_word' id='word_1_83' title='bbox 516 1481 611 1525; x_wconf 84' lang='lat' dir='ltr'>amor</span> <span class='ocrx_word' id='word_1_84' title='bbox 622 1463 809 1545; x_wconf 82' lang='lat' dir='ltr'>eademque</span> <span class='ocrx_word' id='word_1_85' title='bbox 819 1462 974 1546; x_wconf 89' lang='lat' dir='ltr'>publicae</span> <span class='ocrx_word' id='word_1_86' title='bbox 983 1462 1219 1547; x_wconf 79' lang='lat' dir='ltr'>gratulationis</span> <span class='ocrx_word' id='word_1_87' title='bbox 1228 1485 1349 1529; x_wconf 86' lang='lat' dir='ltr'>caussa</span> <span class='ocrx_word' id='word_1_88' title='bbox 1360 1466 1504 1532; x_wconf 79' lang='lat' dir='ltr'>fraterno</span> 
     </span>
    </p>
   </div>
   <div class='ocr_carea' id='block_1_5' title="bbox 211 1509 1502 2486">
    <p class='ocr_par' dir='ltr' id='par_1_5' title="bbox 211 1509 1502 2486">
     <span class='ocr_line' id='line_1_12' title="bbox 213 1509 1502 1656; baseline 0.005 -24"><span class='ocrx_word' id='word_1_89' title='bbox 213 1509 342 1606; x_wconf 52' lang='lat' dir='ltr'>mam</span> <span class='ocrx_word' id='word_1_90' title='bbox 393 1588 486 1633; x_wconf 89' lang='lat' dir='ltr'>more</span> <span class='ocrx_word' id='word_1_91' title='bbox 501 1568 685 1650; x_wconf 83' lang='lat' dir='ltr'>coniungit,</span> <span class='ocrx_word' id='word_1_92' title='bbox 700 1587 758 1632; x_wconf 87' lang='lat' dir='ltr'>eos</span> <span class='ocrx_word' id='word_1_93' title='bbox 774 1588 842 1631; x_wconf 89' lang='lat' dir='ltr'>una</span> <span class='ocrx_word' id='word_1_94' title='bbox 864 1569 1051 1651; x_wconf 89' lang='lat' dir='ltr'>eademque</span> <span class='ocrx_word' id='word_1_95' title='bbox 1068 1567 1150 1632; x_wconf 89' lang='lat' dir='ltr'>fides</span> <span class='ocrx_word' id='word_1_96' title='bbox 1167 1569 1200 1632; x_wconf 91' lang='lat' dir='ltr'>in</span> <span class='ocrx_word' id='word_1_97' title='bbox 1217 1567 1306 1633; x_wconf 81' lang='lat' dir='ltr'>felici</span> <span class='ocrx_word' id='word_1_98' title='bbox 1322 1573 1502 1656; x_wconf 84' lang='lat' dir='ltr'>complexu</span> 
     </span>
     <span class='ocr_line' id='line_1_13' title="bbox 393 1670 1091 1756; baseline 0.003 -18"><span class='ocrx_word' id='word_1_99' title='bbox 393 1673 565 1738; x_wconf 86' lang='lat' dir='ltr'>Ecclesiae</span> <span class='ocrx_word' id='word_1_100' title='bbox 581 1673 696 1737; x_wconf 89' lang='lat' dir='ltr'>matris</span> <span class='ocrx_word' id='word_1_101' title='bbox 711 1670 897 1756; x_wconf 89' lang='lat' dir='ltr'>aliquando</span> <span class='ocrx_word' id='word_1_102' title='bbox 913 1674 1091 1740; x_wconf 83' lang='lat' dir='ltr'>devinciat.</span> 
     </span>
     <span class='ocr_line' id='line_1_14' title="bbox 211 1775 1501 1866; baseline 0.005 -26"><span class='ocrx_word' id='word_1_103' title='bbox 211 1799 344 1850; x_wconf 57' lang='lat' dir='ltr'>emersere</span> <span class='ocrx_word' id='word_1_104' title='bbox 435 1777 509 1842; x_wconf 88' lang='lat' dir='ltr'>Vos</span> <span class='ocrx_word' id='word_1_105' title='bbox 525 1787 649 1854; x_wconf 90' lang='lat' dir='ltr'>autem,</span> <span class='ocrx_word' id='word_1_106' title='bbox 665 1775 884 1842; x_wconf 87' lang='lat' dir='ltr'>Venerabiies</span> <span class='ocrx_word' id='word_1_107' title='bbox 902 1777 1045 1855; x_wconf 87' lang='lat' dir='ltr'>Fratres,</span> <span class='ocrx_word' id='word_1_108' title='bbox 1060 1780 1154 1844; x_wconf 92' lang='lat' dir='ltr'>omni</span> <span class='ocrx_word' id='word_1_109' title='bbox 1169 1778 1348 1863; x_wconf 87' lang='lat' dir='ltr'>vigilantia</span> <span class='ocrx_word' id='word_1_110' title='bbox 1363 1782 1501 1866; x_wconf 72' lang='lat' dir='ltr'>diiigen-</span> 
     </span>
     <span class='ocr_line' id='line_1_15' title="bbox 390 1879 1501 1965; baseline 0.006 -20"><span class='ocrx_word' id='word_1_111' title='bbox 390 1882 505 1965; x_wconf 89' lang='lat' dir='ltr'>tiaque</span> <span class='ocrx_word' id='word_1_112' title='bbox 523 1883 662 1964; x_wconf 84' lang='lat' dir='ltr'>pergite,</span> <span class='ocrx_word' id='word_1_113' title='bbox 687 1891 724 1946; x_wconf 90' lang='lat' dir='ltr'>ut</span> <span class='ocrx_word' id='word_1_114' title='bbox 748 1879 868 1958; x_wconf 83' lang='lat' dir='ltr'>facitis,</span> <span class='ocrx_word' id='word_1_115' title='bbox 892 1884 936 1946; x_wconf 91' lang='lat' dir='ltr'>de</span> <span class='ocrx_word' id='word_1_116' title='bbox 955 1883 1083 1965; x_wconf 84' lang='lat' dir='ltr'>populo</span> <span class='ocrx_word' id='word_1_117' title='bbox 1106 1893 1219 1949; x_wconf 90' lang='lat' dir='ltr'>vestro</span> <span class='ocrx_word' id='word_1_118' title='bbox 1243 1894 1278 1949; x_wconf 90' lang='lat' dir='ltr'>et</span> <span class='ocrx_word' id='word_1_119' title='bbox 1300 1886 1346 1950; x_wconf 88' lang='lat' dir='ltr'>de</span> <span class='ocrx_word' id='word_1_120' title='bbox 1369 1887 1501 1952; x_wconf 84' lang='lat' dir='ltr'>civitate</span> 
     </span>
     <span class='ocr_line' id='line_1_16' title="bbox 391 1984 1500 2075; baseline 0.005 -26"><span class='ocrx_word' id='word_1_121' title='bbox 391 1985 510 2049; x_wconf 90' lang='lat' dir='ltr'>mereri</span> <span class='ocrx_word' id='word_1_122' title='bbox 530 1984 661 2068; x_wconf 89' lang='lat' dir='ltr'>optime</span> <span class='ocrx_word' id='word_1_123' title='bbox 674 2008 681 2048; x_wconf 96' lang='lat'><strong>:</strong></span> <span class='ocrx_word' id='word_1_124' title='bbox 696 1986 938 2068; x_wconf 90' lang='lat' dir='ltr'>auspicemque</span> <span class='ocrx_word' id='word_1_125' title='bbox 953 1987 1144 2052; x_wconf 85' lang='lat' dir='ltr'>divinorum</span> <span class='ocrx_word' id='word_1_126' title='bbox 1161 2008 1340 2053; x_wconf 89' lang='lat' dir='ltr'>munerum</span> <span class='ocrx_word' id='word_1_127' title='bbox 1357 2002 1393 2054; x_wconf 90' lang='lat' dir='ltr'>et</span> <span class='ocrx_word' id='word_1_128' title='bbox 1408 2011 1500 2075; x_wconf 88' lang='lat' dir='ltr'>peen-</span> 
     </span>
     <span class='ocr_line' id='line_1_17' title="bbox 389 2088 1499 2176; baseline 0.006 -23"><span class='ocrx_word' id='word_1_129' title='bbox 389 2089 481 2154; x_wconf 86' lang='lat' dir='ltr'>liaris</span> <span class='ocrx_word' id='word_1_130' title='bbox 507 2088 762 2154; x_wconf 88' lang='lat' dir='ltr'>benevolentiae</span> <span class='ocrx_word' id='word_1_131' title='bbox 788 2089 935 2155; x_wconf 89' lang='lat' dir='ltr'>Nostrae</span> <span class='ocrx_word' id='word_1_132' title='bbox 959 2100 1091 2168; x_wconf 90' lang='lat' dir='ltr'>testem,</span> <span class='ocrx_word' id='word_1_133' title='bbox 1105 2092 1344 2176; x_wconf 86' lang='lat' dir='ltr'>Apostolicam</span> <span class='ocrx_word' id='word_1_134' title='bbox 1369 2096 1499 2162; x_wconf 87' lang='lat' dir='ltr'>benedi·</span> 
     </span>
     <span class='ocr_line' id='line_1_18' title="bbox 390 2192 1498 2283; baseline 0.005 -26"><span class='ocrx_word' id='word_1_135' title='bbox 390 2193 536 2258; x_wconf 89' lang='lat' dir='ltr'>ctionem</span> <span class='ocrx_word' id='word_1_136' title='bbox 552 2192 685 2271; x_wconf 88' lang='lat' dir='ltr'>habete,</span> <span class='ocrx_word' id='word_1_137' title='bbox 701 2214 803 2276; x_wconf 91' lang='lat' dir='ltr'>quam</span> <span class='ocrx_word' id='word_1_138' title='bbox 819 2195 960 2279; x_wconf 80' lang='lat' dir='ltr'>singulis</span> <span class='ocrx_word' id='word_1_139' title='bbox 976 2195 1071 2260; x_wconf 87' lang='lat' dir='ltr'>vobis</span> <span class='ocrx_word' id='word_1_140' title='bbox 1084 2206 1293 2280; x_wconf 89' lang='lat' dir='ltr'>cunctaeque</span> <span class='ocrx_word' id='word_1_141' title='bbox 1307 2197 1498 2283; x_wconf 84' lang='lat' dir='ltr'>Hungariae</span> 
     </span>
     <span class='ocr_line' id='line_1_19' title="bbox 391 2296 1014 2382; baseline 0.008 -22"><span class='ocrx_word' id='word_1_142' title='bbox 391 2296 528 2362; x_wconf 85' lang='lat' dir='ltr'>laetanti</span> <span class='ocrx_word' id='word_1_143' title='bbox 545 2297 778 2362; x_wconf 86' lang='lat' dir='ltr'>amantissime</span> <span class='ocrx_word' id='word_1_144' title='bbox 794 2298 1014 2382; x_wconf 83' lang='lat' dir='ltr'>impertimus.</span> 
     </span>
     <span class='ocr_line' id='line_1_20' title="bbox 435 2399 1494 2486; baseline 0.008 -23"><span class='ocrx_word' id='word_1_145' title='bbox 435 2399 563 2464; x_wconf 86' lang='lat' dir='ltr'>Datum</span> <span class='ocrx_word' id='word_1_146' title='bbox 588 2401 718 2466; x_wconf 87' lang='lat' dir='ltr'>Romae</span> <span class='ocrx_word' id='word_1_147' title='bbox 736 2402 831 2486; x_wconf 86' lang='lat' dir='ltr'>apud</span> <span class='ocrx_word' id='word_1_148' title='bbox 853 2403 887 2468; x_wconf 84' lang='lat' dir='ltr'>S.</span> <span class='ocrx_word' id='word_1_149' title='bbox 904 2404 1039 2468; x_wconf 91' lang='lat' dir='ltr'>Petrum</span> <span class='ocrx_word' id='word_1_150' title='bbox 1061 2405 1116 2468; x_wconf 91' lang='lat' dir='ltr'>die</span> <span class='ocrx_word' id='word_1_151' title='bbox 1136 2419 1148 2467; x_wconf 91' lang='lat'>1</span> <span class='ocrx_word' id='word_1_152' title='bbox 1172 2404 1256 2468; x_wconf 86' lang='lat' dir='ltr'>Maii</span> <span class='ocrx_word' id='word_1_153' title='bbox 1281 2419 1494 2479; x_wconf 80' lang='lat' dir='ltr'>Mocccxcvt.</span> 
     </span>
    </p>
   </div>
   <div class='ocr_carea' id='block_1_6' title="bbox 392 2505 1115 2576">
    <p class='ocr_par' dir='ltr' id='par_1_6' title="bbox 392 2505 1115 2576">
     <span class='ocr_line' id='line_1_21' title="bbox 392 2505 1115 2576; baseline 0.003 -4"><span class='ocrx_word' id='word_1_154' title='bbox 392 2505 611 2572; x_wconf 88' lang='lat' dir='ltr'>Pontificatus</span> <span class='ocrx_word' id='word_1_155' title='bbox 628 2508 745 2572; x_wconf 91' lang='lat' dir='ltr'>Nostri</span> <span class='ocrx_word' id='word_1_156' title='bbox 762 2511 1000 2576; x_wconf 71' lang='lat' dir='ltr'>nonodecimo</span> <span class='ocrx_word' id='word_1_157' title='bbox 1017 2531 1115 2576; x_wconf 92' lang='lat' dir='ltr'>nono.</span> 
     </span>
    </p>
   </div>
   <div class='ocr_carea' id='block_1_7' title="bbox 1121 2681 1418 2750">
    <p class='ocr_par' dir='ltr' id='par_1_7' title="bbox 1121 2681 1418 2750">
     <span class='ocr_line' id='line_1_22' title="bbox 1121 2681 1418 2750; baseline 0.007 -2"><span class='ocrx_word' id='word_1_158' title='bbox 1121 2681 1217 2749; x_wconf 87' lang='lat' dir='ltr'>LEO</span> <span class='ocrx_word' id='word_1_159' title='bbox 1236 2684 1418 2750; x_wconf 89' lang='lat' dir='ltr'>PP.X111.</span> 
     </span>
    </p>
   </div>
   <div class='ocr_carea' id='block_1_8' title="bbox 817 3372 1066 3665">
    <p class='ocr_par' dir='ltr' id='par_1_8' title="bbox 817 3372 1066 3665">
     <span class='ocr_line' id='line_1_23' title="bbox 817 3372 1066 3665; baseline 0.008 -1"><span class='ocrx_word' id='word_1_160' title='bbox 817 3372 1066 3665; x_wconf 58' lang='lat' dir='ltr'>tiit</span> 
     </span>
    </p>
   </div>
   <div class='ocr_carea' id='block_1_9' title="bbox 0 0 1564 4859">
    <p class='ocr_par' dir='ltr' id='par_1_9' title="bbox 0 0 1564 4859">
     <span class='ocr_line' id='line_1_24' title="bbox 0 0 1564 4859; baseline 0 0"><span class='ocrx_word' id='word_1_161' title='bbox 0 0 1564 4859; x_wconf 95' lang='lat' dir='ltr'> </span> 
     </span>
    </p>
   </div>
  </div>
 </body>
</html>
