<?xml version="1.0" encoding="UTF-8"?>
<!DOCTYPE html PUBLIC "-//W3C//DTD XHTML 1.0 Transitional//EN"
    "http://www.w3.org/TR/xhtml1/DTD/xhtml1-transitional.dtd">
<html xmlns="http://www.w3.org/1999/xhtml" xml:lang="en" lang="en">
 <head>
  <title>
</title>
<meta http-equiv="Content-Type" content="text/html;charset=utf-8" />
  <meta name='ocr-system' content='tesseract 3.04.00' />
  <meta name='ocr-capabilities' content='ocr_page ocr_carea ocr_par ocr_line ocrx_word'/>
</head>
<body>
  <div class='ocr_page' id='page_1' title='image "./sanctissimidomi04xiiigoog_0307.png"; bbox 0 0 3117 4859; ppageno 0'>
   <div class='ocr_carea' id='block_1_1' title="bbox 446 339 1224 419">
    <p class='ocr_par' dir='ltr' id='par_1_1' title="bbox 446 339 1224 419">
     <span class='ocr_line' id='line_1_1' title="bbox 446 339 1224 419; baseline 0.009 -28"><span class='ocrx_word' id='word_1_1' title='bbox 446 342 498 391; x_wconf 80' lang='lat' dir='ltr'><strong>nn</strong></span> <span class='ocrx_word' id='word_1_2' title='bbox 525 339 691 393; x_wconf 72' lang='lat' dir='ltr'><strong>nosaruo</strong></span> <span class='ocrx_word' id='word_1_3' title='bbox 717 342 892 396; x_wconf 68' lang='lat' dir='ltr'><strong>usuram.</strong></span> <span class='ocrx_word' id='word_1_4' title='bbox 1154 348 1200 417; x_wconf 88' lang='lat'><strong>29</strong></span> <span class='ocrx_word' id='word_1_5' title='bbox 1205 348 1224 419; x_wconf 85' lang='lat'>5</span> 
     </span>
    </p>
   </div>
   <div class='ocr_carea' id='block_1_2' title="bbox 160 488 1340 575">
    <p class='ocr_par' dir='ltr' id='par_1_2' title="bbox 160 488 1340 575">
     <span class='ocr_line' id='line_1_2' title="bbox 160 488 1340 575; baseline 0.002 -20"><span class='ocrx_word' id='word_1_6' title='bbox 160 488 262 575; x_wconf 86' lang='lat' dir='ltr'><strong>Quae</strong></span> <span class='ocrx_word' id='word_1_7' title='bbox 276 500 389 555; x_wconf 88' lang='lat' dir='ltr'><strong>autem</strong></span> <span class='ocrx_word' id='word_1_8' title='bbox 406 502 457 556; x_wconf 87' lang='lat' dir='ltr'><strong>est</strong></span> <span class='ocrx_word' id='word_1_9' title='bbox 485 492 618 557; x_wconf 89' lang='lat' dir='ltr'><strong>Rosarii</strong></span> <span class='ocrx_word' id='word_1_10' title='bbox 635 495 740 557; x_wconf 88' lang='lat' dir='ltr'><strong>virtus</strong></span> <span class='ocrx_word' id='word_1_11' title='bbox 755 495 799 559; x_wconf 90' lang='lat' dir='ltr'><strong>ad</strong></span> <span class='ocrx_word' id='word_1_12' title='bbox 824 496 1033 561; x_wconf 84' lang='lat' dir='ltr'>suadendam</span> <span class='ocrx_word' id='word_1_13' title='bbox 1054 498 1228 562; x_wconf 88' lang='lat' dir='ltr'><strong>orantibus</strong></span> <span class='ocrx_word' id='word_1_14' title='bbox 1322 512 1340 557; x_wconf 84' lang='lat' dir='ltr'><strong>a</strong></span> 
     </span>
    </p>
   </div>
   <div class='ocr_carea' id='block_1_3' title="bbox 113 570 1375 687">
    <p class='ocr_par' dir='ltr' id='par_1_3' title="bbox 113 570 1375 687">
     <span class='ocr_line' id='line_1_3' title="bbox 113 570 1375 687; baseline -0.019 -8"><span class='ocrx_word' id='word_1_15' title='bbox 113 592 365 676; x_wconf 61' lang='lat' dir='ltr'><strong>impetrationis</strong></span> <span class='ocrx_word' id='word_1_16' title='bbox 386 590 682 670; x_wconf 87' lang='lat' dir='ltr'><strong>fiduciam,eadem</strong></span> <span class='ocrx_word' id='word_1_17' title='bbox 700 594 806 676; x_wconf 89' lang='lat' dir='ltr'><strong>pollet</strong></span> <span class='ocrx_word' id='word_1_18' title='bbox 825 593 869 658; x_wconf 90' lang='lat' dir='ltr'><strong>ad</strong></span> <span class='ocrx_word' id='word_1_19' title='bbox 886 596 1147 661; x_wconf 89' lang='lat' dir='ltr'><strong>misericordiam</strong></span> <span class='ocrx_word' id='word_1_20' title='bbox 1169 617 1228 662; x_wconf 92' lang='lat' dir='ltr'><strong>no·</strong></span> <span class='ocrx_word' id='word_1_21' title='bbox 1286 570 1375 687; x_wconf 51' lang='lat'><strong>⁸155}</strong></span> 
     </span>
    </p>
   </div>
   <div class='ocr_carea' id='block_1_4' title="bbox 113 694 1371 789">
    <p class='ocr_par' dir='ltr' id='par_1_4' title="bbox 113 694 1371 789">
     <span class='ocr_line' id='line_1_4' title="bbox 113 694 1371 789; baseline 0.009 -31"><span class='ocrx_word' id='word_1_22' title='bbox 113 694 176 760; x_wconf 86' lang='lat' dir='ltr'><strong>stri</strong></span> <span class='ocrx_word' id='word_1_23' title='bbox 193 695 229 759; x_wconf 91' lang='lat' dir='ltr'><strong>in</strong></span> <span class='ocrx_word' id='word_1_24' title='bbox 244 695 359 759; x_wconf 89' lang='lat' dir='ltr'><strong>animo</strong></span> <span class='ocrx_word' id='word_1_25' title='bbox 371 694 521 779; x_wconf 81' lang='lat' dir='ltr'>Virginis</span> <span class='ocrx_word' id='word_1_26' title='bbox 537 699 826 764; x_wconf 84' lang='lat' dir='ltr'><strong>commovendam.</strong></span> <span class='ocrx_word' id='word_1_27' title='bbox 845 698 931 763; x_wconf 91' lang='lat' dir='ltr'><strong>illud</strong></span> <span class='ocrx_word' id='word_1_28' title='bbox 949 708 1000 763; x_wconf 91' lang='lat' dir='ltr'><strong>est</strong></span> <span class='ocrx_word' id='word_1_29' title='bbox 1014 700 1229 765; x_wconf 81' lang='lat' dir='ltr'><strong>manifestum</strong></span> <span class='ocrx_word' id='word_1_30' title='bbox 1297 738 1371 789; x_wconf 63' lang='lat' dir='ltr'><strong>pm</strong></span> 
     </span>
    </p>
   </div>
   <div class='ocr_carea' id='block_1_5' title="bbox 112 798 1394 880">
    <p class='ocr_par' dir='ltr' id='par_1_5' title="bbox 112 798 1394 880">
     <span class='ocr_line' id='line_1_5' title="bbox 112 798 1394 880; baseline 0.004 -19"><span class='ocrx_word' id='word_1_31' title='bbox 112 817 222 880; x_wconf 87' lang='lat' dir='ltr'><strong>qoam</strong></span> <span class='ocrx_word' id='word_1_32' title='bbox 234 799 297 864; x_wconf 85' lang='lat' dir='ltr'>sibi</span> <span class='ocrx_word' id='word_1_33' title='bbox 307 798 465 864; x_wconf 88' lang='lat' dir='ltr'><strong>laetabile</strong></span> <span class='ocrx_word' id='word_1_34' title='bbox 479 801 620 877; x_wconf 88' lang='lat' dir='ltr'><strong>accidat,</strong></span> <span class='ocrx_word' id='word_1_35' title='bbox 631 802 744 864; x_wconf 92' lang='lat' dir='ltr'><strong>videre</strong></span> <span class='ocrx_word' id='word_1_36' title='bbox 760 822 822 866; x_wconf 92' lang='lat' dir='ltr'><strong>nos</strong></span> <span class='ocrx_word' id='word_1_37' title='bbox 845 811 880 866; x_wconf 88' lang='lat' dir='ltr'><strong>et</strong></span> <span class='ocrx_word' id='word_1_38' title='bbox 896 802 1012 866; x_wconf 91' lang='lat' dir='ltr'><strong>audire</strong></span> <span class='ocrx_word' id='word_1_39' title='bbox 1027 805 1109 868; x_wconf 89' lang='lat' dir='ltr'><strong>dum</strong></span> <span class='ocrx_word' id='word_1_40' title='bbox 1127 804 1229 868; x_wconf 89' lang='lat' dir='ltr'><strong>hone·</strong></span> <span class='ocrx_word' id='word_1_41' title='bbox 1272 814 1394 854; x_wconf 67' lang='lat' dir='ltr'><strong>mm·</strong></span> 
     </span>
    </p>
   </div>
   <div class='ocr_carea' id='block_1_6' title="bbox 114 868 1410 992">
    <p class='ocr_par' dir='ltr' id='par_1_6' title="bbox 114 868 1410 992">
     <span class='ocr_line' id='line_1_6' title="bbox 114 868 1410 992; baseline 0.006 -22"><span class='ocrx_word' id='word_1_42' title='bbox 114 906 285 971; x_wconf 85' lang='lat' dir='ltr'><strong>stissimas</strong></span> <span class='ocrx_word' id='word_1_43' title='bbox 300 908 481 991; x_wconf 84' lang='lat' dir='ltr'>petitiones</span> <span class='ocrx_word' id='word_1_44' title='bbox 496 908 804 992; x_wconf 87' lang='lat' dir='ltr'><strong>pulcherrimasque</strong></span> <span class='ocrx_word' id='word_1_45' title='bbox 817 910 933 975; x_wconf 83' lang='lat' dir='ltr'><strong>laudes</strong></span> <span class='ocrx_word' id='word_1_46' title='bbox 948 912 1011 976; x_wconf 89' lang='lat' dir='ltr'><strong>rite</strong></span> <span class='ocrx_word' id='word_1_47' title='bbox 1021 912 1185 977; x_wconf 83' lang='lat' dir='ltr'><strong>nectimus</strong></span> <span class='ocrx_word' id='word_1_48' title='bbox 1196 914 1228 976; x_wconf 93' lang='lat' dir='ltr'><strong>in</strong></span> <span class='ocrx_word' id='word_1_49' title='bbox 1256 868 1410 985; x_wconf 51' lang='lat' dir='ltr'><strong>staffili}</strong></span> 
     </span>
    </p>
   </div>
   <div class='ocr_carea' id='block_1_7' title="bbox 114 1001 1363 1210">
    <p class='ocr_par' dir='ltr' id='par_1_7' title="bbox 114 1001 1363 1210">
     <span class='ocr_line' id='line_1_7' title="bbox 115 1001 1363 1115; baseline 0.007 -41"><span class='ocrx_word' id='word_1_50' title='bbox 115 1029 289 1076; x_wconf 89' lang='lat' dir='ltr'><strong>coronam.</strong></span> <span class='ocrx_word' id='word_1_51' title='bbox 305 1010 408 1095; x_wconf 86' lang='lat' dir='ltr'><strong>Quod</strong></span> <span class='ocrx_word' id='word_1_52' title='bbox 424 1013 525 1091; x_wconf 89' lang='lat' dir='ltr'><strong>enim,</strong></span> <span class='ocrx_word' id='word_1_53' title='bbox 541 1016 589 1077; x_wconf 93' lang='lat' dir='ltr'><strong>ita</strong></span> <span class='ocrx_word' id='word_1_54' title='bbox 603 1017 859 1097; x_wconf 86' lang='lat' dir='ltr'><strong>comprecando,</strong></span> <span class='ocrx_word' id='word_1_55' title='bbox 887 1017 1037 1081; x_wconf 85' lang='lat' dir='ltr'><strong>debitam</strong></span> <span class='ocrx_word' id='word_1_56' title='bbox 1055 1017 1131 1082; x_wconf 92' lang='lat' dir='ltr'><strong>Deo</strong></span> <span class='ocrx_word' id='word_1_57' title='bbox 1157 1019 1231 1082; x_wconf 92' lang='lat' dir='ltr'><strong>red·</strong></span> <span class='ocrx_word' id='word_1_58' title='bbox 1257 1001 1363 1115; x_wconf 40' lang='lat' dir='ltr'><strong>mx</strong></span> 
     </span>
     <span class='ocr_line' id='line_1_8' title="bbox 114 1114 1344 1210; baseline 0.002 -32"><span class='ocrx_word' id='word_1_59' title='bbox 114 1114 232 1179; x_wconf 85' lang='lat' dir='ltr'><strong>dimus</strong></span> <span class='ocrx_word' id='word_1_60' title='bbox 247 1125 281 1180; x_wconf 92' lang='lat' dir='ltr'><strong>et</strong></span> <span class='ocrx_word' id='word_1_61' title='bbox 293 1123 452 1199; x_wconf 87' lang='lat' dir='ltr'><strong>optamus</strong></span> <span class='ocrx_word' id='word_1_62' title='bbox 461 1115 603 1200; x_wconf 89' lang='lat' dir='ltr'><strong>gloriam</strong></span> <span class='ocrx_word' id='word_1_63' title='bbox 618 1118 725 1201; x_wconf 90' lang='lat' dir='ltr'><strong>;quod</strong></span> <span class='ocrx_word' id='word_1_64' title='bbox 739 1130 858 1185; x_wconf 90' lang='lat' dir='ltr'><strong>nutum</strong></span> <span class='ocrx_word' id='word_1_65' title='bbox 868 1120 1145 1204; x_wconf 86' lang='lat' dir='ltr'><strong>voluntatemque</strong></span> <span class='ocrx_word' id='word_1_66' title='bbox 1160 1122 1231 1185; x_wconf 90' lang='lat' dir='ltr'><strong>eius</strong></span> <span class='ocrx_word' id='word_1_67' title='bbox 1252 1140 1344 1210; x_wconf 68' lang='lat' dir='ltr'><strong>profes,</strong></span> 
     </span>
    </p>
   </div>
   <div class='ocr_carea' id='block_1_8' title="bbox 115 1204 1408 1313">
    <p class='ocr_par' dir='ltr' id='par_1_8' title="bbox 115 1197 1408 1313">
     <span class='ocr_line' id='line_1_9' title="bbox 115 1204 1408 1313; baseline 0.006 -30"><span class='ocrx_word' id='word_1_68' title='bbox 115 1218 219 1283; x_wconf 88' lang='lat' dir='ltr'><strong>unice</strong></span> <span class='ocrx_word' id='word_1_69' title='bbox 228 1221 437 1303; x_wconf 85' lang='lat' dir='ltr'><strong>exquirimus</strong></span> <span class='ocrx_word' id='word_1_70' title='bbox 453 1221 691 1304; x_wconf 90' lang='lat' dir='ltr'><strong>perficiendam</strong></span> <span class='ocrx_word' id='word_1_71' title='bbox 705 1245 714 1297; x_wconf 92' lang='lat'>;</span> <span class='ocrx_word' id='word_1_72' title='bbox 729 1225 820 1306; x_wconf 89' lang='lat' dir='ltr'><strong>quod</strong></span> <span class='ocrx_word' id='word_1_73' title='bbox 834 1225 905 1289; x_wconf 89' lang='lat' dir='ltr'><strong>eius</strong></span> <span class='ocrx_word' id='word_1_74' title='bbox 921 1225 1119 1290; x_wconf 84' lang='lat' dir='ltr'><strong>extollimus</strong></span> <span class='ocrx_word' id='word_1_75' title='bbox 1135 1224 1231 1289; x_wconf 91' lang='lat' dir='ltr'><strong>boni·</strong></span> <span class='ocrx_word' id='word_1_76' title='bbox 1274 1197 1408 1313; x_wconf 55' lang='lat' dir='ltr'><strong>mpfflss&#39;</strong></span> 
     </span>
    </p>
   </div>
   <div class='ocr_carea' id='block_1_9' title="bbox 116 1325 1435 2555">
    <p class='ocr_par' dir='ltr' id='par_1_9' title="bbox 116 1325 1435 2555">
     <span class='ocr_line' id='line_1_10' title="bbox 116 1325 1410 1411; baseline 0.003 -22"><span class='ocrx_word' id='word_1_77' title='bbox 116 1334 227 1389; x_wconf 84' lang='lat' dir='ltr'><strong>tatem</strong></span> <span class='ocrx_word' id='word_1_78' title='bbox 254 1335 289 1391; x_wconf 88' lang='lat' dir='ltr'><strong>et</strong></span> <span class='ocrx_word' id='word_1_79' title='bbox 315 1325 591 1411; x_wconf 87' lang='lat' dir='ltr'><strong>munificentiam,</strong></span> <span class='ocrx_word' id='word_1_80' title='bbox 616 1328 826 1410; x_wconf 87' lang='lat' dir='ltr'><strong>appellantes</strong></span> <span class='ocrx_word' id='word_1_81' title='bbox 858 1330 993 1395; x_wconf 87' lang='lat' dir='ltr'><strong>Patrem</strong></span> <span class='ocrx_word' id='word_1_82' title='bbox 1025 1350 1064 1395; x_wconf 85' lang='lat' dir='ltr'><strong>ac</strong></span> <span class='ocrx_word' id='word_1_83' title='bbox 1093 1350 1231 1394; x_wconf 87' lang='lat' dir='ltr'><strong>munera</strong></span> <span class='ocrx_word' id='word_1_84' title='bbox 1258 1344 1410 1407; x_wconf 56' lang='lat' dir='ltr'><strong>rqnampeq-</strong></span> 
     </span>
     <span class='ocr_line' id='line_1_11' title="bbox 117 1400 1410 1515; baseline 0.004 -22"><span class='ocrx_word' id='word_1_85' title='bbox 117 1431 412 1511; x_wconf 87' lang='lat' dir='ltr'><strong>praestantissima</strong></span> <span class='ocrx_word' id='word_1_86' title='bbox 428 1432 558 1515; x_wconf 89' lang='lat' dir='ltr'><strong>indigni</strong></span> <span class='ocrx_word' id='word_1_87' title='bbox 574 1441 733 1515; x_wconf 84' lang='lat' dir='ltr'><strong>rogantes</strong></span> <span class='ocrx_word' id='word_1_88' title='bbox 748 1456 756 1512; x_wconf 89' lang='lat'>;</span> <span class='ocrx_word' id='word_1_89' title='bbox 784 1435 874 1499; x_wconf 91' lang='lat' dir='ltr'><strong>hisce</strong></span> <span class='ocrx_word' id='word_1_90' title='bbox 892 1434 1029 1499; x_wconf 88' lang='lat' dir='ltr'><strong>mirifice</strong></span> <span class='ocrx_word' id='word_1_91' title='bbox 1045 1435 1232 1500; x_wconf 85' lang='lat' dir='ltr'><strong>delectatur</strong></span> <span class='ocrx_word' id='word_1_92' title='bbox 1259 1400 1410 1509; x_wconf 50' lang='lat' dir='ltr'><strong>simii*</strong></span> 
     </span>
     <span class='ocr_line' id='line_1_12' title="bbox 118 1526 1412 1641; baseline 0.006 -46"><span class='ocrx_word' id='word_1_93' title='bbox 118 1530 241 1609; x_wconf 85' lang='lat' dir='ltr'><strong>Maria,</strong></span> <span class='ocrx_word' id='word_1_94' title='bbox 274 1552 419 1615; x_wconf 85' lang='lat' dir='ltr'><strong>vereque</strong></span> <span class='ocrx_word' id='word_1_95' title='bbox 448 1534 483 1596; x_wconf 90' lang='lat' dir='ltr'><strong>in</strong></span> <span class='ocrx_word' id='word_1_96' title='bbox 514 1534 640 1616; x_wconf 88' lang='lat' dir='ltr'><strong>pietate</strong></span> <span class='ocrx_word' id='word_1_97' title='bbox 671 1546 787 1598; x_wconf 88' lang='lat' dir='ltr'><strong>nostra</strong></span> <span class='ocrx_word' id='word_1_98' title='bbox 817 1537 1012 1621; x_wconf 71' lang='lat' dir='ltr'><strong>magnifhat</strong></span> <span class='ocrx_word' id='word_1_99' title='bbox 1039 1536 1232 1601; x_wconf 77' lang='lat' dir='ltr'><strong>Dominum.</strong></span> <span class='ocrx_word' id='word_1_100' title='bbox 1257 1526 1412 1641; x_wconf 36' lang='lat' dir='ltr'><strong>‘sappum</strong></span> 
     </span>
     <span class='ocr_line' id='line_1_13' title="bbox 118 1598 1411 1723; baseline 0.004 -24"><span class='ocrx_word' id='word_1_101' title='bbox 118 1633 238 1718; x_wconf 89' lang='lat' dir='ltr'><strong>Digna</strong></span> <span class='ocrx_word' id='word_1_102' title='bbox 249 1636 415 1719; x_wconf 88' lang='lat' dir='ltr'><strong>siquidem</strong></span> <span class='ocrx_word' id='word_1_103' title='bbox 426 1638 618 1719; x_wconf 88' lang='lat' dir='ltr'><strong>precatione</strong></span> <span class='ocrx_word' id='word_1_104' title='bbox 628 1638 830 1722; x_wconf 90' lang='lat' dir='ltr'><strong>alloquimur</strong></span> <span class='ocrx_word' id='word_1_105' title='bbox 841 1640 1069 1723; x_wconf 90' lang='lat' dir='ltr'><strong>Deum,quum</strong></span> <span class='ocrx_word' id='word_1_106' title='bbox 1081 1642 1232 1704; x_wconf 91' lang='lat' dir='ltr'><strong>oratione</strong></span> <span class='ocrx_word' id='word_1_107' title='bbox 1253 1598 1288 1706; x_wconf 57' lang='lat' dir='ltr'><strong>ici</strong></span> <span class='ocrx_word' id='word_1_108' title='bbox 1314 1606 1411 1705; x_wconf 49' lang='lat' dir='ltr'><strong>35⁶³„ss</strong></span> 
     </span>
     <span class='ocr_line' id='line_1_14' title="bbox 118 1723 1435 1851; baseline -0.011 -47"><span class='ocrx_word' id='word_1_109' title='bbox 118 1740 562 1825; x_wconf 83' lang='lat' dir='ltr'><strong>dominicaalloquimui.-</strong></span> <span class='ocrx_word' id='word_1_110' title='bbox 578 1743 635 1808; x_wconf 90' lang='lat' dir='ltr'><strong>Ad</strong></span> <span class='ocrx_word' id='word_1_111' title='bbox 651 1763 691 1805; x_wconf 90' lang='lat' dir='ltr'><strong>ea</strong></span> <span class='ocrx_word' id='word_1_112' title='bbox 706 1764 787 1808; x_wconf 89' lang='lat' dir='ltr'><strong>vero</strong></span> <span class='ocrx_word' id='word_1_113' title='bbox 803 1746 933 1829; x_wconf 90' lang='lat' dir='ltr'><strong>quaein</strong></span> <span class='ocrx_word' id='word_1_114' title='bbox 951 1746 1014 1808; x_wconf 91' lang='lat' dir='ltr'><strong>hac</strong></span> <span class='ocrx_word' id='word_1_115' title='bbox 1029 1745 1233 1827; x_wconf 82' lang='lat' dir='ltr'><strong>expetimus,</strong></span> <span class='ocrx_word' id='word_1_116' title='bbox 1259 1723 1410 1851; x_wconf 41' lang='grc' dir='ltr'><strong>ξω·</strong></span> <span class='ocrx_word' id='word_1_117' title='bbox 1429 1776 1435 1790; x_wconf 85' lang='lat'><strong>.</strong></span> 
     </span>
     <span class='ocr_line' id='line_1_15' title="bbox 119 1847 1393 1932; baseline 0.008 -24"><span class='ocrx_word' id='word_1_118' title='bbox 119 1855 192 1908; x_wconf 90' lang='lat' dir='ltr'><strong>tam</strong></span> <span class='ocrx_word' id='word_1_119' title='bbox 215 1865 275 1928; x_wconf 89' lang='lat' dir='ltr'><strong>per</strong></span> <span class='ocrx_word' id='word_1_120' title='bbox 294 1853 437 1910; x_wconf 90' lang='lat' dir='ltr'><strong>serecta</strong></span> <span class='ocrx_word' id='word_1_121' title='bbox 459 1855 493 1911; x_wconf 90' lang='lat' dir='ltr'><strong>et</strong></span> <span class='ocrx_word' id='word_1_122' title='bbox 524 1847 721 1929; x_wconf 88' lang='lat' dir='ltr'><strong>composita,</strong></span> <span class='ocrx_word' id='word_1_123' title='bbox 748 1857 886 1932; x_wconf 90' lang='lat' dir='ltr'><strong>tamque</strong></span> <span class='ocrx_word' id='word_1_124' title='bbox 911 1850 1131 1930; x_wconf 83' lang='lat' dir='ltr'><strong>congruentia</strong></span> <span class='ocrx_word' id='word_1_125' title='bbox 1156 1868 1232 1912; x_wconf 92' lang='lat' dir='ltr'><strong>cum</strong></span> <span class='ocrx_word' id='word_1_126' title='bbox 1261 1852 1393 1931; x_wconf 51' lang='lat' dir='ltr'><strong>spelm?</strong></span> 
     </span>
     <span class='ocr_line' id='line_1_16' title="bbox 119 1918 1406 2035; baseline 0.001 -23"><span class='ocrx_word' id='word_1_127' title='bbox 119 1938 408 2028; x_wconf 71' lang='lat' dir='ltr'><strong>christianalide,</strong></span> <span class='ocrx_word' id='word_1_128' title='bbox 433 1971 503 2033; x_wconf 88' lang='lat' dir='ltr'><strong>spe,</strong></span> <span class='ocrx_word' id='word_1_129' title='bbox 526 1952 674 2028; x_wconf 87' lang='lat' dir='ltr'><strong>caritate,</strong></span> <span class='ocrx_word' id='word_1_130' title='bbox 700 1954 796 2017; x_wconf 87' lang='lat' dir='ltr'><strong>addit</strong></span> <span class='ocrx_word' id='word_1_131' title='bbox 824 1955 958 2035; x_wconf 90' lang='lat' dir='ltr'><strong>pondus</strong></span> <span class='ocrx_word' id='word_1_132' title='bbox 982 1941 1234 2017; x_wconf 89' lang='lat' dir='ltr'><strong>commendatio</strong></span> <span class='ocrx_word' id='word_1_133' title='bbox 1260 1918 1406 1967; x_wconf 73' lang='lat' dir='ltr'><strong>msdocurt.</strong></span> 
     </span>
     <span class='ocr_line' id='line_1_17' title="bbox 119 2038 1234 2136; baseline 0.001 -20"><span class='ocrx_word' id='word_1_134' title='bbox 119 2038 302 2136; x_wconf 83' lang='lat' dir='ltr'><strong>quaedam,</strong></span> <span class='ocrx_word' id='word_1_135' title='bbox 316 2052 448 2136; x_wconf 84' lang='lat' dir='ltr'><strong>Virgini</strong></span> <span class='ocrx_word' id='word_1_136' title='bbox 465 2074 566 2136; x_wconf 90' lang='lat' dir='ltr'><strong>quam</strong></span> <span class='ocrx_word' id='word_1_137' title='bbox 584 2056 784 2136; x_wconf 73' lang='lat' dir='ltr'><strong>gratissima.</strong></span> <span class='ocrx_word' id='word_1_138' title='bbox 802 2056 893 2120; x_wconf 89' lang='lat' dir='ltr'><strong>Nam</strong></span> <span class='ocrx_word' id='word_1_139' title='bbox 925 2074 1002 2119; x_wconf 89' lang='lat' dir='ltr'><strong>cum</strong></span> <span class='ocrx_word' id='word_1_140' title='bbox 1019 2072 1102 2119; x_wconf 88' lang='lat' dir='ltr'><strong>voce</strong></span> <span class='ocrx_word' id='word_1_141' title='bbox 1119 2064 1234 2118; x_wconf 87' lang='lat' dir='ltr'><strong>nostra</strong></span> 
     </span>
     <span class='ocr_line' id='line_1_18' title="bbox 121 2158 1234 2242; baseline -0.001 -22"><span class='ocrx_word' id='word_1_142' title='bbox 121 2177 192 2221; x_wconf 81' lang='lat' dir='ltr'><strong>vox</strong></span> <span class='ocrx_word' id='word_1_143' title='bbox 210 2158 284 2239; x_wconf 90' lang='lat' dir='ltr'><strong>ipsa</strong></span> <span class='ocrx_word' id='word_1_144' title='bbox 299 2158 480 2222; x_wconf 88' lang='lat' dir='ltr'><strong>consociari</strong></span> <span class='ocrx_word' id='word_1_145' title='bbox 497 2158 630 2223; x_wconf 91' lang='lat' dir='ltr'><strong>videtur</strong></span> <span class='ocrx_word' id='word_1_146' title='bbox 650 2159 742 2241; x_wconf 81' lang='lat' dir='ltr'>JESU</span> <span class='ocrx_word' id='word_1_147' title='bbox 761 2159 837 2222; x_wconf 88' lang='lat' dir='ltr'><strong>Filii</strong></span> <span class='ocrx_word' id='word_1_148' title='bbox 851 2180 859 2237; x_wconf 92' lang='lat'>;</span> <span class='ocrx_word' id='word_1_149' title='bbox 871 2160 927 2242; x_wconf 86' lang='lat' dir='ltr'><strong>qui</strong></span> <span class='ocrx_word' id='word_1_150' title='bbox 944 2160 1100 2223; x_wconf 88' lang='lat' dir='ltr'><strong>eamdem</strong></span> <span class='ocrx_word' id='word_1_151' title='bbox 1117 2158 1234 2223; x_wconf 88' lang='lat' dir='ltr'><strong>orandi</strong></span> 
     </span>
     <span class='ocr_line' id='line_1_19' title="bbox 123 2260 1234 2346; baseline 0 -21"><span class='ocrx_word' id='word_1_152' title='bbox 123 2260 305 2326; x_wconf 84' lang='lat' dir='ltr'><strong>formulam</strong></span> <span class='ocrx_word' id='word_1_153' title='bbox 334 2264 508 2345; x_wconf 90' lang='lat' dir='ltr'><strong>conceptis</strong></span> <span class='ocrx_word' id='word_1_154' title='bbox 530 2264 640 2327; x_wconf 86' lang='lat' dir='ltr'><strong>verbis</strong></span> <span class='ocrx_word' id='word_1_155' title='bbox 671 2264 810 2328; x_wconf 88' lang='lat' dir='ltr'><strong>tradidit</strong></span> <span class='ocrx_word' id='word_1_156' title='bbox 840 2274 965 2341; x_wconf 86' lang='lat' dir='ltr'><strong>auctor,</strong></span> <span class='ocrx_word' id='word_1_157' title='bbox 996 2264 1234 2346; x_wconf 85' lang='lat' dir='ltr'><strong>praecepitque</strong></span> 
     </span>
     <span class='ocr_line' id='line_1_20' title="bbox 121 2365 1233 2451; baseline -0.004 -17"><span class='ocrx_word' id='word_1_158' title='bbox 121 2365 378 2435; x_wconf 80' lang='lat' dir='ltr'><strong>adhibendam:</strong></span> <span class='ocrx_word' id='word_1_159' title='bbox 401 2365 462 2431; x_wconf 78' lang='lat' dir='ltr'><strong>Sic</strong></span> <span class='ocrx_word' id='word_1_160' title='bbox 475 2386 551 2449; x_wconf 80' lang='lat' dir='ltr'><strong>ergo</strong></span> <span class='ocrx_word' id='word_1_161' title='bbox 566 2388 623 2431; x_wconf 82' lang='lat' dir='ltr'><strong>vos</strong></span> <span class='ocrx_word' id='word_1_162' title='bbox 644 2366 783 2431; x_wconf 68' lang='lat' dir='ltr'><strong>orabitis</strong></span> <span class='ocrx_word' id='word_1_163' title='bbox 798 2366 848 2451; x_wconf 86' lang='lat'><strong>(¹).</strong></span> <span class='ocrx_word' id='word_1_164' title='bbox 871 2368 979 2431; x_wconf 87' lang='lat' dir='ltr'><strong>Nobis</strong></span> <span class='ocrx_word' id='word_1_165' title='bbox 1005 2370 1106 2450; x_wconf 90' lang='lat' dir='ltr'><strong>igitur</strong></span> <span class='ocrx_word' id='word_1_166' title='bbox 1131 2367 1233 2431; x_wconf 89' lang='lat' dir='ltr'><strong>talem</strong></span> 
     </span>
     <span class='ocr_line' id='line_1_21' title="bbox 123 2469 1234 2555; baseline -0.002 -20"><span class='ocrx_word' id='word_1_167' title='bbox 123 2471 409 2555; x_wconf 87' lang='lat' dir='ltr'><strong>praeceptionem,</strong></span> <span class='ocrx_word' id='word_1_168' title='bbox 426 2469 559 2534; x_wconf 90' lang='lat' dir='ltr'><strong>Rosarii</strong></span> <span class='ocrx_word' id='word_1_169' title='bbox 583 2471 658 2546; x_wconf 89' lang='lat' dir='ltr'><strong>ritu,</strong></span> <span class='ocrx_word' id='word_1_170' title='bbox 673 2471 930 2535; x_wconf 89' lang='lat' dir='ltr'><strong>observantibus</strong></span> <span class='ocrx_word' id='word_1_171' title='bbox 947 2472 1162 2554; x_wconf 89' lang='lat' dir='ltr'><strong>propensiore</strong></span> <span class='ocrx_word' id='word_1_172' title='bbox 1177 2469 1234 2533; x_wconf 92' lang='lat' dir='ltr'><strong>illa</strong></span> 
     </span>
    </p>
   </div>
   <div class='ocr_carea' id='block_1_10' title="bbox 122 2572 1235 2866">
    <p class='ocr_par' dir='ltr' id='par_1_10' title="bbox 122 2572 1235 2866">
     <span class='ocr_line' id='line_1_22' title="bbox 122 2572 1234 2656; baseline 0 -19"><span class='ocrx_word' id='word_1_173' title='bbox 122 2576 308 2652; x_wconf 83' lang='lat' dir='ltr'><strong>voluntate,</strong></span> <span class='ocrx_word' id='word_1_174' title='bbox 323 2593 367 2636; x_wconf 91' lang='lat' dir='ltr'><strong>ne</strong></span> <span class='ocrx_word' id='word_1_175' title='bbox 381 2572 585 2656; x_wconf 88' lang='lat' dir='ltr'><strong>dubitemus,</strong></span> <span class='ocrx_word' id='word_1_176' title='bbox 600 2572 745 2637; x_wconf 88' lang='lat' dir='ltr'><strong>officium</strong></span> <span class='ocrx_word' id='word_1_177' title='bbox 763 2594 871 2653; x_wconf 88' lang='lat' dir='ltr'><strong>suum,</strong></span> <span class='ocrx_word' id='word_1_178' title='bbox 880 2574 1014 2637; x_wconf 87' lang='lat' dir='ltr'><strong>solliciti</strong></span> <span class='ocrx_word' id='word_1_179' title='bbox 1031 2574 1153 2638; x_wconf 87' lang='lat' dir='ltr'><strong>amoris</strong></span> <span class='ocrx_word' id='word_1_180' title='bbox 1166 2574 1234 2655; x_wconf 89' lang='lat' dir='ltr'><strong>ple·</strong></span> 
     </span>
     <span class='ocr_line' id='line_1_23' title="bbox 123 2676 1234 2762; baseline -0.003 -19"><span class='ocrx_word' id='word_1_181' title='bbox 123 2698 217 2758; x_wconf 90' lang='lat' dir='ltr'><strong>num,</strong></span> <span class='ocrx_word' id='word_1_182' title='bbox 231 2679 406 2761; x_wconf 90' lang='lat' dir='ltr'><strong>impendet</strong></span> <span class='ocrx_word' id='word_1_183' title='bbox 419 2699 426 2756; x_wconf 92' lang='lat'><strong>;</strong></span> <span class='ocrx_word' id='word_1_184' title='bbox 441 2678 525 2741; x_wconf 87' lang='lat' dir='ltr'><strong>haec</strong></span> <span class='ocrx_word' id='word_1_185' title='bbox 549 2679 663 2743; x_wconf 88' lang='lat' dir='ltr'><strong>autem</strong></span> <span class='ocrx_word' id='word_1_186' title='bbox 692 2679 837 2760; x_wconf 85' lang='lat' dir='ltr'><strong>mystica</strong></span> <span class='ocrx_word' id='word_1_187' title='bbox 859 2699 995 2762; x_wconf 90' lang='lat' dir='ltr'><strong>precum</strong></span> <span class='ocrx_word' id='word_1_188' title='bbox 1027 2690 1118 2743; x_wconf 89' lang='lat' dir='ltr'><strong>serta</strong></span> <span class='ocrx_word' id='word_1_189' title='bbox 1143 2676 1234 2741; x_wconf 81' lang='lat' dir='ltr'><strong>facili</strong></span> 
     </span>
     <span class='ocr_line' id='line_1_24' title="bbox 123 2781 1235 2866; baseline -0.002 -21"><span class='ocrx_word' id='word_1_190' title='bbox 123 2783 199 2866; x_wconf 87' lang='lat' dir='ltr'><strong>ipsa</strong></span> <span class='ocrx_word' id='word_1_191' title='bbox 214 2782 307 2847; x_wconf 87' lang='lat' dir='ltr'><strong>vultu</strong></span> <span class='ocrx_word' id='word_1_192' title='bbox 323 2782 501 2863; x_wconf 89' lang='lat' dir='ltr'><strong>accipiens,</strong></span> <span class='ocrx_word' id='word_1_193' title='bbox 517 2782 602 2844; x_wconf 91' lang='lat' dir='ltr'><strong>bene</strong></span> <span class='ocrx_word' id='word_1_194' title='bbox 618 2781 712 2865; x_wconf 88' lang='lat' dir='ltr'><strong>largo</strong></span> <span class='ocrx_word' id='word_1_195' title='bbox 723 2802 898 2846; x_wconf 89' lang='lat' dir='ltr'><strong>munerum</strong></span> <span class='ocrx_word' id='word_1_196' title='bbox 916 2784 1067 2864; x_wconf 90' lang='lat' dir='ltr'><strong>praemio</strong></span> <span class='ocrx_word' id='word_1_197' title='bbox 1083 2781 1235 2846; x_wconf 90' lang='lat' dir='ltr'><strong>donabit.</strong></span> 
     </span>
    </p>
   </div>
   <div class='ocr_carea' id='block_1_11' title="bbox 126 2884 1412 2970">
    <p class='ocr_par' dir='ltr' id='par_1_11' title="bbox 126 2884 1412 2970">
     <span class='ocr_line' id='line_1_25' title="bbox 126 2884 1412 2970; baseline 0.001 -19"><span class='ocrx_word' id='word_1_198' title='bbox 126 2888 222 2951; x_wconf 81' lang='lat' dir='ltr'><strong>—In</strong></span> <span class='ocrx_word' id='word_1_199' title='bbox 233 2906 311 2970; x_wconf 91' lang='lat' dir='ltr'><strong>quo,</strong></span> <span class='ocrx_word' id='word_1_200' title='bbox 327 2895 364 2949; x_wconf 93' lang='lat' dir='ltr'><strong>ut</strong></span> <span class='ocrx_word' id='word_1_201' title='bbox 384 2886 652 2950; x_wconf 86' lang='lat' dir='ltr'><strong>liberalissimam</strong></span> <span class='ocrx_word' id='word_1_202' title='bbox 675 2886 862 2951; x_wconf 90' lang='lat' dir='ltr'><strong>bonitatem</strong></span> <span class='ocrx_word' id='word_1_203' title='bbox 894 2888 965 2950; x_wconf 89' lang='lat' dir='ltr'><strong>eius</strong></span> <span class='ocrx_word' id='word_1_204' title='bbox 988 2888 1112 2950; x_wconf 89' lang='lat' dir='ltr'><strong>certius</strong></span> <span class='ocrx_word' id='word_1_205' title='bbox 1138 2884 1235 2948; x_wconf 92' lang='lat' dir='ltr'><strong>nobis</strong></span> <span class='ocrx_word' id='word_1_206' title='bbox 1294 2890 1412 2952; x_wconf 67' lang='lat' dir='ltr'><strong>Mysari-</strong></span> 
     </span>
    </p>
   </div>
   <div class='ocr_carea' id='block_1_12' title="bbox 124 2971 1396 3085">
    <p class='ocr_par' dir='ltr' id='par_1_12' title="bbox 124 2971 1396 3085">
     <span class='ocr_line' id='line_1_26' title="bbox 124 2971 1396 3085; baseline -0.003 -31"><span class='ocrx_word' id='word_1_207' title='bbox 124 2990 352 3073; x_wconf 90' lang='lat' dir='ltr'><strong>polliceamur,</strong></span> <span class='ocrx_word' id='word_1_208' title='bbox 379 3009 446 3052; x_wconf 92' lang='lat' dir='ltr'><strong>non</strong></span> <span class='ocrx_word' id='word_1_209' title='bbox 471 2990 647 3053; x_wconf 87' lang='lat' dir='ltr'><strong>mediocris</strong></span> <span class='ocrx_word' id='word_1_210' title='bbox 674 3010 793 3053; x_wconf 84' lang='lat' dir='ltr'><strong>caussa</strong></span> <span class='ocrx_word' id='word_1_211' title='bbox 820 3000 870 3053; x_wconf 88' lang='lat' dir='ltr'><strong>est</strong></span> <span class='ocrx_word' id='word_1_212' title='bbox 898 2991 931 3052; x_wconf 92' lang='lat' dir='ltr'><strong>in</strong></span> <span class='ocrx_word' id='word_1_213' title='bbox 952 2990 1086 3073; x_wconf 86' lang='lat' dir='ltr'><strong>propria</strong></span> <span class='ocrx_word' id='word_1_214' title='bbox 1103 2988 1235 3053; x_wconf 88' lang='lat' dir='ltr'><strong>Rosarii</strong></span> <span class='ocrx_word' id='word_1_215' title='bbox 1261 2971 1396 3085; x_wconf 57' lang='lat' dir='ltr'><strong>{summ</strong></span> 
     </span>
    </p>
   </div>
   <div class='ocr_carea' id='block_1_13' title="bbox 126 3090 1384 3201">
    <p class='ocr_par' dir='ltr' id='par_1_13' title="bbox 126 3090 1384 3201">
     <span class='ocr_line' id='line_1_27' title="bbox 126 3090 1384 3201; baseline -0.007 -44"><span class='ocrx_word' id='word_1_216' title='bbox 126 3096 265 3172; x_wconf 89' lang='lat' dir='ltr'><strong>ratione,</strong></span> <span class='ocrx_word' id='word_1_217' title='bbox 280 3096 322 3157; x_wconf 91' lang='lat' dir='ltr'><strong>ad</strong></span> <span class='ocrx_word' id='word_1_218' title='bbox 340 3103 429 3157; x_wconf 87' lang='lat' dir='ltr'><strong>recte</strong></span> <span class='ocrx_word' id='word_1_219' title='bbox 451 3091 616 3156; x_wconf 88' lang='lat' dir='ltr'><strong>orandum</strong></span> <span class='ocrx_word' id='word_1_220' title='bbox 633 3102 784 3175; x_wconf 88' lang='lat' dir='ltr'><strong>perapta.</strong></span> <span class='ocrx_word' id='word_1_221' title='bbox 802 3092 911 3167; x_wconf 89' lang='lat' dir='ltr'><strong>Multa</strong></span> <span class='ocrx_word' id='word_1_222' title='bbox 928 3093 1065 3175; x_wconf 89' lang='lat' dir='ltr'><strong>quidem</strong></span> <span class='ocrx_word' id='word_1_223' title='bbox 1082 3102 1116 3155; x_wconf 90' lang='lat' dir='ltr'><strong>et</strong></span> <span class='ocrx_word' id='word_1_224' title='bbox 1136 3090 1236 3166; x_wconf 88' lang='lat' dir='ltr'><strong>varia,</strong></span> <span class='ocrx_word' id='word_1_225' title='bbox 1262 3102 1384 3201; x_wconf 44' lang='lat' dir='ltr'><strong>mets</strong></span> 
     </span>
    </p>
   </div>
   <div class='ocr_carea' id='block_1_14' title="bbox 124 3194 1417 3281">
    <p class='ocr_par' dir='ltr' id='par_1_14' title="bbox 124 3194 1417 3281">
     <span class='ocr_line' id='line_1_28' title="bbox 124 3194 1417 3281; baseline -0.005 -17"><span class='ocrx_word' id='word_1_226' title='bbox 124 3218 213 3281; x_wconf 86' lang='lat' dir='ltr'><strong>quae</strong></span> <span class='ocrx_word' id='word_1_227' title='bbox 228 3196 375 3262; x_wconf 89' lang='lat' dir='ltr'><strong>hominis</strong></span> <span class='ocrx_word' id='word_1_228' title='bbox 390 3205 442 3259; x_wconf 91' lang='lat' dir='ltr'><strong>est</strong></span> <span class='ocrx_word' id='word_1_229' title='bbox 466 3194 637 3277; x_wconf 80' lang='lat' dir='ltr'><strong>fragilitas,</strong></span> <span class='ocrx_word' id='word_1_230' title='bbox 663 3206 817 3259; x_wconf 89' lang='lat' dir='ltr'><strong>orantem</strong></span> <span class='ocrx_word' id='word_1_231' title='bbox 834 3215 1009 3260; x_wconf 87' lang='lat' dir='ltr'><strong>avocarea</strong></span> <span class='ocrx_word' id='word_1_232' title='bbox 1028 3194 1103 3257; x_wconf 88' lang='lat' dir='ltr'><strong>Deo</strong></span> <span class='ocrx_word' id='word_1_233' title='bbox 1128 3194 1237 3257; x_wconf 92' lang='lat' dir='ltr'><strong>solent</strong></span> <span class='ocrx_word' id='word_1_234' title='bbox 1263 3216 1417 3266; x_wconf 52' lang='lat' dir='ltr'><strong>ameum</strong></span> 
     </span>
    </p>
   </div>
   <div class='ocr_carea' id='block_1_15' title="bbox 124 3284 1383 3407">
    <p class='ocr_par' dir='ltr' id='par_1_15' title="bbox 124 3284 1383 3407">
     <span class='ocr_line' id='line_1_29' title="bbox 124 3284 1383 3407; baseline -0.01 -39"><span class='ocrx_word' id='word_1_235' title='bbox 124 3304 266 3386; x_wconf 89' lang='lat' dir='ltr'><strong>eiusque</strong></span> <span class='ocrx_word' id='word_1_236' title='bbox 292 3300 390 3366; x_wconf 87' lang='lat' dir='ltr'><strong>fidele</strong></span> <span class='ocrx_word' id='word_1_237' title='bbox 421 3301 632 3383; x_wconf 89' lang='lat' dir='ltr'><strong>propositum</strong></span> <span class='ocrx_word' id='word_1_238' title='bbox 661 3302 898 3365; x_wconf 79' lang='lat' dir='ltr'><strong>intervertere:</strong></span> <span class='ocrx_word' id='word_1_239' title='bbox 921 3310 1059 3365; x_wconf 86' lang='lat' dir='ltr'><strong>atvero</strong></span> <span class='ocrx_word' id='word_1_240' title='bbox 1083 3299 1141 3382; x_wconf 92' lang='lat' dir='ltr'><strong>qui</strong></span> <span class='ocrx_word' id='word_1_241' title='bbox 1166 3317 1234 3361; x_wconf 89' lang='lat' dir='ltr'><strong>rem</strong></span> <span class='ocrx_word' id='word_1_242' title='bbox 1262 3284 1383 3407; x_wconf 45' lang='lat' dir='ltr'><strong>{xlm</strong></span> 
     </span>
    </p>
   </div>
   <div class='ocr_carea' id='block_1_16' title="bbox 126 3402 1470 4317">
    <p class='ocr_par' dir='ltr' id='par_1_16' title="bbox 126 3402 1470 4007">
     <span class='ocr_line' id='line_1_30' title="bbox 127 3402 1384 3492; baseline -0.008 -21"><span class='ocrx_word' id='word_1_243' title='bbox 127 3409 230 3489; x_wconf 90' lang='lat' dir='ltr'><strong>probe</strong></span> <span class='ocrx_word' id='word_1_244' title='bbox 246 3415 387 3489; x_wconf 91' lang='lat' dir='ltr'><strong>reputet,</strong></span> <span class='ocrx_word' id='word_1_245' title='bbox 402 3405 563 3468; x_wconf 89' lang='lat' dir='ltr'><strong>continuo</strong></span> <span class='ocrx_word' id='word_1_246' title='bbox 580 3406 758 3487; x_wconf 84' lang='lat' dir='ltr'><strong>perspiciet</strong></span> <span class='ocrx_word' id='word_1_247' title='bbox 773 3416 940 3488; x_wconf 87' lang='lat' dir='ltr'><strong>quantum</strong></span> <span class='ocrx_word' id='word_1_248' title='bbox 958 3406 991 3468; x_wconf 92' lang='lat' dir='ltr'><strong>in</strong></span> <span class='ocrx_word' id='word_1_249' title='bbox 1021 3403 1078 3467; x_wconf 93' lang='lat' dir='ltr'><strong>illo</strong></span> <span class='ocrx_word' id='word_1_250' title='bbox 1095 3402 1236 3469; x_wconf 87' lang='lat' dir='ltr'><strong>efficaci·</strong></span> <span class='ocrx_word' id='word_1_251' title='bbox 1262 3422 1335 3492; x_wconf 53' lang='lat' dir='ltr'><strong>arque</strong></span> <span class='ocrx_word' id='word_1_252' title='bbox 1349 3414 1384 3461; x_wconf 69' lang='lat' dir='ltr'><strong>aa</strong></span> 
     </span>
     <span class='ocr_line' id='line_1_31' title="bbox 127 3482 1388 3610; baseline -0.005 -36"><span class='ocrx_word' id='word_1_253' title='bbox 127 3511 208 3574; x_wconf 90' lang='lat' dir='ltr'><strong>tatis</strong></span> <span class='ocrx_word' id='word_1_254' title='bbox 227 3510 317 3585; x_wconf 90' lang='lat' dir='ltr'><strong>insit,</strong></span> <span class='ocrx_word' id='word_1_255' title='bbox 347 3528 451 3591; x_wconf 89' lang='lat' dir='ltr'><strong>quum</strong></span> <span class='ocrx_word' id='word_1_256' title='bbox 468 3509 511 3571; x_wconf 93' lang='lat' dir='ltr'><strong>ad</strong></span> <span class='ocrx_word' id='word_1_257' title='bbox 535 3509 778 3571; x_wconf 88' lang='lat' dir='ltr'><strong>intendendam</strong></span> <span class='ocrx_word' id='word_1_258' title='bbox 808 3517 957 3595; x_wconf 84' lang='lat' dir='ltr'><strong>mentem</strong></span> <span class='ocrx_word' id='word_1_259' title='bbox 985 3517 1020 3571; x_wconf 89' lang='lat' dir='ltr'><strong>et</strong></span> <span class='ocrx_word' id='word_1_260' title='bbox 1046 3507 1235 3572; x_wconf 88' lang='lat' dir='ltr'><strong>socordiam</strong></span> <span class='ocrx_word' id='word_1_261' title='bbox 1262 3482 1388 3610; x_wconf 48' lang='lat' dir='ltr'><strong>mx?</strong></span> 
     </span>
     <span class='ocr_line' id='line_1_32' title="bbox 128 3608 1470 3689; baseline -0.004 -13"><span class='ocrx_word' id='word_1_262' title='bbox 128 3614 231 3678; x_wconf 91' lang='lat' dir='ltr'><strong>animi</strong></span> <span class='ocrx_word' id='word_1_263' title='bbox 246 3611 497 3688; x_wconf 87' lang='lat' dir='ltr'><strong>excutiendam,</strong></span> <span class='ocrx_word' id='word_1_264' title='bbox 512 3619 585 3675; x_wconf 92' lang='lat' dir='ltr'><strong>tum</strong></span> <span class='ocrx_word' id='word_1_265' title='bbox 596 3612 639 3674; x_wconf 92' lang='lat' dir='ltr'><strong>ad</strong></span> <span class='ocrx_word' id='word_1_266' title='bbox 656 3610 836 3673; x_wconf 90' lang='lat' dir='ltr'><strong>salutarem</strong></span> <span class='ocrx_word' id='word_1_267' title='bbox 853 3610 896 3673; x_wconf 92' lang='lat' dir='ltr'><strong>de</strong></span> <span class='ocrx_word' id='word_1_268' title='bbox 912 3610 1069 3674; x_wconf 79' lang='lat' dir='ltr'><strong>admissis</strong></span> <span class='ocrx_word' id='word_1_269' title='bbox 1085 3608 1236 3673; x_wconf 87' lang='lat' dir='ltr'><strong>dolorem</strong></span> <span class='ocrx_word' id='word_1_270' title='bbox 1263 3620 1310 3661; x_wconf 83' lang='lat' dir='ltr'><strong>tur</strong></span> <span class='ocrx_word' id='word_1_271' title='bbox 1317 3613 1415 3689; x_wconf 56' lang='lat' dir='ltr'><strong>vitem</strong></span> <span class='ocrx_word' id='word_1_272' title='bbox 1467 3614 1470 3619; x_wconf 83' lang='lat'>&#39;</span> 
     </span>
     <span class='ocr_line' id='line_1_33' title="bbox 126 3676 1415 3807; baseline -0.005 -29"><span class='ocrx_word' id='word_1_273' title='bbox 126 3718 347 3782; x_wconf 88' lang='lat' dir='ltr'><strong>excitandum</strong></span> <span class='ocrx_word' id='word_1_274' title='bbox 377 3715 657 3796; x_wconf 89' lang='lat' dir='ltr'><strong>educendumque</strong></span> <span class='ocrx_word' id='word_1_275' title='bbox 681 3714 835 3795; x_wconf 91' lang='lat' dir='ltr'><strong>spiritum</strong></span> <span class='ocrx_word' id='word_1_276' title='bbox 853 3716 885 3777; x_wconf 90' lang='lat' dir='ltr'><strong>in</strong></span> <span class='ocrx_word' id='word_1_277' title='bbox 918 3714 1084 3779; x_wconf 85' lang='lat' dir='ltr'><strong>caelestia.</strong></span> <span class='ocrx_word' id='word_1_278' title='bbox 1101 3711 1238 3795; x_wconf 85' lang='lat' dir='ltr'><strong>Quippe</strong></span> <span class='ocrx_word' id='word_1_279' title='bbox 1255 3676 1415 3807; x_wconf 56' lang='lat' dir='ltr'><strong>ffl&#39;ffi</strong></span> 
     </span>
     <span class='ocr_line' id='line_1_34' title="bbox 127 3808 1388 3937; baseline -0.004 -54"><span class='ocrx_word' id='word_1_280' title='bbox 127 3841 173 3885; x_wconf 86' lang='lat' dir='ltr'><strong>ex</strong></span> <span class='ocrx_word' id='word_1_281' title='bbox 185 3821 328 3899; x_wconf 91' lang='lat' dir='ltr'><strong>duobus,</strong></span> <span class='ocrx_word' id='word_1_282' title='bbox 343 3828 380 3884; x_wconf 93' lang='lat' dir='ltr'><strong>ut</strong></span> <span class='ocrx_word' id='word_1_283' title='bbox 396 3819 629 3902; x_wconf 89' lang='lat' dir='ltr'><strong>percognitum</strong></span> <span class='ocrx_word' id='word_1_284' title='bbox 642 3829 701 3893; x_wconf 88' lang='lat' dir='ltr'><strong>est,</strong></span> <span class='ocrx_word' id='word_1_285' title='bbox 713 3827 847 3884; x_wconf 86' lang='lat' dir='ltr'><strong>constat</strong></span> <span class='ocrx_word' id='word_1_286' title='bbox 865 3819 1054 3897; x_wconf 88' lang='lat' dir='ltr'><strong>Rosarium,</strong></span> <span class='ocrx_word' id='word_1_287' title='bbox 1069 3819 1237 3883; x_wconf 90' lang='lat' dir='ltr'><strong>distinctis</strong></span> <span class='ocrx_word' id='word_1_288' title='bbox 1262 3808 1388 3937; x_wconf 46' lang='grc' dir='ltr'><strong>2ζῖἷίζέ</strong></span> 
     </span>
     <span class='ocr_line' id='line_1_35' title="bbox 131 3922 1238 4007; baseline -0.001 -21"><span class='ocrx_word' id='word_1_289' title='bbox 131 3925 215 3991; x_wconf 90' lang='lat' dir='ltr'><strong>inter</strong></span> <span class='ocrx_word' id='word_1_290' title='bbox 230 3946 266 3989; x_wconf 89' lang='lat' dir='ltr'><strong>se</strong></span> <span class='ocrx_word' id='word_1_291' title='bbox 281 3924 543 4007; x_wconf 90' lang='lat' dir='ltr'><strong>coniunctisque,</strong></span> <span class='ocrx_word' id='word_1_292' title='bbox 560 3922 779 3988; x_wconf 85' lang='lat' dir='ltr'><strong>meditatione</strong></span> <span class='ocrx_word' id='word_1_293' title='bbox 796 3925 1031 4006; x_wconf 88' lang='lat' dir='ltr'><strong>mysteriorum</strong></span> <span class='ocrx_word' id='word_1_294' title='bbox 1044 3932 1079 3987; x_wconf 90' lang='lat' dir='ltr'><strong>et</strong></span> <span class='ocrx_word' id='word_1_295' title='bbox 1091 3932 1167 3986; x_wconf 87' lang='lat' dir='ltr'><strong>acta</strong></span> <span class='ocrx_word' id='word_1_296' title='bbox 1180 3942 1238 4004; x_wconf 87' lang='lat' dir='ltr'><strong>per</strong></span> 
     </span>
    </p>

    <p class='ocr_par' dir='ltr' id='par_1_17' title="bbox 131 4014 1238 4317">
     <span class='ocr_line' id='line_1_36' title="bbox 131 4014 1237 4111; baseline -0.003 -19"><span class='ocrx_word' id='word_1_297' title='bbox 131 4048 246 4094; x_wconf 85' lang='lat' dir='ltr'><strong>vocem</strong></span> <span class='ocrx_word' id='word_1_298' title='bbox 269 4014 473 4111; x_wconf 88' lang='lat' dir='ltr'><strong>precatione.</strong></span> <span class='ocrx_word' id='word_1_299' title='bbox 488 4025 655 4110; x_wconf 85' lang='lat' dir='ltr'><strong>Quocirca</strong></span> <span class='ocrx_word' id='word_1_300' title='bbox 679 4020 743 4090; x_wconf 77' lang='lat' dir='ltr'><strong>hoc</strong></span> <span class='ocrx_word' id='word_1_301' title='bbox 757 4046 865 4109; x_wconf 88' lang='lat' dir='ltr'><strong>genus</strong></span> <span class='ocrx_word' id='word_1_302' title='bbox 889 4028 1006 4091; x_wconf 87' lang='lat' dir='ltr'><strong>orandi</strong></span> <span class='ocrx_word' id='word_1_303' title='bbox 1036 4028 1237 4109; x_wconf 86' lang='lat' dir='ltr'><strong>peculiarem</strong></span> 
     </span>
     <span class='ocr_line' id='line_1_37' title="bbox 131 4131 1238 4215; baseline -0.005 -17"><span class='ocrx_word' id='word_1_304' title='bbox 131 4135 312 4215; x_wconf 88' lang='lat' dir='ltr'><strong>quamdam</strong></span> <span class='ocrx_word' id='word_1_305' title='bbox 343 4131 490 4197; x_wconf 86' lang='lat' dir='ltr'><strong>hominis</strong></span> <span class='ocrx_word' id='word_1_306' title='bbox 520 4131 744 4196; x_wconf 87' lang='lat' dir='ltr'><strong>attentionem</strong></span> <span class='ocrx_word' id='word_1_307' title='bbox 769 4132 958 4208; x_wconf 87' lang='lat' dir='ltr'><strong>desiderat;</strong></span> <span class='ocrx_word' id='word_1_308' title='bbox 981 4152 1048 4215; x_wconf 88' lang='lat' dir='ltr'><strong>qua</strong></span> <span class='ocrx_word' id='word_1_309' title='bbox 1071 4132 1238 4208; x_wconf 85' lang='lat' dir='ltr'><strong>nimirum,</strong></span> 
     </span>
     <span class='ocr_line' id='line_1_38' title="bbox 133 4234 1237 4317; baseline -0.005 -16"><span class='ocrx_word' id='word_1_310' title='bbox 133 4237 317 4301; x_wconf 88' lang='lat' dir='ltr'><strong>nonsolum</strong></span> <span class='ocrx_word' id='word_1_311' title='bbox 335 4247 483 4301; x_wconf 88' lang='lat' dir='ltr'><strong>mentem</strong></span> <span class='ocrx_word' id='word_1_312' title='bbox 500 4238 542 4301; x_wconf 93' lang='lat' dir='ltr'><strong>ad</strong></span> <span class='ocrx_word' id='word_1_313' title='bbox 561 4234 673 4299; x_wconf 92' lang='lat' dir='ltr'><strong>Deum</strong></span> <span class='ocrx_word' id='word_1_314' title='bbox 690 4235 792 4300; x_wconf 92' lang='lat' dir='ltr'><strong>modo</strong></span> <span class='ocrx_word' id='word_1_315' title='bbox 804 4235 917 4317; x_wconf 88' lang='lat' dir='ltr'><strong>aliquo</strong></span> <span class='ocrx_word' id='word_1_316' title='bbox 928 4234 1061 4316; x_wconf 87' lang='lat' dir='ltr'><strong>dirigat,</strong></span> <span class='ocrx_word' id='word_1_317' title='bbox 1077 4253 1191 4298; x_wconf 89' lang='lat' dir='ltr'><strong>verum</strong></span> <span class='ocrx_word' id='word_1_318' title='bbox 1204 4235 1237 4296; x_wconf 90' lang='lat' dir='ltr'><strong>in</strong></span> 
     </span>
    </p>
   </div>
   <div class='ocr_carea' id='block_1_17' title="bbox 165 4341 381 4427">
    <p class='ocr_par' dir='ltr' id='par_1_18' title="bbox 165 4341 381 4427">
     <span class='ocr_line' id='line_1_39' title="bbox 165 4341 381 4427; baseline -0.014 -13"><span class='ocrx_word' id='word_1_319' title='bbox 165 4380 184 4414; x_wconf 80' lang='lat' dir='ltr'><strong>n</strong></span> <span class='ocrx_word' id='word_1_320' title='bbox 197 4368 299 4422; x_wconf 67' lang='lat' dir='ltr'><strong>Matala,</strong></span> <span class='ocrx_word' id='word_1_321' title='bbox 310 4341 381 4427; x_wconf 53' lang='lat' dir='ltr'><strong>vno</strong></span> 
     </span>
    </p>
   </div>
   <div class='ocr_carea' id='block_1_18' title="bbox 0 0 1580 4859">
    <p class='ocr_par' dir='ltr' id='par_1_19' title="bbox 0 0 1580 4859">
     <span class='ocr_line' id='line_1_40' title="bbox 0 0 1580 4859; baseline 0 0"><span class='ocrx_word' id='word_1_322' title='bbox 0 0 1580 4859; x_wconf 95' lang='lat' dir='ltr'><strong> </strong></span> 
     </span>
    </p>
   </div>
  </div>
 </body>
</html>
